<?xml version="1.0" encoding="UTF-8"?>
<!DOCTYPE html PUBLIC "-//W3C//DTD XHTML 1.0 Transitional//EN"
    "http://www.w3.org/TR/xhtml1/DTD/xhtml1-transitional.dtd">
<html xmlns="http://www.w3.org/1999/xhtml" xml:lang="en" lang="en">
 <head>
  <title>
</title>
<meta http-equiv="Content-Type" content="text/html;charset=utf-8" />
  <meta name='ocr-system' content='tesseract 3.04.00' />
  <meta name='ocr-capabilities' content='ocr_page ocr_carea ocr_par ocr_line ocrx_word'/>
</head>
<body>
  <div class='ocr_page' id='page_1' title='image "./anaximandermile00neuhgoog/anaximandermile00neuhgoog_0262.png"; bbox 0 0 2860 4906; ppageno 0'>
   <div class='ocr_carea' id='block_1_1' title="bbox 596 363 649 418">
    <p class='ocr_par' dir='ltr' id='par_1_1' title="bbox 596 363 649 418">
     <span class='ocr_line' id='line_1_1' title="bbox 596 363 649 418; baseline -0.019 0"><span class='ocrx_word' id='word_1_1' title='bbox 596 363 649 418; x_wconf 76' lang='grc'><strong>287</strong></span> 
     </span>
    </p>
   </div>
   <div class='ocr_carea' id='block_1_2' title="bbox 70 534 1183 3695">
    <p class='ocr_par' dir='ltr' id='par_1_2' title="bbox 70 534 1181 1148">
     <span class='ocr_line' id='line_1_2' title="bbox 70 534 1180 619; baseline 0.004 -21"><span class='ocrx_word' id='word_1_2' title='bbox 70 553 142 600; x_wconf 90' lang='lat' dir='ltr'><strong>vero</strong></span> <span class='ocrx_word' id='word_1_3' title='bbox 164 553 241 601; x_wconf 90' lang='lat' dir='ltr'><strong>esse</strong></span> <span class='ocrx_word' id='word_1_4' title='bbox 265 555 362 619; x_wconf 89' lang='lat' dir='ltr'><strong>posse</strong></span> <span class='ocrx_word' id='word_1_5' title='bbox 390 553 458 600; x_wconf 90' lang='lat' dir='ltr'><strong>rem</strong></span> <span class='ocrx_word' id='word_1_6' title='bbox 482 535 660 618; x_wconf 88' lang='lat' dir='ltr'><strong>separatim</strong></span> <span class='ocrx_word' id='word_1_7' title='bbox 684 534 725 600; x_wconf 88' lang='lat' dir='ltr'><strong>ab</strong></span> <span class='ocrx_word' id='word_1_8' title='bbox 754 534 922 601; x_wconf 88' lang='lat' dir='ltr'><strong>elementis</strong></span> <span class='ocrx_word' id='word_1_9' title='bbox 959 555 1017 618; x_wconf 91' lang='lat' dir='ltr'><strong>per</strong></span> <span class='ocrx_word' id='word_1_10' title='bbox 1042 555 1078 602; x_wconf 89' lang='lat' dir='ltr'><strong>se</strong></span> <span class='ocrx_word' id='word_1_11' title='bbox 1106 557 1180 602; x_wconf 93' lang='lat' dir='ltr'><strong>con-</strong></span> 
     </span>
     <span class='ocr_line' id='line_1_3' title="bbox 70 641 1179 728; baseline 0.002 -20"><span class='ocrx_word' id='word_1_12' title='bbox 70 650 211 710; x_wconf 85' lang='lat' dir='ltr'><strong>stantem</strong></span> <span class='ocrx_word' id='word_1_13' title='bbox 240 642 319 727; x_wconf 90' lang='lat' dir='ltr'><strong>(non</strong></span> <span class='ocrx_word' id='word_1_14' title='bbox 342 664 438 728; x_wconf 88' lang='lat' dir='ltr'><strong>posse</strong></span> <span class='ocrx_word' id='word_1_15' title='bbox 459 641 709 726; x_wconf 58' lang='lat' dir='ltr'><strong>conuictam).</strong></span> <span class='ocrx_word' id='word_1_16' title='bbox 754 643 803 708; x_wconf 82' lang='lat' dir='ltr'><strong>Ex</strong></span> <span class='ocrx_word' id='word_1_17' title='bbox 832 644 892 709; x_wconf 90' lang='lat' dir='ltr'><strong>hac</strong></span> <span class='ocrx_word' id='word_1_18' title='bbox 913 644 1109 712; x_wconf 79' lang='lat' dir='ltr'>refutatione</span> <span class='ocrx_word' id='word_1_19' title='bbox 1131 665 1179 711; x_wconf 86' lang='lat' dir='ltr'><strong>se-</strong></span> 
     </span>
     <span class='ocr_line' id='line_1_4' title="bbox 71 753 1181 835; baseline 0.001 -16"><span class='ocrx_word' id='word_1_20' title='bbox 71 757 188 835; x_wconf 86' lang='lat' dir='ltr'><strong>quitur,</strong></span> <span class='ocrx_word' id='word_1_21' title='bbox 223 760 259 820; x_wconf 89' lang='lat' dir='ltr'><strong>ut</strong></span> <span class='ocrx_word' id='word_1_22' title='bbox 280 761 428 820; x_wconf 90' lang='lat' dir='ltr'><strong>naturam</strong></span> <span class='ocrx_word' id='word_1_23' title='bbox 462 755 552 819; x_wconf 89' lang='lat' dir='ltr'><strong>illam</strong></span> <span class='ocrx_word' id='word_1_24' title='bbox 586 753 727 820; x_wconf 90' lang='lat' dir='ltr'><strong>mediam</strong></span> <span class='ocrx_word' id='word_1_25' title='bbox 750 753 987 820; x_wconf 78' lang='lat' dir='ltr'><strong>Anaximandri</strong></span> <span class='ocrx_word' id='word_1_26' title='bbox 1020 756 1181 821; x_wconf 89' lang='lat' dir='ltr'><strong>sententia</strong></span> 
     </span>
     <span class='ocr_line' id='line_1_5' title="bbox 70 863 1181 948; baseline 0.004 -21"><span class='ocrx_word' id='word_1_27' title='bbox 70 883 131 929; x_wconf 93' lang='lat' dir='ltr'><strong>non</strong></span> <span class='ocrx_word' id='word_1_28' title='bbox 154 870 250 948; x_wconf 86' lang='lat' dir='ltr'><strong>putet</strong></span> <span class='ocrx_word' id='word_1_29' title='bbox 272 866 438 930; x_wconf 82' lang='lat' dir='ltr'><strong>materiam</strong></span> <span class='ocrx_word' id='word_1_30' title='bbox 467 883 540 929; x_wconf 87' lang='lat' dir='ltr'><strong>esse</strong></span> <span class='ocrx_word' id='word_1_31' title='bbox 571 865 669 929; x_wconf 91' lang='lat' dir='ltr'><strong>nullis</strong></span> <span class='ocrx_word' id='word_1_32' title='bbox 698 863 908 946; x_wconf 88' lang='lat' dir='ltr'><strong>qualitatibus</strong></span> <span class='ocrx_word' id='word_1_33' title='bbox 931 863 1098 931; x_wconf 88' lang='lat' dir='ltr'><strong>definitam</strong></span> <span class='ocrx_word' id='word_1_34' title='bbox 1122 865 1181 931; x_wconf 88' lang='lat' dir='ltr'><strong>sed</strong></span> 
     </span>
     <span class='ocr_line' id='line_1_6' title="bbox 71 973 1180 1066; baseline 0.002 -28"><span class='ocrx_word' id='word_1_35' title='bbox 71 975 285 1066; x_wconf 79' lang='lat' dir='ltr'><strong>substantiam</strong></span> <span class='ocrx_word' id='word_1_36' title='bbox 308 994 366 1058; x_wconf 85' lang='lat' dir='ltr'><strong>per</strong></span> <span class='ocrx_word' id='word_1_37' title='bbox 397 993 432 1040; x_wconf 93' lang='lat' dir='ltr'><strong>se</strong></span> <span class='ocrx_word' id='word_1_38' title='bbox 453 979 670 1040; x_wconf 59' lang='lat' dir='ltr'><strong>constantem*</strong></span> <span class='ocrx_word' id='word_1_39' title='bbox 691 993 815 1056; x_wconf 86' lang='lat' dir='ltr'><strong>suaque</strong></span> <span class='ocrx_word' id='word_1_40' title='bbox 849 973 991 1056; x_wconf 87' lang='lat' dir='ltr'><strong>quadam</strong></span> <span class='ocrx_word' id='word_1_41' title='bbox 1022 976 1180 1056; x_wconf 78' lang='lat' dir='ltr'><strong>qualitate</strong></span> 
     </span>
     <span class='ocr_line' id='line_1_7' title="bbox 73 1088 225 1148; baseline 0.013 -2"><span class='ocrx_word' id='word_1_42' title='bbox 73 1088 225 1148; x_wconf 89' lang='lat' dir='ltr'><strong>utentem.</strong></span> 
     </span>
    </p>

    <p class='ocr_par' dir='ltr' id='par_1_3' title="bbox 71 1191 1183 3695">
     <span class='ocr_line' id='line_1_8' title="bbox 172 1191 1180 1275; baseline 0.002 -17"><span class='ocrx_word' id='word_1_43' title='bbox 172 1193 333 1275; x_wconf 85' lang='lat' dir='ltr'><strong>Denique,</strong></span> <span class='ocrx_word' id='word_1_44' title='bbox 356 1191 443 1275; x_wconf 92' lang='lat' dir='ltr'><strong>quod</strong></span> <span class='ocrx_word' id='word_1_45' title='bbox 464 1193 709 1258; x_wconf 80' lang='lat' dir='ltr'><strong>ratiocinatione</strong></span> <span class='ocrx_word' id='word_1_46' title='bbox 735 1193 876 1275; x_wconf 85' lang='lat' dir='ltr'><strong>quadam</strong></span> <span class='ocrx_word' id='word_1_47' title='bbox 899 1195 1122 1275; x_wconf 72' lang='lat' dir='ltr'><strong>conclusimus,</strong></span> <span class='ocrx_word' id='word_1_48' title='bbox 1147 1195 1180 1260; x_wconf 91' lang='lat' dir='ltr'><strong>id</strong></span> 
     </span>
     <span class='ocr_line' id='line_1_9' title="bbox 71 1301 1179 1386; baseline 0.002 -21"><span class='ocrx_word' id='word_1_49' title='bbox 71 1301 266 1368; x_wconf 82' lang='lat' dir='ltr'><strong>Aristoteles</strong></span> <span class='ocrx_word' id='word_1_50' title='bbox 289 1303 386 1368; x_wconf 88' lang='lat' dir='ltr'><strong>etiam</strong></span> <span class='ocrx_word' id='word_1_51' title='bbox 407 1303 527 1386; x_wconf 84' lang='lat' dir='ltr'><strong>apertis</strong></span> <span class='ocrx_word' id='word_1_52' title='bbox 555 1302 662 1368; x_wconf 86' lang='lat' dir='ltr'><strong>verbis</strong></span> <span class='ocrx_word' id='word_1_53' title='bbox 689 1301 860 1385; x_wconf 82' lang='lat' dir='ltr'><strong>significat,</strong></span> <span class='ocrx_word' id='word_1_54' title='bbox 893 1323 943 1385; x_wconf 89' lang='lat' dir='ltr'><strong>co,</strong></span> <span class='ocrx_word' id='word_1_55' title='bbox 975 1304 1059 1386; x_wconf 84' lang='lat' dir='ltr'><strong>quod</strong></span> <span class='ocrx_word' id='word_1_56' title='bbox 1090 1312 1122 1370; x_wconf 91' lang='lat' dir='ltr'><strong>et</strong></span> <span class='ocrx_word' id='word_1_57' title='bbox 1141 1302 1179 1368; x_wconf 81' lang='grc' dir='ltr'><strong>τό</strong></span> 
     </span>
     <span class='ocr_line' id='line_1_10' title="bbox 72 1405 1181 1496; baseline 0.008 -25"><span class='ocrx_word' id='word_1_58' title='bbox 72 1409 162 1494; x_wconf 82' lang='grc' dir='ltr'><em>παρὰ</em></span> <span class='ocrx_word' id='word_1_59' title='bbox 187 1405 228 1474; x_wconf 78' lang='grc' dir='ltr'><strong>τὰ</strong></span> <span class='ocrx_word' id='word_1_60' title='bbox 250 1415 398 1491; x_wconf 78' lang='grc' dir='ltr'><strong><em>στοιχεῖα</em></strong></span> <span class='ocrx_word' id='word_1_61' title='bbox 420 1417 452 1476; x_wconf 92' lang='lat' dir='ltr'><strong>et</strong></span> <span class='ocrx_word' id='word_1_62' title='bbox 473 1405 512 1474; x_wconf 80' lang='grc' dir='ltr'><strong>τὸ</strong></span> <span class='ocrx_word' id='word_1_63' title='bbox 535 1406 656 1492; x_wconf 80' lang='grc' dir='ltr'><strong><em>μεταξὺ</em></strong></span> <span class='ocrx_word' id='word_1_64' title='bbox 678 1411 759 1495; x_wconf 87' lang='lat' dir='ltr'><strong>ipsis</strong></span> <span class='ocrx_word' id='word_1_65' title='bbox 776 1412 883 1480; x_wconf 84' lang='lat' dir='ltr'><strong>verbis</strong></span> <span class='ocrx_word' id='word_1_66' title='bbox 905 1420 972 1480; x_wconf 86' lang='lat' dir='ltr'><strong>tum</strong></span> <span class='ocrx_word' id='word_1_67' title='bbox 985 1415 1090 1496; x_wconf 81' lang='grc' dir='ltr'><em>σῶμα,</em></span> <span class='ocrx_word' id='word_1_68' title='bbox 1114 1421 1181 1480; x_wconf 86' lang='lat' dir='ltr'><strong>tum</strong></span> 
     </span>
     <span class='ocr_line' id='line_1_11' title="bbox 73 1505 1180 1606; baseline 0.002 -20"><span class='ocrx_word' id='word_1_69' title='bbox 73 1527 168 1602; x_wconf 80' lang='grc' dir='ltr'><em>σῶμα</em></span> <span class='ocrx_word' id='word_1_70' title='bbox 183 1520 354 1602; x_wconf 79' lang='grc' dir='ltr'><strong><em>χωριστόν,</em></strong></span> <span class='ocrx_word' id='word_1_71' title='bbox 378 1525 446 1586; x_wconf 90' lang='lat' dir='ltr'><strong>tum</strong></span> <span class='ocrx_word' id='word_1_72' title='bbox 460 1525 556 1602; x_wconf 76' lang='grc' dir='ltr'><strong><em>σῶμα</em></strong></span> <span class='ocrx_word' id='word_1_73' title='bbox 567 1505 730 1605; x_wconf 65' lang='lat' dir='ltr'><strong>clottario</strong></span> <span class='ocrx_word' id='word_1_74' title='bbox 743 1523 898 1606; x_wconf 90' lang='lat' dir='ltr'><strong>appellat.</strong></span> <span class='ocrx_word' id='word_1_75' title='bbox 933 1524 1075 1589; x_wconf 87' lang='lat' dir='ltr'><strong>Primum</strong></span> <span class='ocrx_word' id='word_1_76' title='bbox 1096 1525 1180 1589; x_wconf 89' lang='lat' dir='ltr'><strong>enim</strong></span> 
     </span>
     <span class='ocr_line' id='line_1_12' title="bbox 74 1631 1180 1718; baseline 0.004 -22"><span class='ocrx_word' id='word_1_77' title='bbox 74 1653 127 1698; x_wconf 89' lang='lat' dir='ltr'><strong>eos</strong></span> <span class='ocrx_word' id='word_1_78' title='bbox 150 1631 316 1718; x_wconf 86' lang='lat' dir='ltr'><strong>physicos,</strong></span> <span class='ocrx_word' id='word_1_79' title='bbox 339 1632 441 1715; x_wconf 89' lang='lat' dir='ltr'><strong>quiid</strong></span> <span class='ocrx_word' id='word_1_80' title='bbox 459 1632 546 1715; x_wconf 90' lang='lat' dir='ltr'><strong>quod</strong></span> <span class='ocrx_word' id='word_1_81' title='bbox 568 1641 618 1698; x_wconf 89' lang='lat' dir='ltr'><strong>est</strong></span> <span class='ocrx_word' id='word_1_82' title='bbox 635 1653 732 1699; x_wconf 90' lang='lat' dir='ltr'><strong>unum</strong></span> <span class='ocrx_word' id='word_1_83' title='bbox 748 1639 871 1716; x_wconf 86' lang='lat' dir='ltr'><strong>ponant</strong></span> <span class='ocrx_word' id='word_1_84' title='bbox 892 1653 1009 1718; x_wconf 82' lang='lat' dir='ltr'><strong>corpus</strong></span> <span class='ocrx_word' id='word_1_85' title='bbox 1032 1634 1180 1700; x_wconf 90' lang='lat' dir='ltr'><strong>omnibns</strong></span> 
     </span>
     <span class='ocr_line' id='line_1_13' title="bbox 74 1736 1181 1829; baseline 0.003 -22"><span class='ocrx_word' id='word_1_86' title='bbox 74 1742 254 1807; x_wconf 78' lang='lat' dir='ltr'><strong>subiectum</strong></span> <span class='ocrx_word' id='word_1_87' title='bbox 284 1737 333 1824; x_wconf 72' lang='grc' dir='ltr'><strong>(ἓν</strong></span> <span class='ocrx_word' id='word_1_88' title='bbox 354 1743 450 1824; x_wconf 82' lang='grc' dir='ltr'><em>σῶμα</em></span> <span class='ocrx_word' id='word_1_89' title='bbox 472 1736 512 1806; x_wconf 74' lang='grc' dir='ltr'><strong>τό</strong></span> <span class='ocrx_word' id='word_1_90' title='bbox 535 1737 772 1824; x_wconf 77' lang='grc' dir='ltr'><em>ὑποκείμενον),</em></span> <span class='ocrx_word' id='word_1_91' title='bbox 809 1744 842 1809; x_wconf 85' lang='lat' dir='ltr'><strong>id</strong></span> <span class='ocrx_word' id='word_1_92' title='bbox 864 1763 979 1829; x_wconf 85' lang='lat' dir='ltr'><strong>corpus</strong></span> <span class='ocrx_word' id='word_1_93' title='bbox 1013 1743 1094 1810; x_wconf 86' lang='lat' dir='ltr'><strong>dicit</strong></span> <span class='ocrx_word' id='word_1_94' title='bbox 1126 1751 1181 1810; x_wconf 84' lang='lat' dir='ltr'><strong>aut</strong></span> 
     </span>
     <span class='ocr_line' id='line_1_14' title="bbox 74 1851 1180 1938; baseline 0.004 -22"><span class='ocrx_word' id='word_1_95' title='bbox 74 1872 171 1918; x_wconf 91' lang='lat' dir='ltr'><strong>unum</strong></span> <span class='ocrx_word' id='word_1_96' title='bbox 194 1872 212 1918; x_wconf 88' lang='lat' dir='ltr'><strong>e</strong></span> <span class='ocrx_word' id='word_1_97' title='bbox 235 1851 338 1918; x_wconf 88' lang='lat' dir='ltr'><strong>tribus</strong></span> <span class='ocrx_word' id='word_1_98' title='bbox 362 1853 529 1918; x_wconf 90' lang='lat' dir='ltr'><strong>elementis</strong></span> <span class='ocrx_word' id='word_1_99' title='bbox 552 1859 609 1936; x_wconf 85' lang='lat' dir='ltr'><strong>aut</strong></span> <span class='ocrx_word' id='word_1_100' title='bbox 630 1858 778 1918; x_wconf 88' lang='lat' dir='ltr'><strong>naturam</strong></span> <span class='ocrx_word' id='word_1_101' title='bbox 798 1855 880 1919; x_wconf 92' lang='lat' dir='ltr'><strong>inter</strong></span> <span class='ocrx_word' id='word_1_102' title='bbox 892 1873 1000 1920; x_wconf 88' lang='lat' dir='ltr'><strong>aerem</strong></span> <span class='ocrx_word' id='word_1_103' title='bbox 1023 1862 1055 1920; x_wconf 94' lang='lat' dir='ltr'><strong>et</strong></span> <span class='ocrx_word' id='word_1_104' title='bbox 1072 1855 1180 1938; x_wconf 87' lang='lat' dir='ltr'><strong>ignem</strong></span> 
     </span>
     <span class='ocr_line' id='line_1_15' title="bbox 74 1959 1181 2047; baseline 0.002 -21"><span class='ocrx_word' id='word_1_105' title='bbox 74 1961 213 2028; x_wconf 89' lang='lat' dir='ltr'><strong>mediam</strong></span> <span class='ocrx_word' id='word_1_106' title='bbox 225 1979 356 2046; x_wconf 85' lang='lat' dir='ltr'><strong>ponere,</strong></span> <span class='ocrx_word' id='word_1_107' title='bbox 368 1959 449 2026; x_wconf 85' lang='lat' dir='ltr'><strong>dicit</strong></span> <span class='ocrx_word' id='word_1_108' title='bbox 459 1959 568 2043; x_wconf 85' lang='lat' dir='ltr'><strong>igitur,</strong></span> <span class='ocrx_word' id='word_1_109' title='bbox 583 1959 665 2026; x_wconf 87' lang='lat' dir='ltr'><strong>lranc</strong></span> <span class='ocrx_word' id='word_1_110' title='bbox 678 1968 827 2026; x_wconf 88' lang='lat' dir='ltr'><strong>naturam</strong></span> <span class='ocrx_word' id='word_1_111' title='bbox 841 1960 982 2027; x_wconf 90' lang='lat' dir='ltr'><strong>mediam</strong></span> <span class='ocrx_word' id='word_1_112' title='bbox 997 1961 1119 2047; x_wconf 84' lang='lat' dir='ltr'><strong>pariter</strong></span> <span class='ocrx_word' id='word_1_113' title='bbox 1133 1969 1181 2028; x_wconf 90' lang='lat' dir='ltr'><strong>at-</strong></span> 
     </span>
     <span class='ocr_line' id='line_1_16' title="bbox 74 2071 1181 2155; baseline 0 -17"><span class='ocrx_word' id='word_1_114' title='bbox 74 2091 135 2154; x_wconf 91' lang='lat' dir='ltr'><strong>que</strong></span> <span class='ocrx_word' id='word_1_115' title='bbox 152 2074 323 2154; x_wconf 88' lang='lat' dir='ltr'><strong>elementa,</strong></span> <span class='ocrx_word' id='word_1_116' title='bbox 336 2071 478 2154; x_wconf 89' lang='lat' dir='ltr'><strong>aliquam</strong></span> <span class='ocrx_word' id='word_1_117' title='bbox 492 2071 670 2154; x_wconf 85' lang='lat' dir='ltr'><strong>corporis</strong></span> <span class='ocrx_word' id='word_1_118' title='bbox 686 2073 826 2155; x_wconf 84' lang='lat' dir='ltr'><strong>speciem</strong></span> <span class='ocrx_word' id='word_1_119' title='bbox 838 2090 920 2149; x_wconf 87' lang='lat' dir='ltr'><strong>esse,</strong></span> <span class='ocrx_word' id='word_1_120' title='bbox 936 2071 1033 2154; x_wconf 87' lang='lat' dir='ltr'><strong>idque</strong></span> <span class='ocrx_word' id='word_1_121' title='bbox 1046 2091 1084 2137; x_wconf 91' lang='lat' dir='ltr'><strong>eo</strong></span> <span class='ocrx_word' id='word_1_122' title='bbox 1100 2072 1181 2154; x_wconf 87' lang='lat' dir='ltr'><strong>loco,</strong></span> 
     </span>
     <span class='ocr_line' id='line_1_17' title="bbox 75 2169 1180 2266; baseline 0.001 -18"><span class='ocrx_word' id='word_1_123' title='bbox 75 2201 137 2264; x_wconf 91' lang='lat' dir='ltr'><strong>quo</strong></span> <span class='ocrx_word' id='word_1_124' title='bbox 157 2187 270 2266; x_wconf 87' lang='lat' dir='ltr'><strong>aperte</strong></span> <span class='ocrx_word' id='word_1_125' title='bbox 285 2169 562 2247; x_wconf 86' lang='lat' dir='ltr'><strong>Anaximandrum</strong></span> <span class='ocrx_word' id='word_1_126' title='bbox 573 2179 734 2264; x_wconf 85' lang='lat' dir='ltr'><strong>significat</strong></span> <span class='ocrx_word' id='word_1_127' title='bbox 756 2200 838 2263; x_wconf 85' lang='lat' dir='ltr'><strong>curn,</strong></span> <span class='ocrx_word' id='word_1_128' title='bbox 862 2182 917 2264; x_wconf 92' lang='lat' dir='ltr'><strong>qui</strong></span> <span class='ocrx_word' id='word_1_129' title='bbox 934 2180 1022 2248; x_wconf 88' lang='lat' dir='ltr'><strong>illam</strong></span> <span class='ocrx_word' id='word_1_130' title='bbox 1033 2188 1180 2249; x_wconf 89' lang='lat' dir='ltr'><strong>naturam</strong></span> 
     </span>
     <span class='ocr_line' id='line_1_18' title="bbox 76 2290 1179 2377; baseline 0.003 -21"><span class='ocrx_word' id='word_1_131' title='bbox 76 2290 216 2357; x_wconf 89' lang='lat' dir='ltr'><strong>mediam</strong></span> <span class='ocrx_word' id='word_1_132' title='bbox 238 2290 382 2377; x_wconf 56' lang='lat' dir='ltr'><strong>ponae).</strong></span> <span class='ocrx_word' id='word_1_133' title='bbox 425 2291 500 2357; x_wconf 82' lang='lat' dir='ltr'><strong>Alio</strong></span> <span class='ocrx_word' id='word_1_134' title='bbox 522 2293 592 2356; x_wconf 91' lang='lat' dir='ltr'><strong>loco</strong></span> <span class='ocrx_word' id='word_1_135' title='bbox 615 2309 680 2373; x_wconf 90' lang='lat' dir='ltr'><strong>eos,</strong></span> <span class='ocrx_word' id='word_1_136' title='bbox 708 2292 762 2373; x_wconf 94' lang='lat' dir='ltr'><strong>qui</strong></span> <span class='ocrx_word' id='word_1_137' title='bbox 784 2291 930 2357; x_wconf 91' lang='lat' dir='ltr'><strong>omnibus</strong></span> <span class='ocrx_word' id='word_1_138' title='bbox 962 2311 1058 2358; x_wconf 90' lang='lat' dir='ltr'><strong>unam</strong></span> <span class='ocrx_word' id='word_1_139' title='bbox 1080 2313 1179 2376; x_wconf 86' lang='lat' dir='ltr'><strong>quan·</strong></span> 
     </span>
     <span class='ocr_line' id='line_1_19' title="bbox 76 2400 1181 2484; baseline 0.001 -18"><span class='ocrx_word' id='word_1_140' title='bbox 76 2400 151 2466; x_wconf 89' lang='lat' dir='ltr'><strong>dam</strong></span> <span class='ocrx_word' id='word_1_141' title='bbox 174 2421 241 2467; x_wconf 91' lang='lat' dir='ltr'><strong>rern</strong></span> <span class='ocrx_word' id='word_1_142' title='bbox 273 2401 385 2468; x_wconf 89' lang='lat' dir='ltr'><strong>dicant</strong></span> <span class='ocrx_word' id='word_1_143' title='bbox 405 2402 581 2468; x_wconf 88' lang='lat' dir='ltr'><strong>subiectam</strong></span> <span class='ocrx_word' id='word_1_144' title='bbox 606 2421 687 2483; x_wconf 88' lang='lat' dir='ltr'><strong>esse,</strong></span> <span class='ocrx_word' id='word_1_145' title='bbox 714 2408 811 2484; x_wconf 86' lang='lat' dir='ltr'><strong>atque</strong></span> <span class='ocrx_word' id='word_1_146' title='bbox 844 2401 972 2483; x_wconf 88' lang='lat' dir='ltr'><strong>quidem</strong></span> <span class='ocrx_word' id='word_1_147' title='bbox 1006 2407 1061 2468; x_wconf 90' lang='lat' dir='ltr'><strong>aut</strong></span> <span class='ocrx_word' id='word_1_148' title='bbox 1082 2423 1181 2468; x_wconf 92' lang='lat' dir='ltr'><strong>unum</strong></span> 
     </span>
     <span class='ocr_line' id='line_1_20' title="bbox 76 2511 1181 2595; baseline 0.004 -21"><span class='ocrx_word' id='word_1_149' title='bbox 76 2531 93 2574; x_wconf 91' lang='lat' dir='ltr'><strong>e</strong></span> <span class='ocrx_word' id='word_1_150' title='bbox 123 2511 228 2577; x_wconf 90' lang='lat' dir='ltr'><strong>tribus</strong></span> <span class='ocrx_word' id='word_1_151' title='bbox 262 2513 432 2579; x_wconf 90' lang='lat' dir='ltr'><strong>elementis</strong></span> <span class='ocrx_word' id='word_1_152' title='bbox 467 2518 523 2578; x_wconf 89' lang='lat' dir='ltr'><strong>aut</strong></span> <span class='ocrx_word' id='word_1_153' title='bbox 558 2517 707 2578; x_wconf 90' lang='lat' dir='ltr'><strong>naturam</strong></span> <span class='ocrx_word' id='word_1_154' title='bbox 749 2511 912 2594; x_wconf 88' lang='lat' dir='ltr'><strong>quandam</strong></span> <span class='ocrx_word' id='word_1_155' title='bbox 945 2512 1029 2578; x_wconf 90' lang='lat' dir='ltr'><strong>inter</strong></span> <span class='ocrx_word' id='word_1_156' title='bbox 1063 2532 1181 2595; x_wconf 88' lang='lat' dir='ltr'><strong>aquarn</strong></span> 
     </span>
     <span class='ocr_line' id='line_1_21' title="bbox 76 2620 1180 2706; baseline 0.001 -20"><span class='ocrx_word' id='word_1_157' title='bbox 76 2627 107 2686; x_wconf 89' lang='lat' dir='ltr'><strong>et</strong></span> <span class='ocrx_word' id='word_1_158' title='bbox 128 2640 237 2688; x_wconf 87' lang='lat' dir='ltr'><strong>aerem</strong></span> <span class='ocrx_word' id='word_1_159' title='bbox 259 2620 409 2705; x_wconf 87' lang='lat' dir='ltr'><strong>mediam,</strong></span> <span class='ocrx_word' id='word_1_160' title='bbox 434 2640 474 2687; x_wconf 91' lang='lat' dir='ltr'><strong>ea</strong></span> <span class='ocrx_word' id='word_1_161' title='bbox 494 2627 586 2706; x_wconf 88' lang='lat' dir='ltr'><strong>parte</strong></span> <span class='ocrx_word' id='word_1_162' title='bbox 609 2623 778 2706; x_wconf 89' lang='lat' dir='ltr'><strong>vituperat,</strong></span> <span class='ocrx_word' id='word_1_163' title='bbox 813 2621 899 2704; x_wconf 89' lang='lat' dir='ltr'><strong>quod</strong></span> <span class='ocrx_word' id='word_1_164' title='bbox 923 2620 1096 2688; x_wconf 79' lang='lat' dir='ltr'><strong>honorem</strong></span> <span class='ocrx_word' id='word_1_165' title='bbox 1118 2627 1180 2687; x_wconf 86' lang='lat' dir='ltr'><strong>sta-</strong></span> 
     </span>
     <span class='ocr_line' id='line_1_22' title="bbox 76 2721 1181 2824; baseline 0.002 -29"><span class='ocrx_word' id='word_1_166' title='bbox 76 2737 167 2795; x_wconf 86' lang='lat' dir='ltr'><strong>tuant</strong></span> <span class='ocrx_word' id='word_1_167' title='bbox 188 2749 260 2797; x_wconf 87' lang='lat' dir='ltr'><strong>esse</strong></span> <span class='ocrx_word' id='word_1_168' title='bbox 281 2725 527 2817; x_wconf 68' lang='grc' dir='ltr'><strong><em>’σωματικὴν</em></strong></span> <span class='ocrx_word' id='word_1_169' title='bbox 553 2730 617 2795; x_wconf 85' lang='grc' dir='ltr'><strong>καὶ</strong></span> <span class='ocrx_word' id='word_1_170' title='bbox 639 2729 816 2824; x_wconf 68' lang='grc' dir='ltr'><em>μέγεθος</em></span> <span class='ocrx_word' id='word_1_171' title='bbox 844 2721 1074 2812; x_wconf 69' lang='lat' dir='ltr'><strong>i&#39;xooonv&#39;³);</strong></span> <span class='ocrx_word' id='word_1_172' title='bbox 1103 2750 1181 2815; x_wconf 83' lang='lat' dir='ltr'><strong>ergo</strong></span> 
     </span>
     <span class='ocr_line' id='line_1_23' title="bbox 77 2837 1180 2926; baseline 0.004 -24"><span class='ocrx_word' id='word_1_173' title='bbox 77 2837 137 2904; x_wconf 83' lang='lat' dir='ltr'><strong>lroc</strong></span> <span class='ocrx_word' id='word_1_174' title='bbox 159 2859 287 2923; x_wconf 90' lang='lat' dir='ltr'><strong>quoque</strong></span> <span class='ocrx_word' id='word_1_175' title='bbox 309 2841 380 2906; x_wconf 92' lang='lat' dir='ltr'><strong>loco</strong></span> <span class='ocrx_word' id='word_1_176' title='bbox 403 2847 549 2907; x_wconf 86' lang='lat' dir='ltr'><strong>naturam</strong></span> <span class='ocrx_word' id='word_1_177' title='bbox 569 2842 659 2907; x_wconf 90' lang='lat' dir='ltr'><strong>illam</strong></span> <span class='ocrx_word' id='word_1_178' title='bbox 678 2840 817 2907; x_wconf 89' lang='lat' dir='ltr'><strong>mediam</strong></span> <span class='ocrx_word' id='word_1_179' title='bbox 833 2841 976 2923; x_wconf 84' lang='lat' dir='ltr'><strong>aliquam</strong></span> <span class='ocrx_word' id='word_1_180' title='bbox 998 2842 1180 2926; x_wconf 85' lang='lat' dir='ltr'><strong>corporis</strong></span> 
     </span>
     <span class='ocr_line' id='line_1_24' title="bbox 77 2950 1180 3035; baseline 0.004 -23"><span class='ocrx_word' id='word_1_181' title='bbox 77 2950 218 3033; x_wconf 83' lang='lat' dir='ltr'><strong>speciem</strong></span> <span class='ocrx_word' id='word_1_182' title='bbox 251 2950 405 3035; x_wconf 89' lang='lat' dir='ltr'><strong>appellat.</strong></span> <span class='ocrx_word' id='word_1_183' title='bbox 455 2950 581 3016; x_wconf 87' lang='lat' dir='ltr'><strong>Deinde</strong></span> <span class='ocrx_word' id='word_1_184' title='bbox 612 2952 720 3033; x_wconf 89' lang='lat' dir='ltr'><strong>aliquo</strong></span> <span class='ocrx_word' id='word_1_185' title='bbox 751 2952 832 3032; x_wconf 92' lang='lat' dir='ltr'><strong>loco,</strong></span> <span class='ocrx_word' id='word_1_186' title='bbox 868 2971 930 3034; x_wconf 91' lang='lat' dir='ltr'><strong>quo</strong></span> <span class='ocrx_word' id='word_1_187' title='bbox 964 2952 1109 3016; x_wconf 88' lang='lat' dir='ltr'><strong>consulto</strong></span> <span class='ocrx_word' id='word_1_188' title='bbox 1139 2950 1180 3016; x_wconf 91' lang='lat' dir='ltr'><strong>dc</strong></span> 
     </span>
     <span class='ocr_line' id='line_1_25' title="bbox 77 3049 1181 3142; baseline 0.002 -19"><span class='ocrx_word' id='word_1_189' title='bbox 77 3061 210 3125; x_wconf 87' lang='lat' dir='ltr'><strong>materia</strong></span> <span class='ocrx_word' id='word_1_190' title='bbox 231 3061 310 3142; x_wconf 83' lang='lat' dir='ltr'><strong>agit,</strong></span> <span class='ocrx_word' id='word_1_191' title='bbox 334 3079 400 3141; x_wconf 89' lang='lat' dir='ltr'><strong>eos,</strong></span> <span class='ocrx_word' id='word_1_192' title='bbox 434 3062 489 3142; x_wconf 90' lang='lat' dir='ltr'><strong>qui</strong></span> <span class='ocrx_word' id='word_1_193' title='bbox 516 3059 548 3124; x_wconf 79' lang='lat' dir='ltr'><strong>el</strong></span> <span class='ocrx_word' id='word_1_194' title='bbox 573 3049 664 3142; x_wconf 74' lang='grc' dir='ltr'><em>παρὰ</em></span> <span class='ocrx_word' id='word_1_195' title='bbox 685 3053 892 3140; x_wconf 75' lang='grc' dir='ltr'><strong><em>τὰστοιχεῖα</em></strong></span> <span class='ocrx_word' id='word_1_196' title='bbox 923 3080 1020 3126; x_wconf 87' lang='lat' dir='ltr'><strong>unam</strong></span> <span class='ocrx_word' id='word_1_197' title='bbox 1041 3063 1181 3125; x_wconf 91' lang='lat' dir='ltr'><strong>omnium</strong></span> 
     </span>
     <span class='ocr_line' id='line_1_26' title="bbox 76 3169 1181 3254; baseline 0.003 -23"><span class='ocrx_word' id='word_1_198' title='bbox 76 3188 181 3234; x_wconf 87' lang='lat' dir='ltr'><strong>rerum</strong></span> <span class='ocrx_word' id='word_1_199' title='bbox 206 3170 375 3235; x_wconf 80' lang='lat' dir='ltr'><strong>materiam</strong></span> <span class='ocrx_word' id='word_1_200' title='bbox 406 3177 537 3254; x_wconf 89' lang='lat' dir='ltr'><strong>ponant,</strong></span> <span class='ocrx_word' id='word_1_201' title='bbox 569 3190 608 3236; x_wconf 92' lang='lat' dir='ltr'><strong>ea</strong></span> <span class='ocrx_word' id='word_1_202' title='bbox 640 3177 732 3253; x_wconf 90' lang='lat' dir='ltr'><strong>parte</strong></span> <span class='ocrx_word' id='word_1_203' title='bbox 762 3169 891 3253; x_wconf 89' lang='lat' dir='ltr'><strong>refellit,</strong></span> <span class='ocrx_word' id='word_1_204' title='bbox 929 3170 1016 3253; x_wconf 89' lang='lat' dir='ltr'><strong>quod</strong></span> <span class='ocrx_word' id='word_1_205' title='bbox 1049 3171 1109 3236; x_wconf 90' lang='lat' dir='ltr'><strong>hoc</strong></span> <span class='ocrx_word' id='word_1_206' title='bbox 1142 3170 1181 3234; x_wconf 79' lang='grc' dir='ltr'><strong>τὸ</strong></span> 
     </span>
     <span class='ocr_line' id='line_1_27' title="bbox 78 3271 1181 3364; baseline 0.003 -24"><span class='ocrx_word' id='word_1_207' title='bbox 78 3277 170 3361; x_wconf 79' lang='grc' dir='ltr'><em>παρὰ</em></span> <span class='ocrx_word' id='word_1_208' title='bbox 199 3279 239 3342; x_wconf 84' lang='grc' dir='ltr'><strong>τὰ</strong></span> <span class='ocrx_word' id='word_1_209' title='bbox 259 3283 407 3360; x_wconf 77' lang='grc' dir='ltr'><strong><em>στοιχεῖα</em></strong></span> <span class='ocrx_word' id='word_1_210' title='bbox 438 3273 687 3362; x_wconf 53' lang='grc' dir='ltr'><strong><em>(σωματικὸν</em></strong></span> <span class='ocrx_word' id='word_1_211' title='bbox 714 3278 778 3343; x_wconf 81' lang='grc' dir='ltr'><strong>καὶ</strong></span> <span class='ocrx_word' id='word_1_212' title='bbox 799 3271 1021 3364; x_wconf 77' lang='grc' dir='ltr'><strong><em>χωριστόν’,</em></strong></span> <span class='ocrx_word' id='word_1_213' title='bbox 1052 3282 1113 3358; x_wconf 87' lang='lat' dir='ltr'><strong>vcl,</strong></span> <span class='ocrx_word' id='word_1_214' title='bbox 1147 3285 1181 3345; x_wconf 86' lang='lat' dir='ltr'><strong>ut</strong></span> 
     </span>
     <span class='ocr_line' id='line_1_28' title="bbox 78 3381 1180 3476; baseline 0.002 -23"><span class='ocrx_word' id='word_1_215' title='bbox 78 3391 228 3456; x_wconf 90' lang='lat' dir='ltr'><strong>continuo</strong></span> <span class='ocrx_word' id='word_1_216' title='bbox 251 3397 325 3476; x_wconf 91' lang='lat' dir='ltr'><strong>post</strong></span> <span class='ocrx_word' id='word_1_217' title='bbox 347 3390 403 3473; x_wconf 89' lang='lat' dir='ltr'><strong>ait,</strong></span> <span class='ocrx_word' id='word_1_218' title='bbox 427 3383 557 3472; x_wconf 63' lang='lat' dir='ltr'><strong>‘empto</strong></span> <span class='ocrx_word' id='word_1_219' title='bbox 578 3381 792 3474; x_wconf 77' lang='lat' dir='ltr'><strong>uictiqerlr&#39;</strong></span> <span class='ocrx_word' id='word_1_220' title='bbox 814 3409 886 3455; x_wconf 84' lang='lat' dir='ltr'><strong>esse</strong></span> <span class='ocrx_word' id='word_1_221' title='bbox 912 3392 1020 3469; x_wconf 89' lang='lat' dir='ltr'><strong>velint,</strong></span> <span class='ocrx_word' id='word_1_222' title='bbox 1047 3389 1180 3467; x_wconf 88' lang='lat' dir='ltr'><strong>addens,</strong></span> 
     </span>
     <span class='ocr_line' id='line_1_29' title="bbox 80 3488 1183 3584; baseline 0.001 -22"><span class='ocrx_word' id='word_1_223' title='bbox 80 3497 163 3565; x_wconf 90' lang='lat' dir='ltr'><strong>hano</strong></span> <span class='ocrx_word' id='word_1_224' title='bbox 196 3520 304 3566; x_wconf 90' lang='lat' dir='ltr'><strong>eorum</strong></span> <span class='ocrx_word' id='word_1_225' title='bbox 326 3501 520 3567; x_wconf 88' lang='lat' dir='ltr'><strong>sententiam</strong></span> <span class='ocrx_word' id='word_1_226' title='bbox 550 3521 631 3584; x_wconf 89' lang='lat' dir='ltr'><strong>esse,</strong></span> <span class='ocrx_word' id='word_1_227' title='bbox 664 3503 719 3584; x_wconf 88' lang='lat' dir='ltr'><strong>qui</strong></span> <span class='ocrx_word' id='word_1_228' title='bbox 747 3501 786 3565; x_wconf 81' lang='grc' dir='ltr'><strong>τὸ</strong></span> <span class='ocrx_word' id='word_1_229' title='bbox 819 3488 960 3580; x_wconf 68' lang='grc' dir='ltr'><strong><em>ἄπειρον</em></strong></span> <span class='ocrx_word' id='word_1_230' title='bbox 993 3500 1183 3584; x_wconf 84' lang='lat' dir='ltr'><strong>principium</strong></span> 
     </span>
     <span class='ocr_line' id='line_1_30' title="bbox 79 3608 1182 3695; baseline -0.002 -21"><span class='ocrx_word' id='word_1_231' title='bbox 79 3613 241 3694; x_wconf 83' lang='lat' dir='ltr'><strong>ponant⁴).</strong></span> <span class='ocrx_word' id='word_1_232' title='bbox 285 3609 440 3676; x_wconf 84' lang='lat' dir='ltr'><strong>Similiter</strong></span> <span class='ocrx_word' id='word_1_233' title='bbox 472 3613 505 3675; x_wconf 91' lang='lat' dir='ltr'><strong>in</strong></span> <span class='ocrx_word' id='word_1_234' title='bbox 542 3609 761 3695; x_wconf 83' lang='lat' dir='ltr'><strong>disputatione</strong></span> <span class='ocrx_word' id='word_1_235' title='bbox 794 3610 836 3676; x_wconf 90' lang='lat' dir='ltr'><strong>de</strong></span> <span class='ocrx_word' id='word_1_236' title='bbox 871 3609 1003 3685; x_wconf 85' lang='lat' dir='ltr'><strong>infinito,</strong></span> <span class='ocrx_word' id='word_1_237' title='bbox 1036 3609 1091 3690; x_wconf 91' lang='lat' dir='ltr'><strong>ibi,</strong></span> <span class='ocrx_word' id='word_1_238' title='bbox 1126 3608 1182 3675; x_wconf 90' lang='lat' dir='ltr'><strong>nbi</strong></span> 
     </span>
    </p>
   </div>
   <div class='ocr_carea' id='block_1_3' title="bbox 169 3749 1182 3955">
    <p class='ocr_par' dir='ltr' id='par_1_4' title="bbox 169 3749 1182 3955">
     <span class='ocr_line' id='line_1_31' title="bbox 169 3749 917 3860; baseline 0.004 -18"><span class='ocrx_word' id='word_1_239' title='bbox 169 3749 206 3855; x_wconf 12' lang='lat' dir='ltr'><strong>(l)</strong></span> <span class='ocrx_word' id='word_1_240' title='bbox 226 3787 287 3843; x_wconf 89' lang='lat' dir='ltr'><strong>Vid.</strong></span> <span class='ocrx_word' id='word_1_241' title='bbox 307 3805 392 3857; x_wconf 85' lang='lat' dir='ltr'><strong>supra</strong></span> <span class='ocrx_word' id='word_1_242' title='bbox 411 3806 438 3857; x_wconf 89' lang='lat' dir='ltr'><strong>p.</strong></span> <span class='ocrx_word' id='word_1_243' title='bbox 459 3790 503 3857; x_wconf 81' lang='lat'><strong>53,</strong></span> <span class='ocrx_word' id='word_1_244' title='bbox 524 3792 553 3858; x_wconf 78' lang='lat'><strong>13</strong></span> <span class='ocrx_word' id='word_1_245' title='bbox 573 3769 620 3858; x_wconf 75' lang='lat' dir='ltr'><strong>6e;</strong></span> <span class='ocrx_word' id='word_1_246' title='bbox 640 3791 682 3844; x_wconf 83' lang='lat'><strong>91.</strong></span> <span class='ocrx_word' id='word_1_247' title='bbox 912 3849 917 3860; x_wconf 57' lang='grc'>,</span> 
     </span>
     <span class='ocr_line' id='line_1_32' title="bbox 184 3884 1182 3955; baseline -0.001 -18"><span class='ocrx_word' id='word_1_248' title='bbox 184 3885 210 3950; x_wconf 91' lang='grc'><strong>2)</strong></span> <span class='ocrx_word' id='word_1_249' title='bbox 229 3884 310 3955; x_wconf 84' lang='lat' dir='ltr'><strong>Phys.</strong></span> <span class='ocrx_word' id='word_1_250' title='bbox 321 3884 343 3952; x_wconf 89' lang='lat'><strong>1,</strong></span> <span class='ocrx_word' id='word_1_251' title='bbox 354 3887 379 3939; x_wconf 83' lang='lat'><strong>4.</strong></span> <span class='ocrx_word' id='word_1_252' title='bbox 395 3887 463 3939; x_wconf 74' lang='grc' dir='ltr'><strong>187ιι</strong></span> <span class='ocrx_word' id='word_1_253' title='bbox 481 3887 522 3939; x_wconf 87' lang='grc'><strong>12.</strong></span> <span class='ocrx_word' id='word_1_254' title='bbox 542 3884 614 3939; x_wconf 87' lang='lat' dir='ltr'><strong>Vide</strong></span> <span class='ocrx_word' id='word_1_255' title='bbox 624 3903 708 3955; x_wconf 84' lang='lat' dir='ltr'><strong>supra</strong></span> <span class='ocrx_word' id='word_1_256' title='bbox 720 3901 748 3954; x_wconf 92' lang='lat' dir='ltr'><strong>p.</strong></span> <span class='ocrx_word' id='word_1_257' title='bbox 759 3886 802 3954; x_wconf 87' lang='lat'><strong>61,</strong></span> <span class='ocrx_word' id='word_1_258' title='bbox 815 3886 843 3954; x_wconf 85' lang='lat' dir='ltr'><strong>l;</strong></span> <span class='ocrx_word' id='word_1_259' title='bbox 865 3886 929 3954; x_wconf 72' lang='lat'><strong>1523</strong></span> <span class='ocrx_word' id='word_1_260' title='bbox 951 3886 1001 3938; x_wconf 84' lang='lat'><strong>162</strong></span> <span class='ocrx_word' id='word_1_261' title='bbox 1012 3901 1075 3940; x_wconf 88' lang='lat' dir='ltr'><strong>curn</strong></span> <span class='ocrx_word' id='word_1_262' title='bbox 1087 3887 1145 3938; x_wconf 92' lang='lat' dir='ltr'><strong>not.</strong></span> <span class='ocrx_word' id='word_1_263' title='bbox 1156 3884 1182 3937; x_wconf 86' lang='lat'><strong>2.</strong></span> 
     </span>
    </p>
   </div>
   <div class='ocr_carea' id='block_1_4' title="bbox 84 3980 1183 4130">
    <p class='ocr_par' dir='ltr' id='par_1_5' title="bbox 84 3980 1183 4130">
     <span class='ocr_line' id='line_1_33' title="bbox 181 3980 1183 4052; baseline -0.002 -18"><span class='ocrx_word' id='word_1_264' title='bbox 181 3980 208 4050; x_wconf 87' lang='grc'><strong>3)</strong></span> <span class='ocrx_word' id='word_1_265' title='bbox 227 3981 353 4051; x_wconf 83' lang='lat' dir='ltr'><strong>Meteph.</strong></span> <span class='ocrx_word' id='word_1_266' title='bbox 372 3981 394 4044; x_wconf 89' lang='lat'><strong>1,</strong></span> <span class='ocrx_word' id='word_1_267' title='bbox 413 3984 438 4037; x_wconf 85' lang='grc' dir='ltr'><strong>Β.</strong></span> <span class='ocrx_word' id='word_1_268' title='bbox 456 3980 531 4036; x_wconf 72' lang='grc' dir='ltr'><strong>98Θῦ</strong></span> <span class='ocrx_word' id='word_1_269' title='bbox 545 3982 580 4034; x_wconf 90' lang='grc'><strong>22</strong></span> <span class='ocrx_word' id='word_1_270' title='bbox 600 4000 640 4052; x_wconf 86' lang='lat' dir='ltr'><strong>sq.</strong></span> <span class='ocrx_word' id='word_1_271' title='bbox 660 3986 689 4036; x_wconf 90' lang='lat' dir='ltr'><strong>et</strong></span> <span class='ocrx_word' id='word_1_272' title='bbox 701 3983 774 4036; x_wconf 72' lang='grc' dir='ltr'><strong>989Ει</strong></span> <span class='ocrx_word' id='word_1_273' title='bbox 791 3983 832 4036; x_wconf 89' lang='grc'><strong>12.</strong></span> <span class='ocrx_word' id='word_1_274' title='bbox 851 3980 915 4037; x_wconf 84' lang='lat' dir='ltr'><strong>vid.</strong></span> <span class='ocrx_word' id='word_1_275' title='bbox 931 3997 1016 4050; x_wconf 86' lang='lat' dir='ltr'><strong>supra</strong></span> <span class='ocrx_word' id='word_1_276' title='bbox 1034 3995 1061 4050; x_wconf 85' lang='lat' dir='ltr'><strong>p.</strong></span> <span class='ocrx_word' id='word_1_277' title='bbox 1071 3980 1106 4034; x_wconf 88' lang='grc'><strong>62</strong></span> <span class='ocrx_word' id='word_1_278' title='bbox 1124 3984 1183 4033; x_wconf 86' lang='lat' dir='ltr'><strong>not.</strong></span> 
     </span>
     <span class='ocr_line' id='line_1_34' title="bbox 84 4079 188 4130; baseline 0.019 -2"><span class='ocrx_word' id='word_1_279' title='bbox 84 4079 97 4128; x_wconf 94' lang='lat'>1</span> <span class='ocrx_word' id='word_1_280' title='bbox 116 4081 147 4130; x_wconf 86' lang='lat' dir='ltr'><strong>et</strong></span> <span class='ocrx_word' id='word_1_281' title='bbox 165 4079 188 4130; x_wconf 87' lang='grc'><strong>2.</strong></span> 
     </span>
    </p>
   </div>
   <div class='ocr_carea' id='block_1_5' title="bbox 82 4173 1183 4340">
    <p class='ocr_par' dir='ltr' id='par_1_6' title="bbox 82 4173 1183 4340">
     <span class='ocr_line' id='line_1_35' title="bbox 181 4173 1183 4245; baseline -0.002 -17"><span class='ocrx_word' id='word_1_282' title='bbox 181 4176 207 4245; x_wconf 85' lang='grc'><strong>4)</strong></span> <span class='ocrx_word' id='word_1_283' title='bbox 226 4176 293 4231; x_wconf 83' lang='lat' dir='ltr'><strong>Gen.</strong></span> <span class='ocrx_word' id='word_1_284' title='bbox 318 4175 397 4230; x_wconf 79' lang='lat' dir='ltr'><strong>(lorr.</strong></span> <span class='ocrx_word' id='word_1_285' title='bbox 416 4177 452 4234; x_wconf 87' lang='lat' dir='ltr'><strong>Il.</strong></span> <span class='ocrx_word' id='word_1_286' title='bbox 474 4181 496 4229; x_wconf 92' lang='lat' dir='ltr'><strong>l.</strong></span> <span class='ocrx_word' id='word_1_287' title='bbox 517 4177 590 4230; x_wconf 66' lang='lat'><strong>329⁸</strong></span> <span class='ocrx_word' id='word_1_288' title='bbox 605 4179 629 4232; x_wconf 85' lang='lat'><strong>8.</strong></span> <span class='ocrx_word' id='word_1_289' title='bbox 662 4176 725 4231; x_wconf 81' lang='lat' dir='ltr'><strong>Vitl.</strong></span> <span class='ocrx_word' id='word_1_290' title='bbox 751 4193 835 4245; x_wconf 86' lang='lat' dir='ltr'><strong>supra</strong></span> <span class='ocrx_word' id='word_1_291' title='bbox 858 4194 886 4245; x_wconf 89' lang='lat' dir='ltr'><strong>p.</strong></span> <span class='ocrx_word' id='word_1_292' title='bbox 905 4177 940 4228; x_wconf 81' lang='lat'><strong>65</strong></span> <span class='ocrx_word' id='word_1_293' title='bbox 964 4178 1022 4229; x_wconf 89' lang='lat' dir='ltr'><strong>not.</strong></span> <span class='ocrx_word' id='word_1_294' title='bbox 1048 4176 1071 4241; x_wconf 89' lang='lat' dir='ltr'><strong>l,</strong></span> <span class='ocrx_word' id='word_1_295' title='bbox 1095 4176 1124 4226; x_wconf 88' lang='lat' dir='ltr'><strong>et</strong></span> <span class='ocrx_word' id='word_1_296' title='bbox 1147 4173 1183 4227; x_wconf 87' lang='lat' dir='ltr'><strong>of.</strong></span> 
     </span>
     <span class='ocr_line' id='line_1_36' title="bbox 82 4272 189 4340; baseline 0.037 -17"><span class='ocrx_word' id='word_1_297' title='bbox 82 4289 109 4340; x_wconf 90' lang='lat' dir='ltr'><strong>p.</strong></span> <span class='ocrx_word' id='word_1_298' title='bbox 129 4272 189 4327; x_wconf 78' lang='lat'><strong>212.</strong></span> 
     </span>
    </p>
   </div>
   <div class='ocr_carea' id='block_1_6' title="bbox 0 0 1444 4906">
    <p class='ocr_par' dir='ltr' id='par_1_7' title="bbox 0 0 1444 4906">
     <span class='ocr_line' id='line_1_37' title="bbox 0 0 1444 4906; baseline 0 0"><span class='ocrx_word' id='word_1_299' title='bbox 0 0 1444 4906; x_wconf 95' lang='lat' dir='ltr'><strong> </strong></span> 
     </span>
    </p>
   </div>
  </div>
 </body>
</html>
