2864 4910
666 366 718 422 419

244 533 322 598 Cum
338 531 439 616 igitur
462 533 626 615 probabile
641 534 745 600 visum
761 535 811 616 sit,
835 533 1067 600 Anaximenem
1084 533 1125 599 de
1139 535 1241 618 primo

137 617 281 724 quodam
302 643 425 709 vortice
448 649 481 710 et
503 643 711 726 subsequenti
734 642 846 710 mundi
869 644 1077 710 inclinatione
1106 643 1241 710 eandem

141 753 211 817 lere
233 758 330 836 atque
352 753 583 836 Anaxagoram
606 759 638 818 et
660 752 840 836 Diogenem
856 751 1095 836 Apolloniatem
1118 760 1243 820 senten·

140 862 220 926 tiam
242 861 405 936 babuisse,
433 861 555 944 bosque
580 859 664 926 hanc
692 861 883 927 sententiam
917 860 959 926 ab
987 860 1043 926 illo
1066 861 1241 945 accepisse,

141 976 228 1034 certe
250 988 309 1053 per
332 989 366 1034 se
388 989 451 1034 nou
474 967 698 1034 veridissimile
726 973 784 1045 est,
811 973 887 1034 ante
909 968 1144 1034 Anaximeuem
1167 990 1241 1036 ean·
1281 1056 1284 1062 .

141 1079 215 1144 dem
248 1079 439 1143 sententiam
473 1078 535 1141 iam
570 1076 611 1141 ab
654 1075 893 1140 Anaximandro
926 1078 1126 1160 propositam
1158 1099 1241 1144 esse.

141 1188 314 1266 Quaeritur
336 1189 442 1270 igitur,
469 1207 545 1252 num
576 1184 656 1252 baeu
686 1206 737 1252 res
763 1188 959 1270 argumentis
980 1186 1105 1254 idoneis
1128 1188 1240 1254 coufir-

139 1299 221 1362 mari
246 1298 357 1380 possit.
402 1297 451 1361 Ex
466 1297 639 1363 Aristotele
655 1294 856 1362 ostendimus
879 1295 1020 1378 quidem,
1043 1297 1239 1364 Anaximan-

140 1408 234 1473 drum
260 1409 294 1472 in
306 1405 426 1472 mundo
439 1405 624 1488 generando
641 1405 793 1470 vorticem
808 1403 1014 1482 adhibuisse;
1038 1404 1096 1471 sed
1111 1409 1238 1489 qualern

140 1516 225 1584 bunc
247 1516 401 1583 vorticem
425 1516 564 1582 voluerit
586 1536 668 1598 esse,
691 1535 731 1580 ex
743 1514 916 1581 Aristotele
931 1535 996 1580 non
1011 1522 1108 1600 patet.
1133 1516 1240 1596 Quare

139 1624 316 1690 videndum
337 1630 396 1706 est,
418 1645 503 1705 uum,
537 1625 566 1688 si
599 1625 628 1688 ei
662 1623 797 1688 eandem
830 1623 898 1689 fere
930 1632 1027 1708 atque
1048 1626 1240 1691 Anaximeni

141 1739 173 1800 et
194 1735 409 1816 Anaxagorae
438 1732 631 1799 senteutiam
658 1732 838 1809 tribuimus,
862 1751 901 1798 ea
929 1734 962 1798 in
988 1735 1059 1800 eius
1083 1733 1240 1816 doctrina,

141 1863 277 1925 quorum
315 1842 562 1925 explicationem
595 1841 867 1924 desideravimus,
899 1843 995 1926 plane
1033 1843 1239 1927 explicentur.

140 1950 235 2030 Quod
258 1958 293 2018 ut
314 1959 485 2036 appareat,
524 1952 580 2016 illa
602 1953 762 2018 sententia
789 1951 922 2017 adeius
946 1951 1124 2018 doctrinam
1146 1949 1238 2018 adbi-

139 2061 249 2127 benda
272 2068 329 2126 est.

139 2233 337 2243 —n—..—-

138 2339 212 2410 ginis
231 2344 339 2394 tantam
357 2358 416 2394 esse
434 2359 450 2394 a
471 2341 550 2394 nobis
569 2341 741 2408 distantiam,
769 2345 800 2394 ut
819 2340 884 2394 solis
904 2339 978 2394 radii
1005 2340 1070 2393 iude
1095 2357 1152 2393 uon
1178 2358 1239 2409 pos·

140 2442 203 2490 sent
221 2437 315 2491 oeulos
334 2441 444 2492 nostros
465 2437 626 2507 attingere?
663 2437 848 2506 Xenophanes
871 2436 983 2505 quidem
1002 2435 1165 2490 distantiam
1187 2454 1239 2506 po-

139 2538 215 2588 terat
235 2551 360 2588 causeam
378 2537 487 2603 putare,
511 2538 628 2604 propter
648 2551 733 2602 quam
759 2535 825 2587 solis
844 2533 917 2587 radii
935 2551 950 2587 e
970 2537 1120 2602 conspeetu
1140 2551 1237 2588 evane-

138 2635 237 2697 sceret,
266 2630 397 2698 quoniam
416 2635 509 2684 terrae
536 2629 710 2699 superficiem
735 2635 764 2684 et
792 2647 878 2700 supra
902 2630 975 2684 hane
1003 2630 1110 2684 eoelum
1129 2627 1239 2685 infinite

138 2726 253 2780 extendi
264 2726 395 2795 putabat;
414 2727 601 2780 Anaximenes
611 2744 672 2780 meo
684 2727 796 2795 quidem
808 2727 912 2780 iudicio
925 2744 980 2781 nou
989 2729 1109 2795 poterat.
1130 2727 1238 2782 Deinde

139 2823 306 2878 Aristoteles
326 2823 398 2878 Coei.
419 2822 455 2889 ΙΙ,
477 2825 518 2876 13.
538 2825 661 2876 2931>ssss
679 2841 720 2891 aq.
740 2823 789 2890 ait,
809 2841 863 2887 eos,
884 2824 932 2890 qui
951 2827 1057 2877 terram
1075 2824 1189 2893 planam
1208 2830 1236 2879 et

138 2920 266 2988 tympani
279 2920 398 2974 similem
411 2937 469 2974 esse
479 2920 576 2987 velint,
599 2919 634 2974 ad
644 2919 716 2973 hauc
732 2920 899 2974 sententiam
912 2919 1085 2988 probandam
1104 2937 1136 2974 eo
1150 2922 1235 2974 etiam

138 3020 304 3086 argumento
324 3017 375 3083 uti,
395 3015 470 3083 quod
488 3017 529 3070 sol
547 3016 675 3070 occidens
698 3021 797 3070 reeta
822 3016 915 3070 linea
939 3017 1000 3070 sub
1024 3018 1129 3071 maris
1153 3036 1236 3072 mar·

138 3115 252 3185 ginem
270 3113 477 3167 descendere
500 3113 673 3168 videatur.
711 3109 771 3168 Hoc
794 3113 816 3166 si
840 3113 877 3167 ad
899 3113 1100 3167 Anaximenem
1126 3131 1236 3183 quoque

138 3211 313 3282 pertinetn-
334 3211 363 3264 id
382 3210 457 3278 quud
484 3209 663 3264 statuendum
690 3215 740 3273 est,
770 3209 793 3263 si
812 3207 973 3264 Aristotelis
997 3211 1082 3264 verba
1108 3211 1149 3265 ita
1167 3211 1236 3266 aeci·

139 3309 240 3378 pimus,
259 3317 291 3362 ut
311 3307 387 3362 dicta
405 3312 523 3375 sunt-‚
542 3307 676 3375 sequitur,
694 3313 726 3360 ut
744 3307 831 3361 solem
849 3307 994 3376 putaverit
1012 3325 1068 3361 non
1088 3325 1120 3362 ee
1138 3326 1153 3362 e
1173 3325 1236 3363 eon·

139 3411 236 3476 speetu
255 3422 426 3468 evanescere,
445 3405 520 3474 quod
537 3405 647 3474 longius
665 3423 681 3458 a
701 3404 780 3458 uobis
799 3403 925 3472 distaret,
949 3404 997 3458 sed
1016 3421 1057 3471 eo,
1083 3405 1157 3473 qued
1175 3405 1257 3476 ipso¹

138 3507 231 3557 terrae
251 3503 377 3572 margine
395 3503 585 3572 obtegeretur.
622 3501 713 3570 Quare
732 3501 861 3570 equidem
879 3501 1047 3570 putaverim,
1071 3501 1147 3555 illam
1169 3502 1237 3572 Hip-

139 3597 228 3666 polyti
247 3597 414 3652 sententiam
437 3591 621 3664 ‘animentur
643 3614 672 3650 τε
695 3595 744 3650 τὸν
769 3591 843 3662 ἣλιον
866 3592 943 3664 arl.',
970 3614 1042 3666 quae
1064 3598 1140 3666 apud
1163 3598 1237 3653 hune

139 3695 228 3748 solum
246 3694 397 3760 invenitur,
416 3694 452 3747 ab
471 3693 624 3763 Hippolyto
642 3699 692 3748 aut
710 3695 746 3749 ab
765 3711 807 3757 eo,
827 3711 910 3762 quem
929 3695 1105 3763 sequebatur,
1124 3711 1175 3763 per
1194 3712 1235 3750 er·

138 3809 231 3846 rorem
250 3809 267 3844 a
286 3791 457 3860 Xenophane
475 3792 520 3845 vel
539 3791 625 3844 etiam
643 3808 659 3844 a
679 3791 800 3860 quodam
827 3808 933 3860 eorum,
955 3808 1024 3860 quos
1042 3792 1160 3846 Aristot.
1179 3791 1236 3846 Me·

138 3887 426 3955 teor.11,1.354³27
442 3893 579 3944 memorat
598 3887 665 3958 (vid.
683 3907 710 3958 p.
722 3889 784 3952 416,
797 3889 826 3958 2)
845 3890 880 3943 ad
899 3889 1103 3944 Anaximenem
1119 3887 1235 3943 transla-

138 3992 195 4041 tam
215 4004 282 4040 ease.
320 3985 400 4053 Quod
420 3984 443 4040 si
464 4003 519 4038 uon
539 3985 710 4046 conceditur,
729 3985 758 4038 in
777 3986 838 4055 ipsa
848 3986 997 4040 verborum
1010 3985 1130 4040 lectione
1148 4002 1235 4055 grave

139 4083 279 4152 quoddam
294 4083 392 4136 vitium
406 4083 494 4137 inesse
504 4081 659 4153 putandum
679 4087 734 4152 est;
754 4100 817 4137 nam
831 4087 863 4137 ut
874 4098 948 4137 nune
956 4083 1097 4153 leguntur,
1116 4081 1150 4136 ad
1161 4085 1235 4136 Ana·

137 4181 276 4236 ximenem
296 4180 354 4234 sine
377 4180 566 4236 absurditate⁴
581 4197 636 4235 nou
658 4185 774 4250 pessunt
798 4180 933 4242 adhiberi,
962 4181 1021 4235 sive
1039 4179 1158 4250 putabat
1177 4179 1235 4234 sive

138 4297 195 4334 non
213 4278 342 4348 putabat,
361 4278 447 4332 solem
474 4278 548 4332 cirea
567 4282 658 4333 terrae
676 4278 831 4348 marginem
851 4276 1038 4333 circumflecti.
