2862 4910
620 386 673 438 347

209 559 386 641 Postquam
419 560 515 642 igitur
547 559 712 625 stellarum
745 557 839 624 orbes
872 557 905 621 in
936 554 1045 621 mundi
1080 557 1212 620 circuitu

91 666 216 731 effecti
241 673 466 750 sunt,natura
488 667 630 749 humida,
653 668 709 750 qui
733 673 832 732 totum
856 666 990 732 interius
1004 664 1117 730 mundi
1138 685 1213 746 spa·

90 777 187 839 tium
211 779 324 860 replet,
348 777 462 843 ordore
485 779 564 842 solis
593 778 635 856 tis
663 778 749 841 enim
773 775 916 842 secunda
944 773 1055 838 mundi
1077 774 1211 839 orientis

91 891 216 950 aetate
241 886 377 950 cundem
402 886 526 951 obtinet
546 889 662 965 locum,
686 906 780 968 quem
796 886 902 968 prima
917 884 1057 949 obtinuit
1074 882 1214 966 sphaera

93 994 221 1074 ignea)
245 995 459 1060 calefactatur
482 1003 489 1069 t
496 1001 545 1060 est
568 996 651 1059 enim
674 1014 732 1077 per
755 1015 789 1059 se
810 993 944 1076 frigida)
968 1000 999 1056 et
1021 993 1212 1073 exsiccatur,

91 1102 234 1184 hacque
257 1123 292 1168 re
319 1105 438 1187 partim
460 1109 613 1187 evaporat
635 1105 667 1167 in
692 1123 810 1182 aerem,
833 1121 915 1182 eum,
942 1103 997 1182 qui
1024 1107 1129 1165 terrae
1152 1101 1211 1165 cir·

93 1212 275 1277 cumtirsus
299 1229 401 1292 usque
432 1210 474 1274 ad
502 1212 666 1276 stellarum
700 1211 795 1275 orbes
818 1209 967 1292 pertinet,
1002 1209 1091 1273 cuius
1125 1213 1212 1272 motu

94 1321 295 1386 efficiuntur
327 1322 424 1401 venti,
456 1319 573 1402 partim
606 1319 742 1385 vertitur
779 1319 813 1383 in
836 1325 962 1392 terram,
1000 1336 1083 1398 quae
1116 1318 1212 1382 totius

95 1427 221 1492 mundi
252 1428 357 1512 locum
392 1426 534 1491 medium
568 1431 713 1508 occupat,
750 1427 875 1508 reliqua
908 1425 1046 1508 denique
1077 1431 1212 1491 naturae

97 1537 261 1602 humidae
278 1557 365 1620 pars,
387 1557 436 1617 ea,
460 1556 543 1618 quae
567 1537 600 1600 iu
616 1537 703 1600 cavis
720 1541 825 1600 terrae
847 1534 929 1600 locis
942 1534 1097 1610 subsedit,
1122 1555 1211 1600 mare
1253 1590 1260 1608 ,

96 1652 164 1710 est.
210 1645 281 1711 Nec
303 1652 411 1711 tamen
434 1645 515 1710 hacc
540 1645 666 1728 reliqua
688 1651 822 1709 naturae
838 1644 990 1710 humidae
1005 1665 1081 1728 pars
1102 1645 1211 1709 statim

97 1754 179 1838 ipsa
212 1775 271 1838 per
303 1775 377 1820 sese
398 1776 485 1820 mare
509 1759 567 1837 est,
601 1755 648 1818 ita
682 1760 729 1818 ut·
749 1774 838 1818 mare
866 1753 957 1818 mihil
988 1752 1116 1820 sitnisi
1140 1753 1213 1836 ipsa

98 1863 215 1946 prima
243 1870 359 1930 natura
380 1863 524 1944 humida,
559 1863 616 1928 sed
647 1864 719 1947 ipsa
741 1883 868 1946 quoque
897 1864 973 1929 solis
995 1862 1212 1928 exsiccatione

99 1978 233 2038 mutata
255 1979 287 2038 et
308 1972 369 2038 hoc
392 1973 519 2038 demum
543 1971 636 2038 modo
661 1974 694 2037 in
718 1992 805 2038 mare
829 1992 985 2038 conversa
1008 1979 1057 2036 est
1066 1972 1098 2050 ¹).
1122 1971 1212 2035 Post-

99 2102 205 2163 quam
228 2087 313 2146 terra
335 2101 423 2146 mare
445 2102 511 2163 aer,
543 2082 577 2146 id
601 2088 660 2163 est,
694 2083 800 2165 prima
822 2080 934 2146 mundi
957 2080 1122 2147 interioris
1145 2100 1210 2146 ocr-

101 2210 188 2272 pora
212 2196 282 2254 orta
305 2197 387 2268 sunt,
420 2197 595 2272 sequuntur
616 2211 664 2271 ea,
698 2210 780 2272 quae
803 2212 824 2256 a
845 2191 1008 2256 veteribus
1031 2211 1095 2254 uno
1117 2210 1210 2254 voca-

101 2302 183 2365 bulo
221 2300 428 2382 appellantur
472 2308 627 2384 meteora,
663 2301 763 2365 veluti
800 2302 898 2379 venti,
936 2299 1047 2382 nubes,
1082 2298 1210 2379 imbres,

100 2411 240 2492 fulgura
261 2430 300 2474 ac
321 2412 470 2492 tonitrua,
499 2430 582 2492 quae
604 2409 847 2475 Anaximander
874 2410 915 2474 ab
945 2408 1060 2474 iisdem
1087 2408 1211 2473 caussis

100 2519 237 2602 repetit,
259 2520 377 2601 quibus
401 2519 569 2601 hucusque
598 2539 674 2585 usus
699 2527 757 2600 cst,
785 2541 806 2585 a
827 2525 984 2602 perpetua
1005 2520 1132 2584 actione
1155 2539 1208 2583 na·

101 2635 199 2694 turae
221 2628 338 2711 igneae
361 2630 392 2692 in
415 2634 563 2692 naturam
585 2628 761 2710 humidam,
792 2629 825 2693 id
848 2635 906 2701 est,
940 2629 1015 2693 solis
1039 2629 1212 2692 interram

101 2758 195 2803 mare
218 2756 327 2801 aerem
349 2757 369 2800 a
390 2742 507 2800 natura
530 2737 664 2802 humida
686 2744 770 2817 orta3
794 2739 885 2803 cuius
907 2740 952 2803 rei
975 2738 1086 2819 aliqua
1106 2756 1210 2802 exem-

103 2848 163 2927 pla
185 2847 250 2910 alio
271 2846 343 2910 loco
366 2845 562 2911 adderentur.
759 2852 760 2856 ’

209 2955 319 3020 Tertia
342 2953 482 3035 denique
505 2961 595 3020 aetas
619 2974 658 3020 ea
679 2962 738 3037 est,
762 2975 825 3037 qua
847 2955 1000 3019 animalia
1014 2958 1210 3036 generantur

103 3071 137 3130 et
161 3065 306 3147 plantae,
331 3084 525 3147 quamquam
548 3064 629 3130 hacc
654 3071 746 3130 aetas
762 3070 905 3148 tempore
921 3063 1052 3145 quidem
1067 3083 1087 3126 a
1102 3064 1210 3146 priore

103 3195 171 3239 non
195 3191 325 3256 prorsus
356 3172 485 3237 videtur
510 3180 662 3257 separata
691 3193 771 3240 esse.
808 3173 1002 3238 Verisimile
1037 3175 1120 3239 enim
1151 3180 1210 3251 est,

104 3281 342 3347 Anaximandri
360 3284 518 3347 sententia
534 3283 721 3349 animalium
745 3293 848 3348 ortum
863 3283 927 3348 iam
945 3283 1116 3366 incepisse,
1139 3303 1210 3347 cum

103 3399 193 3458 terra
216 3391 358 3457 nondum
381 3391 519 3474 adeam,
543 3413 626 3474 quae
648 3414 732 3458 nunc
751 3395 860 3469 utitur,
886 3393 1079 3460 soliditatem
1098 3413 1209 3476 perve-

102 3503 209 3574 nisset
230 3500 288 3567 sed
310 3500 472 3567 humidior
495 3503 593 3568 etiam
615 3523 654 3568 ae
675 3503 792 3568 limosa
814 3505 942 3584 essen).
989 3503 1037 3568 De
1059 3502 1108 3567 his
1132 3521 1210 3584 quo·

103 3631 168 3693 que
188 3611 286 3676 rebus
308 3612 486 3694 posteriore
509 3613 579 3677 loco
602 3612 735 3678 dicetur.

210 3797 235 3863 1)
255 3795 327 3849 Plut.
346 3795 421 3849 Plan.
451 3795 500 3857 III,
532 3798 577 3848 16:
608 3791 845 3867 „drappavdpor
874 3791 922 3862 τὴν
950 3787 1096 3847 θάλασσάν
1125 3811 1212 3864 φησιν
1249 3771 1257 3786 ·

96 3893 176 3968 Ιεἶναι
202 3892 248 3958 τῆς
266 3891 375 3962 πρώτης
399 3891 529 3961 ὑγρασίας
556 3895 698 3962 λείψανον,
723 3879 753 3960 ἧς
777 3893 807 3946 τὸ
831 3893 885 3962 μὲν
907 3894 1002 3945 πλεῖον
1019 3895 1105 3962 μέρος
1122 3886 1211 3958 ἀνεξή-

103 4007 170 4060 ρανε
192 3991 222 4042 τὸ
242 3991 304 4058 πῦρ,
324 3986 359 4041 τὸ
376 3989 410 4040 δὲ
433 3986 651 4060 ὑπολειφθὲν
670 3987 723 4042 deci
742 3988 800 4056 ripa
815 3991 983 4043 ἔκκαυσιν
1001 3987 1209 4058 μετέβαλεν.“

104 4087 185 4140 Idem
204 4085 304 4140 iisdem
323 4086 416 4140 verbis
435 4085 558 4140 refertur
569 4073 651 4155 ‘apud
665 4087 766 4141 Euseb.
779 4087 879 4155 Praep.
899 4086 951 4139 Ev.
964 4084 1011 4151 Xl,
1023 4085 1057 4136 59
1075 4088 1104 4138 et
1114 4083 1211 4137 Galen.

105 4183 177 4237 Hist.
197 4183 269 4236 Phil.
289 4201 311 4237 c.
331 4185 375 4236 22.

206 4282 235 4348 2)
255 4279 296 4333 Of.
316 4296 401 4349 supra
419 4297 447 4352 p.
462 4281 523 4334 324.
