2882 4902
737 389 827 480 IV!

207 573 313 631 autern
343 565 545 650 philosophis
577 567 668 633 aliud
701 567 838 633 accedit.
885 566 964 632 Ourn
993 568 1076 632 enirn
1104 565 1245 630 nondum
1274 564 1306 628 in

208 673 365 739 rimandis
388 675 573 741 notionibus
596 676 653 741 sed
677 677 735 741 toti
760 676 854 742 ineo
881 682 1096 756 versarentur,
1132 681 1167 740 ut
1196 673 1308 739 mundi

208 783 440 867 adspectahilis
463 791 610 850 naturam
633 792 665 851 et
688 792 792 851 motus
809 791 843 850 et
858 786 1052 850 mutationes
1067 790 1306 867 cognoscerent,

207 900 455 958 consentaneum
489 902 547 979 est,
582 916 637 961 eos
669 896 860 960 naturaliter
892 895 988 977 quasi
1021 915 1086 959 non
1116 894 1179 959 nisi
1209 894 1307 957 talem

208 1024 313 1069 rerum
341 1005 591 1087 explicationem
620 1006 829 1088 quaesivisse,
864 1025 948 1087 quae
980 1010 1017 1069 et
1046 1003 1095 1068 ad
1128 1002 1308 1067 rationis

207 1121 386 1180 naturam
409 1120 445 1180 et
469 1114 516 1179 ad
536 1116 653 1181 animi
677 1122 929 1200 conspectum
952 1113 1195 1180 accommodata
1211 1120 1306 1180 esset.

207 1223 313 1302 Quare
344 1243 415 1288 meo
446 1224 575 1305 quidem
608 1224 729 1290 iudicio
763 1226 852 1290 nulla
882 1245 992 1289 eorum
1025 1223 1173 1288 doctrina
1203 1222 1308 1289 videri

206 1339 313 1418 potest
346 1339 431 1398 recte
467 1334 595 1416 cognita
628 1353 713 1408 esse,
751 1339 923 1415 antequam
958 1351 1029 1397 eam
1062 1333 1307 1414 cognoverimus

207 1444 427 1507 universam
461 1440 653 1523 quandam
689 1441 830 1506 mundi
868 1442 1162 1523 conceptionem
1199 1461 1306 1520 esse,

206 1571 303 1633 quae
326 1551 515 1616 videatur
544 1557 580 1615 et
607 1553 779 1616 rationis
812 1557 852 1616 et
883 1550 1121 1635 phantasiae
1151 1551 1307 1633 legibus

206 1659 406 1725 sufficere.
451 1660 515 1723 Vix
546 1679 626 1742 opus
659 1666 708 1724 est
737 1658 868 1734 addere,
906 1658 984 1724 haee
1011 1659 1179 1741 conceptio
1201 1659 1307 1741 qualis

206 1768 313 1851 fuerit,
334 1788 399 1834 non
421 1769 606 1835 coniectura
627 1768 812 1852 tingendum
828 1769 885 1834 sed
901 1789 918 1833 e
934 1768 1127 1834 testimoniis
1143 1769 1306 1834 invenien-

205 1878 281 1945 dum
305 1900 386 1947 esse.

306 1990 401 2069 Quod
425 1990 467 2056 ad
490 1992 563 2075 ipsa
585 1990 770 2056 testimonia
792 1991 917 2071 attinet,
951 1991 1093 2055 omnium
1115 1989 1307 2073 gravissima

205 2107 291 2165 certe
313 2120 353 2165 ea
377 2107 461 2182 sunt,
484 2120 568 2183 quae
591 2099 679 2185 apud
701 2099 908 2165 Aristotelem
931 2099 1145 2182 reperiuntur,
1175 2106 1207 2164 et
1229 2099 1308 2180 quia

206 2208 243 2283 is,
271 2215 499 2291 praeterquam
522 2209 550 2273 si
572 2207 656 2273 forte
679 2207 838 2290 quaedam
862 2228 903 2272 ex
931 2208 1014 2291 ipsis
1042 2206 1306 2292 philosophorum

205 2319 336 2401 scriptis
358 2325 488 2383 servata
511 2324 593 2393 sunt,
624 2318 716 2382 testis
741 2319 880 2382 omnium
903 2317 1151 2398 antiquissimus
1181 2323 1241 2398 est,
1275 2324 1308 2382 et

205 2425 292 2508 quia,
315 2447 398 2509 quae
421 2425 461 2491 ab
484 2447 522 2492 eo
545 2426 586 2491 de
609 2427 718 2508 aliqua
739 2425 884 2491 doctrina
903 2425 1095 2508 referuntur,
1119 2445 1160 2490 ex
1175 2445 1305 2492 accura-

205 2536 327 2600 tissima
358 2535 403 2598 rei
435 2534 620 2617 cognitione
647 2533 815 2600 fluxerunt.
861 2532 924 2598 Sed
947 2532 1175 2599 difficillimum
1205 2553 1306 2617 saepe

205 2650 254 2708 est
275 2663 481 2726 cognoscere,
505 2643 584 2726 quid
602 2643 642 2708 de
659 2662 786 2726 quoque
799 2642 993 2726 philosopho
1008 2642 1143 2725 referat;
1168 2642 1202 2707 id
1219 2641 1307 2724 quod

205 2752 325 2833 pendet
347 2752 388 2818 ab
416 2773 454 2818 ea
481 2754 616 2827 ratione,
650 2773 747 2834 quam
777 2754 810 2816 in
838 2751 1054 2818 memorandis
1086 2753 1306 2835 antiquiorum

204 2861 472 2948 philosophorum
505 2863 712 2946 opinionibus
747 2862 900 2944 sequitur.
957 2863 1083 2928 Etenim
1113 2863 1306 2928 Aristoteles

205 2992 269 3037 non
290 2992 378 3038 more
401 2992 519 3055 eorum,
543 2973 598 3055 qui
624 2972 852 3056 philosophiae
875 2971 1020 3037 scribunt
1041 2971 1218 3053 historiam,
1239 2972 1306 3056 pri-

204 3101 293 3146 orum
316 3080 583 3164 philosophorum
607 3082 775 3164 opiniones
802 3083 978 3165 separatim
1001 3081 1143 3164 exponit,
1166 3080 1225 3146 sed
1249 3100 1305 3146 eas

204 3191 246 3264 in,
263 3211 323 3255 sna
350 3191 451 3275 ipsius
478 3189 626 3255 doctrina
652 3189 844 3271 exponenda
871 3188 987 3265 adfert,
1022 3209 1060 3255 eo
1090 3190 1235 3267 consilio,
1270 3197 1306 3254 ut

203 3300 427 3381 quaestionem
443 3300 642 3384 propositam
665 3299 705 3364 ab
729 3298 876 3363 omnihus
898 3297 1041 3379 partibus
1057 3300 1219 3382 explanet,
1241 3298 1305 3364 sibi

204 3408 245 3472 ad
269 3429 340 3473 eam
364 3408 551 3474 solvendam
573 3409 661 3473 viam
684 3407 817 3482 muniat,
846 3427 924 3472 suae
947 3407 1113 3472 doctrinae
1134 3409 1303 3474 veritatem

204 3516 360 3583 ostendat.
406 3517 485 3582 Inde
508 3518 601 3601 plura
623 3519 777 3583 eveniunt
799 3517 1010 3583 incommoda.
1054 3517 1194 3583 Primum
1216 3518 1303 3583 enim

204 3627 398 3692 Aristoteles
428 3628 620 3711 saepissime
648 3628 693 3692 ita
719 3627 863 3710 priorum
891 3625 1155 3710 philosophorum
1178 3637 1304 3693 senten-

203 3736 263 3799 tias
280 3742 444 3813 memorat,
469 3741 502 3800 ut
518 3734 613 3799 modo
630 3734 756 3799 infinito
774 3735 952 3801 sententias
968 3734 1055 3800 dicat
1071 3735 1303 3818 aliquorum,

182 3863 360 3924 ,quorum
385 3850 492 3910 autern
516 3845 587 3925 sint,
617 3857 685 3910 'non
707 3844 816 3910 addat.
862 3843 990 3909 Deinde
1019 3845 1209 3928 plerumque
1238 3865 1303 3910 non

202 3953 276 4033 ipsa
299 3951 565 4036 philosophorum
585 3953 685 4018 verba
714 3952 771 4017 sed
801 3953 979 4018 sententias
1007 3954 1109 4018 solum
1138 3960 1302 4036 memorat,

202 4060 300 4141 idque
321 4063 431 4126 verbis
453 4069 485 4128 et
508 4062 704 4128 brevissimis
728 4068 759 4126 et
780 4080 879 4144 saepe
901 4063 996 4126 etiam
1012 4062 1054 4127 ad
1069 4065 1302 4145 quaestionem,

201 4169 240 4233 de
268 4189 333 4252 qua
359 4161 476 4252 agitur,
512 4170 778 4248 accommodatis3
813 4178 844 4236 ct
873 4192 944 4237 eum
975 4172 1036 4237 hac
1063 4192 1097 4237 re
1119 4172 1301 4237 arctissime

201 4279 360 4359 cohaeret,
385 4280 469 4361 quod
493 4279 629 4348 eandem
646 4282 837 4346 sententiam
854 4302 918 4346 non
934 4301 1060 4364 semper
1076 4281 1188 4347 eodem
1205 4280 1300 4346 modo
