2862 4910
762 389 817 443 au

249 567 344 640 stete,
367 568 422 627 aut
450 568 536 626 uerte
568 561 730 644 quandam
762 563 850 627 illius
883 562 1128 628 raresaetiouem
1165 561 1348 628 adiunctam

250 670 379 736 habere.
425 672 508 736 Hine
529 679 637 736 autem
660 671 916 738 oonoludendum
942 678 1000 751 ost,
1024 673 1260 738 Anaximandri
1283 692 1349 737 sen-

249 782 352 846 tentia
375 781 564 864 principium
587 800 725 863 quoque,
757 787 888 846 naturas
917 782 990 846 illas
1015 781 1192 846 contrarias
1215 801 1257 845 ex
1281 801 1349 846 sese

249 908 420 954 secernens
443 890 495 954 vel
518 890 552 953 iu
575 909 630 954 eas
654 909 689 953 se
711 888 874 969 dirimens,
903 890 1008 972 ipsum
1038 909 1109 954 sese
1133 890 1250 972 partim
1275 890 1347 955 den-

250 999 317 1062 sius
341 999 459 1078 partim
482 998 586 1062 rarius
610 997 690 1062 fieri.

350 1121 431 1187 Cum
454 1122 554 1205 igitur
576 1122 819 1189 Anaximander
839 1123 984 1190 indubiis
1000 1131 1142 1190 veterum
1156 1126 1347 1191 testimoniis

249 1238 280 1296 et
302 1232 457 1296 omuino
480 1238 646 1314 negetur
665 1238 697 1296 et
711 1233 1103 1298 rursusetiamdioatur
1118 1254 1222 1299 rerum
1247 1235 1348 1298 multi·

248 1340 394 1404 tudinem
419 1339 670 1405 condensatione
693 1345 725 1404 et
750 1340 971 1406 rareiaotione
999 1361 1166 1424 generare,
1196 1361 1348 1423 quaereu-

249 1448 325 1514 dum
339 1455 398 1529 est,
421 1468 486 1531 qua
500 1449 625 1514 ratione
641 1448 702 1514 hae
715 1456 897 1533 pugnantes
912 1451 1093 1516 sententiae
1106 1452 1189 1516 inter
1200 1470 1235 1516 se
1247 1451 1347 1516 oonsi-

248 1559 374 1623 lieutur.
399 1558 446 1622 Ea
469 1576 554 1638 vero,
579 1559 665 1640 quod
682 1579 787 1624 rerum
805 1561 971 1642 generatio
983 1560 1155 1643 dupliciter
1168 1560 1232 1626 diui
1247 1567 1349 1643 potest

248 1667 501 1733 condensatione
526 1675 558 1733 et
578 1669 794 1734 rarefaotioue
809 1669 890 1751 fieri,
913 1671 1052 1754 primum
1074 1673 1127 1748 ita,
1151 1676 1187 1734 ut
1200 1671 1270 1755 ipsa
1285 1675 1348 1734 tota

248 1777 281 1840 in
314 1776 467 1860 principii
509 1777 762 1843 condensatioue
799 1785 831 1843 et
866 1779 1083 1844 raret'aetioue
1119 1780 1348 1853 consistere,

249 1883 366 1950 deinde
389 1886 445 1966 ita,
471 1893 606 1950 utnon
640 1888 723 1951 siue
753 1886 893 1967 quadam
917 1887 1072 1972 principii
1100 1887 1347 1953 condensatione

249 2001 281 2059 et
295 1995 510 2060 rareiaotione
530 1994 600 2058 fieri
624 1994 762 2071 dicatum
786 1994 909 2078 pariter
924 2001 1021 2076 atque
1034 1996 1226 2061 Aristoteles
1245 1996 1346 2080 ipsam

252 2123 359 2169 rerum
369 2105 611 2187 generationem
629 2101 778 2185 (γένεσιν)
800 2102 895 2169 doeet
916 2125 989 2169 uon
1014 2124 1105 2170 esse
1126 2097 1347 2184 ἀλλοίωσιν,

252 2213 310 2278 sed
323 2221 431 2278 tamen
453 2234 525 2278 non
547 2213 630 2279 siue
654 2213 791 2278 alieuius
807 2214 864 2289 rei,
890 2215 1153 2291 velutmateriae,
1177 2215 1349 2279 mutatione

250 2321 320 2386 fieri
329 2321 362 2402 ¹).
407 2322 442 2386 Si
479 2323 567 2404 prior
598 2324 679 2388 ratio
702 2324 842 2407 ponitur.
877 2323 1086 2390 eundensatio
1119 2331 1151 2388 et
1182 2324 1358 2388 rarefaotio·

250 2433 336 2516 prior
368 2438 416 2496 est
436 2434 514 2515 ipsis
545 2435 774 2497 contrariorum
798 2433 1019 2514 qualitatibus,
1052 2435 1140 2499 velut
1171 2435 1290 2516 frigore
1319 2439 1348 2496 et

251 2543 367 2623 oalore,
391 2541 515 2623 haeque
542 2543 632 2624 ipsae
655 2563 690 2607 re
713 2541 790 2606 nihil
815 2549 890 2607 sunt
911 2542 976 2606 uisi
992 2542 1112 2608 diversi
1127 2543 1260 2624 quidum
1275 2540 1347 2605 deu·
1416 2575 1417 2578 ι

251 2651 357 2716 sitatis
380 2657 411 2716 et
433 2650 578 2716 raritatis
600 2651 738 2734 gradum
760 2659 856 2733 atque
879 2650 960 2716 haee
982 2671 1016 2716 re
1040 2658 1126 2716 uerte
1141 2649 1346 2715 Anaximenis

248 2760 409 2824 sententia
432 2767 481 2825 est
490 2759 524 2841 ²),
549 2763 601 2827 oui
623 2763 679 2825 uni
703 2760 954 2845 Theophrastus,
979 2759 1249 2843 quemadmodum
1271 2760 1345 2825 Sim·

247 2869 363 2954 piioius
387 2875 532 2950 testatur,
557 2870 844 2935 condensatiouem
868 2874 900 2935 et
926 2870 1174 2934 raret'aotiouem
1197 2866 1345 2947 tribuit³).

353 3179 378 3244 i)
397 3177 518 3231 Aristot.
532 3177 612 3245 Phys.
626 3178 688 3245 VII,
708 3181 732 3230 3.
752 3148 827 3230 246⁸
841 3179 872 3230 4:
894 3178 947 3246 „iu
968 3176 999 3229 δὲ
1019 3179 1062 3228 καὶ
1083 3178 1172 3228 εἰπεῖν
1190 3170 1271 3232 οὕτως
1290 3166 1344 3224 ἄτο-

247 3292 301 3327 πον
321 3267 357 3328 ἂν
376 3270 488 3340 δόξαιεν,
508 3269 672 3336 ἠλλοιῶσθαι
693 3271 742 3326 τὸν
759 3267 911 3342 ἄνθρωπον
929 3265 945 3337 ἢ
963 3278 1012 3338 την
1031 3275 1120 3323 οἰκίαν
1139 3311 1145 3323 .
1168 3312 1174 3324 ,
1193 3309 1199 3322 .
1226 3267 1290 3321 ἀλλὰ
1308 3272 1344 3335 yt-

247 3377 344 3424 veodur
364 3369 419 3438 μέν
439 3368 555 3421 ἕκαστον
572 3366 724 3439 ἀναγκαῖον
746 3365 942 3439 ἀλλοιουμένου
963 3363 1042 3432 τινός,
1069 3364 1129 3420 οἱον
1152 3368 1199 3433 τῆς
1224 3363 1282 3429 ὕλης
1299 3382 1345 3415 πυ·
1415 3365 1416 3386 ¹

246 3470 398 3537 κνουμένης
422 3459 436 3529 ἢ
455 3468 632 3536 μανουμένης
651 3457 666 3529 ἢ
685 3469 908 3535 θερμαινομένης
928 3455 1128 3533 ἣψυχομένης,
1147 3463 1183 3516 οὐ
1201 3467 1311 3534 μέντοι
1330 3455 1343 3524 η

245 3566 383 3631 γένεσις
401 3557 506 3614 αὐτῶν
527 3558 711 3620 ἀλλοίωσίς
730 3563 850 3614 tortas·

347 3675 374 3744 2)
395 3675 435 3728 Cf.
456 3674 533 3727 Plut.
553 3674 587 3727 de
606 3676 688 3744 prim.
707 3675 771 3745 frig.
792 3692 815 3728 e.
835 3675 864 3727 6:
891 3667 933 3743 „ip
950 3669 1078 3741 καθάπερ
1094 3669 1277 3744 Ἀναξιμένης
1294 3688 1342 3721 πα-

246 3769 320 3830 λαιὸς
339 3765 414 3840 ᾤετο,
439 3767 507 3843 μήτε
526 3769 556 3824 τὸ
579 3770 691 3842 ψυχρὸν
716 3773 746 3824 ἐν
765 3767 844 3840 οὐσίᾳ
863 3767 934 3842 μήτε
958 3770 988 3822 τὸ
1013 3768 1122 3841 θερμὸν
1146 3767 1341 3836 ἀπολείπωμεν,

246 3863 313 3918 ἀλλὰ
333 3863 411 3934 πάθη
429 3873 489 3922 τινὰ
508 3870 554 3935 τῆς
575 3864 636 3934 ἱλλης
648 3864 830 3939 ἐπιγινόμενα
844 3873 902 3926 ταῖς
918 3869 1099 3938 μεταβολαῖς·
1118 3863 1223 3934 τὸγὰρ,
1240 3864 1340 3916 συστελ-

247 3958 367 4033 λόμενον
386 3961 466 4030 αὐτῆς
484 3969 531 4017 καὶ
550 3959 741 4035 πυκνούμενον
763 3961 872 4033 ψυχρὸν
897 3964 968 4017 εἶναι’
987 3981 1065 4034 φησι,
1091 3961 1121 4016 τὸ
1142 3963 1172 4016 ιλὲ
1192 3959 1284 4032 ἀραιὸν
1302 3963 1341 4011 ard

245 4059 277 4124 ,ro
295 4060 420 4131 χαλαρὸν
439 4103 445 4115 .
465 4103 472 4115 .
493 4057 624 4133 θερμόν.

348 4177 376 4246 3)
395 4176 518 4245 Simplio.
538 4177 620 4243 Phys.
647 4180 690 4238 32,
712 4195 736 4243 a,
763 4195 790 4246 p.
811 4177 873 4230 int:
902 4180 944 4244 „oi
968 4177 1024 4246 μὲν
1049 4176 1079 4228 ἐκ
1104 4175 1151 4228 τοῦ
1174 4172 1263 4228 toxos
1286 4167 1340 4226 ἑνὸς

246 4274 361 4340 γεννῶσι
384 4269 416 4324 τὰ
442 4266 508 4324 τ’λλλιι
539 4267 668 4343 μανότητι
699 4278 743 4324 καὶ
768 4267 922 4340 πυκνότητι,
946 4271 984 4330 oie
1005 4268 1192 4343 Ἀναξιμένης
1217 4313 1223 4324 .
1243 4312 1249 4323 .
1268 4310 1273 4322 .
1291 4267 1338 4320 ἶπλ
