2850 4904
585 405 635 460 161

67 582 173 642 autem
195 577 259 643 hac
282 581 442 644 sententia
464 579 627 660 sequenti:
651 570 702 660 „oi
717 575 777 658 μὲν
793 571 853 660 γὰρ
876 572 912 640 ἓν
933 569 1173 662 ποιήσαντες

65 685 104 750 τό
128 678 170 748 όν
192 687 303 768 σῶμα
324 683 367 750 τό
389 684 664 768 ὑποκείμενον,
686 679 708 771 ἢ
728 687 803 750 τοῖν
823 685 944 766 τριῶν
963 708 999 749 τι
1021 677 1043 769 ἢ
1065 674 1171 768 tillo,

67 789 193 860 ὅέστι
215 797 347 879 πυρός
368 795 437 879 μὲν
459 790 703 877 πυκνότερον
724 787 841 879 οἳέρος
859 792 900 860 δὲ
921 789 1171 877 λεπτότερον,

66 890 163 969 τᾶλλα
192 906 336 988 γεννῶσι
358 906 537 991 πυκνότητι
570 904 623 970 ναὶ
652 900 809 991 μανότητι
842 898 951 969 πολλοὶ
989 905 1172 988 ποιοῦντες,

69 1065 74 1077 .
97 1067 102 1080 .
122 1065 129 1078 .
152 1066 159 1080 .
182 1008 264 1080 οἵδ’
290 1013 325 1079 ἐκ
347 1017 409 1078 τοῦ
432 1011 504 1092 ἑνὸς
524 1009 663 1091 ἐνούσας
685 1014 744 1091 τὰς
766 1011 990 1098 ἐναντιότητας
1012 1011 1171 1097 ἐκκρίνετ-

67 1121 125 1185 θοί
148 1123 309 1210 [φασιν].“
354 1125 398 1191 Ut
420 1131 537 1202 autem,
568 1143 728 1206 quocum
756 1122 851 1188 modo
883 1123 1002 1189 indicet
1024 1130 1065 1202 et,
1097 1143 1169 1189 cum

68 1231 117 1298 hic
139 1233 254 1300 modus
284 1234 395 1318 paullo
427 1234 641 1324 inelegantior
663 1235 714 1310 sit,
745 1254 802 1298 cur
831 1233 893 1298 hoc
921 1232 1016 1300 modo
1039 1232 1170 1314 indicet,

69 1344 289 1428 intellegatur,
329 1365 433 1431 pauca
467 1344 507 1410 de
550 1343 648 1410 totius
686 1343 840 1409 orationis
881 1343 985 1409 forma
1019 1344 1170 1427 praemit-

69 1452 162 1518 tenda
183 1461 267 1520 sunt.

162 1565 250 1648 Ergo
272 1564 471 1642 Aristotelea,
495 1569 531 1630 ut
551 1564 701 1644 everbiS,
725 1561 769 1639 ὥς
790 1561 817 1626 d'
836 1556 868 1625 οὶ
883 1561 1019 1648 φυσικοὶ
1033 1561 1171 1646 λέγουσι,

70 1665 123 1736 dio
139 1669 258 1758 τρόποι
284 1665 382 1738 εἶοίν’
405 1681 548 1758 apparet,
575 1680 746 1759 postquam
768 1674 809 1739 ab
832 1673 1019 1738 Eleatarum
1043 1671 1085 1737 dc
1107 1692 1170 1738 uno

71 1783 295 1850 cntedoctrina
308 1783 351 1850 ad
366 1784 543 1852 doctrinam
551 1783 757 1868 physicorum
771 1782 909 1863 transiit,
924 1782 1075 1848 contiuuo
1085 1783 1171 1864 cogi-

70 1892 186 1960 tatione
198 1894 360 1978 processit
371 1893 414 1959 ad
429 1891 661 1976 concipiendas
675 1892 756 1958 duas
768 1891 862 1958 huius
874 1891 1022 1958 doctrina
1036 1890 1170 1971 formam

70 2007 160 2084 atque
173 2001 258 2068 hune
279 2002 483 2084 cogitationis
507 2023 633 2068 cursum
657 2008 786 2068 secutus
798 2003 916 2085 statim,
940 2000 1027 2083 quod
1050 2002 1171 2083 eogita-

71 2112 150 2177 tionc
161 2117 362 2196 conceperat,
374 2113 482 2178 verbis
496 2111 722 2196 pronuntiavit,
739 2110 859 2189 diceus,
877 2103 941 2186 ‘og
951 2107 980 2172 δ’
993 2102 1025 2172 οὶ
1036 2108 1171 2195 φοοικοὶ

71 2216 200 2302 λέγουσι,
213 2215 281 2284 δύο
297 2214 444 2302 τρόποι
462 2215 539 2284 οἱοί
546 2211 581 2294 ν’,
598 2239 797 2286 communem
807 2226 915 2286 autem
927 2238 1035 2285 eorum
1048 2217 1089 2284 de
1100 2219 1171 2302 ipsa

73 2329 149 2394 entis
181 2337 298 2396 natura
331 2327 508 2395 doctrinam
536 2331 717 2395 accuratius
751 2328 894 2396 iudicare
927 2329 1043 2394 omisit.
1100 2329 1171 2394 Hac

72 2441 223 2504 cententio
244 2438 454 2523 pronuntiata
485 2439 550 2503 iam
584 2439 657 2522 ipsa
684 2437 854 2505 inchoatae
882 2438 1036 2504 orationis
1069 2437 1172 2503 torma

73 2546 249 2626 cogebatur,
274 2543 381 2610 statim
405 2544 478 2610 illas
501 2545 581 2610 duas
603 2546 724 2612 formas
747 2544 901 2627 indicare,
925 2545 959 2610 id
984 2546 1071 2629 quod
1095 2546 1172 2611 fecit

73 2652 117 2719 his
138 2656 261 2722 verbis:
287 2651 339 2738 „oi
361 2649 500 2738 μὲνγὰρ
523 2705 531 2719 .
554 2706 562 2722 .
586 2705 592 2718 .
616 2645 717 2719 τᾶλλα
743 2654 878 2738 γεννῶσι
909 2651 1089 2739 πυκνότητι
1118 2653 1172 2716 καὶ
1245 2655 1247 2674 '

72 2759 229 2850 μανότητι,
254 2815 260 2831 .
286 2816 292 2831 .
316 2814 323 2829 .
346 2757 378 2829 οὶ
401 2764 429 2828 d’
459 2763 494 2829 ἐκ
518 2767 581 2830 τοῦ
603 2760 676 2843 ἑνός
698 2761 834 2842 ε’νοόοας
860 2760 918 2842 τὰς
949 2757 1172 2848 ἐναντιότητας

74 2869 273 2957 ἐκκρίνεοθαί
296 2873 458 2960 [ηασιν];“
492 2874 553 2940 hae
586 2875 672 2942 enim
704 2883 779 2942 sunt
811 2875 886 2941 illae
925 2874 1009 2941 duae
1039 2875 1170 2940 formae.

75 2980 147 3048 llum
170 2985 266 3069 igitur
298 2983 382 3050 hanc
405 2985 445 3052 ob
469 3005 616 3052 caussam
647 2984 811 3051 omisisset
837 3005 1036 3051 communem
1061 2984 1170 3069 physi-

74 3111 173 3159 corum
195 3095 237 3161 de
261 3095 334 3178 ipsa
355 3096 565 3161 cntisnatura
580 3093 760 3161 doctrinam
787 3096 1002 3180 separatim
1017 3094 1170 3170 indicare,

75 3200 139 3284 ipsa
159 3210 266 3270 auteur
288 3203 483 3286 cogitatione
505 3202 650 3270 indicare
673 3211 850 3287 cogeretur,
888 3210 1061 3290 propterea
1084 3202 1171 3286 quod

75 3311 136 3376 sine
159 3332 200 3378 ea
222 3312 306 3378 duae
330 3312 406 3378 illae
429 3313 551 3378 formae
573 3334 637 3379 nou
660 3315 762 3380 solum
785 3314 931 3397 intellegi
954 3313 1063 3380 sedne
1085 3319 1171 3378 recte

76 3420 201 3504 exprimi
224 3421 355 3505 quidem
377 3429 535 3507 poterant,
557 3423 779 3503 itaindicavit,
806 3430 840 3489 dt
862 3443 933 3489 cam
956 3423 989 3488 in
1012 3423 1070 3488 illa
1091 3420 1170 3506 phy-

76 3527 204 3597 sicorum
227 3530 385 3598 divisione
407 3533 597 3617 singillatim
620 3532 662 3599 ad
674 3540 842 3616 utramque
869 3538 994 3617 partem
1005 3538 1170 3613 tamquam

76 3641 221 3707 rationem
243 3644 369 3725 utrique
391 3661 590 3708 communem
618 3642 804 3728 adponeret,
842 3643 894 3708 vel
918 3643 1023 3726 potius
1047 3640 1102 3723 ita,
1137 3647 1171 3704 ut

77 3745 113 3812 ad
132 3751 269 3834 priorem
281 3758 406 3834 partem
431 3751 608 3835 adponeret
622 3752 822 3831 nominatim,
850 3750 893 3817 ad
907 3753 1040 3816 alteram
1063 3756 1171 3816 autem

78 3865 172 3924 mente
194 3860 368 3943 suppleret.

164 3967 281 4051 Verba,
304 3967 420 4050 quibus
443 3967 634 4051 continetur,
661 3975 735 4034 sunt
756 3968 876 4034 haecce
903 3970 975 4052 ipso
993 3969 1169 4034 sententiae

78 4069 161 4140 initio
183 4075 226 4142 ad
245 4071 294 4140 ‘oi
310 4076 370 4158 μὲν
390 4071 467 4160 γὰρ’
490 4076 652 4161 adposita:
674 4073 729 4162 „da
744 4071 942 4166 corpocrates
966 4070 1005 4140 τό
1022 4069 1060 4140 όν
1074 4077 1170 4158 σῶμα

79 4175 110 4242 τό
132 4181 357 4268 ὑποκείμενον,
379 4178 400 4268 ἢ
421 4187 488 4248 τῶν
508 4187 609 4264 τριῶν
630 4209 661 4249 τι
685 4179 706 4273 ἢ
718 4174 817 4265 ἄλλο,
849 4181 868 4250 ὅ
891 4184 960 4250 ἐστι
982 4180 1090 4268 πυρός
1111 4182 1171 4267 μὲν

80 4287 267 4378 πυκνότερον
278 4293 376 4377 ἀέρος
397 4293 433 4359 δὲ
447 4287 680 4377 λεπτότερον.“
722 4295 812 4360 Haec
828 4295 914 4360 euim
929 4296 1039 4378 verba,
1059 4313 1169 4376 quum-

937 4405 967 4456 ll
