2882 4902
804 371 839 430 62

268 548 400 616 omnino
421 546 539 616 similis
570 555 621 616 est
648 549 738 616 loeus
768 549 802 614 in
832 547 936 633 primo
958 546 1249 634 Meiapbysioorum
1271 547 1348 629 libro,

269 677 343 742 qno,
365 665 540 744 postquam
562 659 721 744 exposuit,
750 658 911 742 quomodo
940 659 1080 742 priorum
1101 658 1348 744 philosophema

269 767 401 834 deereta
423 768 467 834 ad
491 789 551 834 sua
571 769 629 834 illa
652 774 803 851 quattuor
816 767 978 852 principia
998 787 1033 833 se
1055 766 1218 850 haberent,
1241 788 1294 834 eos
1312 767 1349 832 vi-

268 883 408 961 tuperat,
438 877 495 960 qui
522 879 632 943 omnia
662 871 713 957 (τὸ
736 875 815 956 πᾶν)
851 876 897 942 ita
926 881 1068 942 statuant
1095 896 1192 942 unum
1214 895 1293 958 esse,
1321 881 1349 938 ut

270 1004 367 1053 uuum
378 985 541 1069 quandam
564 993 711 1052 naturam
726 1004 861 1068 eamque
872 984 1000 1068 quidem
1018 1003 1204 1069 corpoream
1216 984 1348 1050 omuibus

268 1094 364 1160 rebus
386 1093 567 1161 snbieotam
589 1113 661 1160 esse
683 1093 801 1172 dieunt,
834 1113 918 1176 quae
943 1113 1002 1176 per
1027 1113 1062 1160 se
1084 1094 1163 1177 solu,
1186 1093 1273 1160 nullo
1293 1093 1347 1158 alio

268 1223 456 1270 caussarum
477 1224 597 1288 genere
617 1203 800 1287 aeoedente,
833 1222 959 1270 omnem
989 1223 1094 1269 rerum
1123 1202 1347 1269 multitudinem

267 1313 443 1396 generem).
488 1313 576 1392 Quos
598 1320 769 1399 postquam
791 1313 985 1397 generaliter
1011 1313 1139 1394 refellit,
1169 1313 1270 1395 addit,
1298 1312 1348 1378 boe

266 1422 348 1489 vitio
369 1425 472 1490 teneri
495 1430 527 1490 et
548 1444 615 1501 eos,
648 1425 705 1506 qui
732 1443 848 1507 aquam
881 1429 938 1490 aut
971 1443 1077 1488 aerem
1108 1429 1163 1488 aut
1185 1421 1298 1507 ignem,
1320 1429 1346 1485 et

267 1551 334 1614 eos,
362 1535 418 1616 qni
451 1535 571 1600 aliam
603 1532 791 1616 quandam
822 1540 998 1600 naturam
1026 1551 1114 1598 aere
1146 1531 1348 1598 densiorem

267 1661 366 1724 aqna
388 1649 515 1709 autem
537 1642 785 1709 subtiliorem
807 1641 954 1708 omnibus
976 1641 1072 1707 rebus
1093 1639 1267 1706 subieetam
1288 1656 1347 1704 esse

267 1750 421 1834 dicanti).

366 1860 495 1929 Deinde
519 1861 670 1928 intortio
693 1861 776 1927 libro
798 1860 839 1927 de
863 1859 970 1939 Coelo,
993 1877 1057 1941 quo
1080 1858 1266 1925 Aristoteles
1286 1876 1348 1922 oon·

266 1969 351 2035 sulto
386 1970 426 2036 de
460 1970 602 2053 notione,
635 1988 781 2052 numero,
815 1967 941 2052 origine
975 1967 1044 2051 agit
1077 1967 1347 2043 elementorum,

266 2083 439 2160 postquam
462 2079 626 2144 notionem
642 2079 872 2144 elementorum
895 2074 1071 2159 explieavit
1085 2074 1122 2154 (u.
1135 2073 1180 2157 3),
1204 2081 1237 2141 et
1257 2081 1347 2140 oeten·

266 2186 324 2269 dit,
354 2188 515 2256 elementa
538 2208 602 2254 non
630 2207 701 2254 esse
728 2207 823 2273 posse
852 2204 983 2253 numero
1016 2184 1143 2250 infinita
1168 2187 1208 2265 (e.
1240 2185 1282 2265 4),
1313 2180 1348 2246 ad

266 2315 336 2362 eam
360 2298 559 2364 convertitur
578 2297 810 2381 quaestionem,
844 2303 948 2362 utrum
974 2297 1069 2380 plura
1095 2295 1160 2360 sint
1184 2315 1226 2360 au
1251 2311 1347 2358 nuum

266 2406 379 2487 solum,
402 2405 437 2470 in
457 2404 582 2489 haeque
597 2405 787 2489 quaestione
811 2421 876 2486 eos,
899 2405 1071 2488 quiunum
1094 2405 1196 2469 solum
1218 2419 1348 2468 essere

265 2514 340 2594 lint,
377 2514 610 2597 quadrifariam
646 2514 820 2598 distinguit
858 2513 989 2595 disens,
1028 2512 1184 2598 quosdam
1219 2512 1348 2597 pbiloso-

264 2621 346 2706 phos
368 2643 467 2689 uuum
489 2625 592 2690 solum
613 2624 805 2690 elementum
828 2629 977 2702 statuere,
1005 2628 1101 2705 atque
1128 2621 1210 2688 alios
1232 2619 1347 2705 quidem

264 2750 391 2814 aquam,
414 2734 497 2799 alios
529 2753 647 2817 aerem,
679 2734 761 2800 ulios
789 2731 905 2816 ignem,
938 2733 1020 2799 alios
1047 2736 1222 2798 naturam
1246 2748 1347 2814 quan·

200 2837 203 2844 ’
264 2839 356 2905 dum
371 2860 470 2924 aqua
487 2843 740 2924 subtiliorem,
763 2841 1232 2925 aereautemdensiorem,
1253 2856 1346 2922 quae,

265 2955 397 3034 utpote
419 2951 594 3034 infinita,
617 2952 874 3036 amplectatur
895 2970 1024 3017 omnes
1040 2951 1213 3032 eoelos³).
1236 2947 1347 3028 Quibus

266 3207 354 3263 πολλὰ
374 3212 523 3273 ποιοῦντες,
544 3249 571 3265 ..
607 3252 614 3266 .
633 3215 659 3266 οἱ
677 3213 703 3266 δ’
723 3213 753 3268 ὲκ
771 3214 818 3267 τοῦ
830 3210 892 3272 ἑνὸς
903 3213 993 3279 κτλ.“,·
1013 3211 1048 3266 de
1066 3228 1121 3280 quo
1134 3209 1347 3266 locoiniraseor·
1416 3237 1417 3240 =

263 3323 324 3359 sum
344 3311 452 3377 agetur.
1037 3335 1040 3344 ι

365 3403 574 3474 1)Metaph.1,
599 3407 625 3460 8.
644 3405 774 3460 eseban:
807 3400 886 3474 „door
909 3405 964 3476 μὲν
990 3397 1039 3460 οὖν
1070 3403 1101 3460 ἓν
1122 3421 1151 3458 ιε
1180 3402 1211 3458 τὸ
1236 3403 1289 3457 πᾶν
1308 3403 1347 3452 rol

262 3503 332 3569 μίαν
349 3496 408 3552 τινὰ
428 3494 515 3570 φύσιν
534 3499 569 3560 ὠς
588 3497 653 3568 ὕλην
670 3505 788 3570 τιθέασι,
812 3506 858 3556 καὶ
879 3497 977 3568 ταύτην
996 3497 1155 3574 σωματικὴν
1178 3505 1224 3555 καὶ
1239 3503 1348 3572 μέγεθος
1416 3515 1417 3518 ’

262 3594 382 3665 ἔχουσαν
400 3597 473 3648 xri.“

362 3693 391 3758 2)
410 3691 481 3747 Ibid·
501 3693 630 3748 989212:
652 3691 737 3764 „rard
755 3695 851 3748 τοῦτον
872 3691 921 3750 τὸν
939 3689 1023 3765 λόγον
1041 3687 1096 3747 οὔτ’
1118 3699 1144 3747 el
1159 3712 1199 3752 τις
1217 3687 1310 3746 reiron
1326 3707 1345 3740 rr

262 3787 343 3854 λέγει,
363 3784 435 3853 πλὴν
452 3782 544 3858 πυρός,
564 3783 621 3843 οὔτ’
643 3795 667 3845 ei
684 3810 723 3850 τις
742 3787 842 3860 ἀέρος
860 3789 925 3863 μὲν
942 3783 1347 3860 πυκνότεροντοῦτοτίθησιν

261 3877 379 3942 ὕδατος
397 3873 439 3936 ‹ll'
453 3881 669 3956 λεπτότερον,
688 3883 738 3940 οὐκ
756 3884 848 3957 ὀρθῶς
864 3881 900 3942 ἂν
916 3887 1019 3958 ie‘yor.“

363 3977 393 4048 3)
412 3978 488 4034 Coei.
514 3981 651 4044 111‚303b
673 3985 719 4037 10:
752 3984 836 4053 „irent
862 3980 917 4055 γὰρ
945 3982 977 4038 ἓν
999 3977 1090 4056 μόνον
1107 3980 1287 4048 ὑποτίθενται,
1308 3977 1347 4027 καὶ

261 4072 338 4125 τοῦτο
359 4078 386 4126 οἱ
407 4075 463 4146 μὲν
482 4071 563 4147 ὕδωρ,
582 4081 608 4132 oi
627 4078 653 4132 δ’
673 4075 750 4151 ἀέρα,
769 4083 796 4133 οἱ
814 4081 845 4134 δὲ
865 4081 928 4151 πῦρ,
948 4081 1012 4133 old'
1031 4075 1152 4139 ὓδατος
1167 4079 1232 4151 μὲν
1249 4066 1346 4130 leurd-

260 4185 358 4239 τερον
375 4165 475 4240 ἀέρος
492 4168 762 4245 δὲπυκνότερον,
789 4171 805 4228 8
829 4179 1008 4247 περιέχειν
1030 4179 1115 4247 φασὶ
1138 4169 1266 4232 πάντας
1285 4165 1348 4226 τοὺς
1416 4241 1417 4244 ¹

260 4259 429 4334 οὐρανούς,
452 4261 595 4336 ἄπειρον
612 4261 677 4324 dv.“
1416 4267 1417 4274 ’
