2882 4902
630 329 745 384 23·

83 501 209 584 paullo
233 499 373 566 diversis
396 523 417 566 a
440 501 607 586 Simplicio
630 522 756 586 qnoque
779 505 915 570 refertur
924 504 959 584 ¹).
1004 503 1069 570 Sed
1091 506 1202 572 absur-

86 609 175 676 dum
197 610 267 676 fere
290 611 417 677 videtur
439 611 578 694 credere,
601 612 877 679 Anaximandrum
901 614 961 679 hac
983 616 1053 680 sola
1075 615 1200 682 ratione

88 719 210 784 induci
234 722 388 806 potuisse,
410 727 445 787 ιιι
465 741 623 787 summum
647 741 753 788 rerum
774 722 969 808 principium
986 723 1108 790 diceret
1129 744 1201 790 csse

88 829 271 896 infinitum.
307 832 391 897 Tota
412 833 497 896 enim
521 831 629 916 posita
643 838 693 897 cst
708 833 741 896 in
757 831 919 916 opinione,
940 853 1045 900 rerum
1067 853 1201 917 genera·

87 939 235 1024 tionem,
263 941 369 1024 qualis
384 961 481 1007 -nunc
503 947 660 1020 cernatur,
689 961 760 1007 esse
790 948 935 1027 oportere
958 943 1200 1027 sempitemam3

91 1067 194 1130 quam
218 1049 350 1132 quidem
365 1051 549 1137 opinionem
574 1049 722 1133 quamvis
743 1049 814 1116 fieri
835 1051 940 1135 possit
955 1059 990 1117 ιιι
1004 1049 1200 1117 Anaximan-

91 1156 153 1222 der
176 1158 220 1223 ob
247 1159 389 1243 aliquam
422 1179 571 1226 caussam
598 1160 748 1226 habuerit
780 1179 913 1244 eamque
935 1180 999 1226 non
1029 1181 1070 1227 ex
1098 1162 1202 1246 ipsius

92 1266 248 1332 doctrina
266 1273 382 1350 ortam,
416 1275 523 1335 tamen
546 1269 633 1336 haud
655 1268 752 1335 facile
773 1269 818 1352 ei,
852 1268 972 1354 quippe
1003 1270 1072 1336 viro
1095 1278 1199 1350 acuto,

92 1377 177 1440 satis
201 1382 291 1442 certa
312 1397 351 1442 ao
372 1378 464 1444 firma
476 1378 580 1444 videri
603 1384 737 1463 poterat,
758 1385 793 1444 ut
813 1378 943 1444 obeam
963 1380 1064 1445 solam
1086 1378 1200 1446 summi

93 1485 259 1568 principii
275 1494 423 1554 naturam
440 1488 598 1554 definiret.
632 1487 799 1566 Quomodo
818 1494 926 1554 autem
943 1509 994 1555 res
1016 1509 1051 1556 se
1074 1489 1200 1568 babeat,

94 1594 196 1676 plane
230 1603 342 1678 patere
364 1596 491 1663 videtur
512 1617 553 1663 cx
574 1596 798 1681 Aristotele²);
820 1597 849 1664 is
872 1598 957 1663 enim
974 1598 1105 1678 eolooo,
1128 1619 1199 1682 quo,

95 1706 137 1770 ob
162 1725 245 1788 quas
266 1706 408 1772 rationes
433 1727 518 1773 esse
542 1706 698 1790 aliquid
718 1705 927 1773 infinitum
953 1707 1111 1790 credatur,
1145 1727 1201 1772 ex-

96 1815 200 1898 ponit,
225 1835 297 1881 eam
319 1836 444 1899 quoque
468 1816 582 1900 adfert,
605 1816 691 1900 quod
712 1818 758 1882 ita
776 1817 880 1884 solum
896 1819 1063 1901 generatio
1082 1822 1114 1882 ct
1136 1837 1203 1883 cor-
1266 1879 1274 1896 ,

96 1923 207 2008 ruptio
226 1945 331 1991 rerum
346 1945 509 2009 nunquam
523 1926 567 1992 sit
582 1926 756 2009 defectura,
775 1925 804 1991 si
826 1926 870 2010 id,
892 1926 987 2010 unde,
1009 1947 1092 2010 qnae
1115 1925 1201 2004 fiant,

98 2034 283 2100 avellantur
305 2025 533 2120 (siccatorium),
566 2035 726 2102 infinitum
748 2036 803 2118 sit;
832 2073 871 2082 -
894 2056 957 2120 quo
981 2034 1111 2118 quidem
1133 2036 1203 2101 looo

98 2144 378 2210 Anaximandrum
399 2145 554 2229 intellegi,
578 2146 631 2211 vel
652 2145 692 2211 ob
715 2145 797 2211 illud
820 2145 982 2230 Simplicii
1005 2152 1037 2211 et
1058 2145 1201 2211 Pseudo·

99 2252 268 2318 Plutarchi
290 2254 507 2320 testimonium
529 2263 650 2321 certum
666 2262 722 2320 est.
750 2253 866 2334 Quare,
889 2255 917 2320 si
933 2255 1098 2321 Aristoteli
1120 2253 1202 2320 fides

99 2362 252 2428 habenda
273 2369 330 2447 est,
352 2364 594 2430 Anaximander
626 2364 685 2429 illa
712 2364 836 2429 ratione
870 2364 999 2430 omnino
1030 2383 1093 2428 non
1125 2380 1202 2428 usus

99 2478 161 2550 cst,
183 2478 218 2537 nt
232 2491 337 2538 rerum
353 2473 550 2558 principium
572 2472 722 2559 probaret
743 2472 903 2539 infinitum
917 2492 998 2557 esse,
1021 2471 1078 2538 sed
1094 2470 1202 2556 potius

100 2588 138 2646 ut
160 2601 251 2648 esse
274 2581 437 2666 aliquod
458 2581 664 2648 inlinitum
687 2579 962 2668 ostenderetil.

207 2783 231 2851 1)
250 2782 371 2854 Simplic.
390 2784 543 2839 Commeat.
562 2782 634 2838 Coel.
653 2784 721 2838 237ι
734 2785 769 2837 38
786 2800 826 2854 eq.
839 2782 882 2836 ed.
902 2781 1031 2836 Careten:
1051 2820 1112 2850 ‚,...
1128 2774 1204 2834 ἄπει-

102 2898 154 2950 ρον
171 2881 202 2934 δὲ
221 2881 328 2950 πρῶτος
349 2878 477 2944 ὑπέθετο,
510 2884 572 2935 ἵνα
599 2881 665 2952 ἔχῃ
683 2879 840 2951 χρῆσθαι
859 2875 948 2948 πρὸς
964 2876 1024 2937 τὰς
1041 2881 1204 2947 γενέσεις

102 2973 298 3048 ἀφθόνωςιι.
1088 3045 1090 3050 Α

203 3073 232 3144 2)
251 3072 332 3142 Phys.
353 3073 402 3138 Ill,
424 3076 448 3126 4.
470 3073 538 3128 2031)
554 3073 599 3127 18:
619 3074 675 3138 „iu
697 3070 724 3143 (ἦ
738 3073 889 3131 πίσιιςιοῦ
901 3067 1025 3141 ἀπείρου)
1038 3071 1075 3140 τῷ
1094 3065 1202 3128 οὕτως

105 3163 278 3241 rivarium
297 3167 341 3241 μὴ
366 3169 769 3241 ὑποιείπεινγένεσιν
791 3172 851 3221 και
874 3159 1021 3239 φθοράν,
1045 3169 1070 3219 ει
1088 3159 1203 3235 ἄπειρον

105 3273 145 3334 εἴη
162 3262 231 3321 ὅθεν
250 3263 404 3339 ἀφαιρεῖται
424 3263 454 3320 τὸ
473 3261 669 3338 γιγνόμενον“.
706 3265 744 3320 Et
763 3263 831 3320 ibid.
850 3265 877 3318 8.
891 3265 988 3318 208⁵&
1006 3262 1066 3332 (ubi
1085 3263 1203 3316 aliorum

105 3365 226 3419 rationes
238 3362 423 3429 refelluntur):
442 3357 520 3433 „orire
537 3360 590 3433 γὰρ
610 3367 661 3417 t'vc
680 3360 696 3429 ἡ
714 3366 847 3432 γένεσις
864 3359 910 3432 μὴ
929 3360 1101 3433 ἐπιλείπῃ,
1121 3354 1204 3428 rincy·

106 3467 182 3515 καῖον
199 3461 323 3530 ἐνεργείᾳ
340 3455 456 3530 ἄπειρον
472 3460 539 3515 εἶναι
561 3461 641 3531 σῶμα
662 3453 814 3525 αἰσθητόν·
834 3453 979 3528 indixerat
1002 3453 1055 3526 γὰρ
1080 3453 1128 3518 τὴν
1154 3461 1205 3508 θα-

107 3562 182 3626 ιέρου
191 3553 305 3630 φθορὰν
323 3561 441 3628 θατέρου
452 3557 520 3611 εἶναι
540 3560 659 3627 γένεσιν,
681 3561 896 3625 πεπερασμένου
915 3547 993 3612 ὄντος
1010 3553 1057 3605 τοῦ
1076 3546 1205 3610 παιτός“.

202 3657 230 3723 3)
251 3653 325 3709 Addi
343 3655 439 3725 possit,
459 3672 522 3710 cum
531 3654 699 3708 Aristotelea
717 3655 747 3707 in
765 3651 911 3706 referenda
923 3651 975 3706 hac
992 3651 1100 3704 ratione
1119 3647 1204 3716 dicat,

108 3750 245 3806 infinitum
263 3768 324 3806 esse
341 3755 472 3822 oportere
490 3751 526 3816 id,
555 3768 646 3821 aquo
666 3767 709 3804 res
733 3751 889 3804 avellantur
919 3743 1104 3818 (ἀφαιρεῖται),
1135 3745 1207 3800 hano

109 3850 191 3919 ipsam
210 3848 350 3904 avellendi
369 3848 413 3903 uel
432 3848 593 3904 secernendi
617 3847 758 3902 notionem
777 3851 806 3901 ct
817 3861 912 3900 vocem
931 3843 987 3899 iam
1002 3843 1205 3913 proprietatem

110 3944 242 4014 quandam
260 3945 462 4000 Anaximandri
482 3944 625 4000 doetrinae
643 3944 796 4012 continere,
829 3941 870 3996 ita
894 3945 926 3995 ιιι
948 3941 1037 4010 magis
1061 3938 1096 3993 ad
1115 3941 1206 4008 poete·
1290 3977 1294 3983 ·

110 4043 203 4097 riorem
231 4041 369 4111 quandam
402 4041 483 4095 huius
510 4040 656 4096 doctrinae
683 4041 791 4108 partem
815 4053 898 4106 quam
921 4036 957 4090 ad
982 4033 1207 4092 constituendum

113 4155 242 4195 nummum
261 4139 431 4208 principium
450 4138 591 4209 pertinere
615 4135 751 4191 videatur.
798 4133 852 4189 Sed
874 4134 926 4188 hoe
951 4132 1039 4188 levina
1062 4135 1111 4196 eet,
1140 4130 1207 4200 quia

113 4237 168 4293 lieri
191 4239 295 4306 potent,
322 4239 355 4289 nt
377 4234 595 4303 Anaximander,
624 4237 713 4288 totam
742 4249 820 4287 auam
846 4230 1001 4287 doctrinam
1026 4226 1208 4300 prospiciens,
