2862 4910
630 390 683 442 293

88 565 259 628 sententia
302 562 557 629 Atheniensibus
600 564 719 646 patria,
766 562 794 628 si
837 561 973 628 alicuius
1015 562 1203 646 philosophi

88 672 145 744 sit,
193 693 258 736 non
296 691 368 738 esse
405 674 506 757 possit
544 672 608 738 nisi
642 672 780 737 alicuius
819 671 1083 755 philosophorum
1120 673 1202 738 loni·

89 799 218 859 corum,
250 783 370 865 quippe
407 785 460 864 qui
491 780 743 847 Atheniensibus
776 783 906 864 cognati
938 781 1012 862 sint,
1046 781 1080 844 in
1114 781 1203 848 hisce

88 895 203 956 autem
227 911 291 955 non
315 891 379 956 nisi
403 911 474 956 cum
487 890 724 956 Anaximandri
747 890 1091 970 doctrinacouveniat3
1114 891 1202 974 quod

88 999 236 1082 denique
257 1001 347 1066 locus
370 1007 498 1084 praeter
520 999 798 1066 Anaximandrum
827 1020 891 1065 non
913 1000 1044 1077 habeat,
1069 1021 1132 1083 quo
1153 1021 1200 1066 re-

88 1109 170 1174 ferri
195 1112 305 1192 possit.
350 1110 469 1176 Verum
493 1111 526 1176 in
549 1109 610 1176 hac
633 1117 701 1175 tota
724 1110 975 1176 Teichmnelleri
999 1109 1040 1175 de
1064 1108 1201 1176 illoAri·

88 1220 220 1284 stotelis
242 1220 313 1284 loco
336 1219 488 1302 opinione
505 1219 587 1285 nihil
610 1227 669 1302 est,
693 1220 780 1302 qnod
798 1239 861 1285 non
883 1241 903 1286 a
924 1241 1001 1286 vero
1018 1219 1200 1286 dissentiat.

87 1327 244 1410 Namque
267 1334 299 1394 et
321 1327 362 1393 de
385 1329 459 1411 ipsa
481 1330 542 1394 loci
563 1331 724 1395 sententia
740 1329 869 1397 omnino
893 1340 988 1408 errat,
1012 1335 1045 1394 et
1059 1331 1200 1396 rationes

88 1438 182 1518 illae,
213 1436 327 1519 quibus
349 1440 453 1504 locum
476 1439 608 1522 probari
641 1446 733 1524 putat
764 1439 806 1504 ad
830 1439 1105 1506 Anaximandrum
1129 1459 1199 1523 per-

89 1547 206 1624 tinere,
230 1547 348 1630 partim
364 1547 467 1613 falsae
488 1554 572 1627 sunt,
596 1547 715 1631 partim
728 1550 921 1614 contrarium
936 1549 1082 1633 probant.
1107 1547 1201 1626 Quod

89 1661 125 1719 ut
149 1655 349 1739 ostendatur,
372 1657 518 1740 longiore
549 1657 679 1741 quidem
699 1658 917 1742 disputatione
940 1677 1021 1741 opus
1045 1665 1103 1740 est,
1127 1679 1199 1742 pro-

89 1769 217 1846 pterea,
248 1765 337 1846 quod
359 1765 416 1831 ille
439 1766 624 1832 Aristotelis
649 1767 737 1833 locus
761 1774 793 1833 et
811 1768 919 1852 paullo
941 1768 1104 1834 obscurior
1126 1776 1157 1834 et
1180 1790 1201 1835 a

90 1874 224 1938 nemine
246 1872 344 1940 etiam
367 1876 446 1940 satis
469 1878 649 1958 explicatus
672 1883 730 1942 est.

197 1983 311 2065 Itaque
348 1983 439 2049 initio
461 1985 644 2051 Aristotelis
676 1988 765 2052 locus
799 1987 929 2051 omnino
963 2007 1026 2052 non
1058 1989 1201 2053 continet

91 2113 166 2157 eam
189 2093 393 2175 sententiam,
426 2114 521 2176 qnam
545 2094 819 2160 Teichmuellerus
843 2115 881 2161 eo
908 2102 1000 2179 putat
1027 2095 1199 2178 contineri;

90 2200 126 2266 id
150 2199 240 2283 quod
260 2221 301 2266 ex
324 2204 395 2286 ipsa
417 2204 479 2268 loci
502 2203 719 2288 explicatione
742 2205 875 2288 patebit.
920 2205 1048 2270 Etenim
1075 2205 1199 2271 Aristo·

90 2311 173 2377 teles
196 2312 305 2377 verbis
328 2313 475 2396 proxime
500 2313 776 2396 antecedentibus,
810 2322 844 2379 ut
865 2322 962 2380 antea
987 2315 1053 2379 iam
1077 2316 1198 2380 monui·

90 2441 174 2501 mua,
196 2421 338 2486 breviter
361 2423 487 2505 repetit,
513 2422 601 2504 quod
623 2423 657 2487 in
679 2424 787 2506 priore
809 2423 891 2488 libro
907 2423 1054 2507 pluribus
1069 2423 1198 2489 demon-

90 2530 216 2612 stravit,
238 2528 391 2595 mundum
414 2536 535 2596 totum
558 2531 628 2611 (τὸν
641 2525 749 2594 πάντα
760 2523 910 2613 οὐρανὸν)
931 2551 990 2598 nco
1013 2538 1116 2598 ortum
1138 2552 1197 2598 nec

90 2639 279 2721 periturum,
313 2638 372 2703 sed
402 2646 599 2705 aeternum
634 2659 714 2706 csse.
741 2641 879 2707 ‚Dicens
913 2647 1021 2706 autem
1045 2640 1196 2707 mundum

90 2753 218 2813 totum
241 2754 406 2813 aeternum
428 2769 510 2833 esse,
540 2771 604 2816 non
627 2750 718 2831 dicit,
748 2769 878 2816 omncs
902 2750 1035 2814 mundi
1058 2758 1196 2833 partes

90 2865 241 2923 aeternas
273 2877 354 2939 esse,
379 2895 418 2902 —
442 2879 517 2924 nam
542 2841 724 2926 Aristotelis
755 2859 914 2926 sententia
946 2860 1057 2925 mundi
1089 2867 1196 2944 partes

90 2967 175 3032 infra
199 2968 307 3033 lunam
333 2968 459 3048 positae
482 2969 625 3036 caducae
648 2977 773 3035 sunt-
792 2969 1014 3036 eadmundum
1036 2977 1196 3052 quatenus

90 3083 196 3142 totus
220 3077 271 3142 vel
294 3082 415 3141 totum
438 3076 596 3158 aliquid
618 3077 809 3160 accipiatur,
833 3083 1091 3142 esseaeternum.
1116 3076 1196 3142 (inm

90 3193 198 3254 autem
222 3207 332 3252 omnes
352 3185 463 3252 mundi
486 3192 593 3270 partes
617 3186 651 3251 in
674 3191 760 3252 motu
776 3192 946 3252 versentur
960 3192 992 3250 et
1014 3185 1142 3264 idcirco,
1167 3186 1195 3252 si

90 3295 238 3369 mundus,
263 3304 420 3378 quatenus
450 3296 608 3380 accipitur
630 3301 725 3378 totus,
761 3303 912 3362 aeternus
936 3301 993 3372 est,
1030 3302 1196 3362 aeternum

89 3425 161 3472 esse
185 3413 332 3490 oporteat
361 3406 488 3489 aliquid
516 3426 636 3484 eorum,
670 3406 813 3489 quaein
843 3412 930 3471 motu
960 3411 1137 3483 versantur,
1161 3405 1195 3470 id

90 3514 176 3596 quod
200 3514 295 3581 i'acile
311 3515 414 3581 videri
438 3519 541 3600 possit
556 3535 741 3599 repugnans
765 3535 847 3595 esse,
870 3514 982 3581 laudat
1000 3515 1194 3580 sententiam

91 3619 253 3703 quandam
285 3623 451 3705 antiquam
480 3621 798 3703 Atheniensibusque
831 3623 981 3704 patriam,
1020 3643 1084 3704 qua
1120 3625 1194 3688 ali·

89 3729 186 3810 quid
207 3749 345 3812 eorum,
379 3752 478 3814 quae
511 3739 745 3814 moveantur,
778 3732 996 3799 immortale
1024 3753 1068 3799 ac
1095 3733 1194 3798 divi-

90 3858 174 3903 num
197 3837 366 3922 dicatur,
392 3847 509 3924 atquc
533 3841 571 3906 id
593 3841 758 3924 quidem,
782 3840 881 3923 quod
903 3848 1102 3907 moveatur
1122 3843 1194 3907 tali

90 3955 202 4030 motu,
225 3948 290 4030 qui
307 3971 381 4014 non
405 3949 545 4016 babeat
568 3949 825 4016 finemverum
847 3951 932 4030 ipsc
954 3951 1194 4033 reliquorum

91 4062 258 4122 motuum
280 4059 377 4124 finis
405 4059 467 4124 sit.
511 4061 626 4141 ltaque
648 4059 839 4126 Aristoteles
875 4081 938 4126 non
971 4063 1068 4126 talem
1095 4081 1193 4144 quan-

91 4163 163 4231 dam
186 4166 298 4232 laudat
320 4168 511 4234 sententiam
542 4169 718 4252 antiquam,
750 4189 816 4251 qua
839 4170 1017 4236 immortale
1048 4192 1087 4262 ac
1113 4170 1193 4237 divi·

91 4293 165 4340 num
190 4275 316 4341 dicatur
339 4275 382 4361 id,
406 4277 493 4359 quod
517 4283 617 4342 motu
640 4279 835 4357 circulari,
870 4279 927 4346 sed
950 4279 994 4362 id,
1029 4279 1114 4363 quod
1137 4281 1194 4346 tali
