2862 4910
617 401 668 456 321

73 579 294 654 generentur,
321 573 446 640 linitum
475 574 531 650 sit3
561 594 673 640 verum
701 575 784 641 idem
813 577 852 642 iis
879 597 1007 660 quoque
1036 578 1194 664 accidere,

75 683 138 764 qui
165 683 368 766 principium
392 690 536 749 statuant
565 685 768 750 inlinitum
790 706 872 768 esse,
903 695 1082 772 propterea,
1110 688 1197 770 quod

75 793 222 857 omnino
251 813 315 858 non
337 795 440 877 possit
473 815 545 860 esse
577 794 704 876 aliquid
731 802 806 861 actu
829 794 996 860 infinitum.
1041 795 1128 881 Ergo
1149 800 1194 864 ita

74 907 214 967 tantum
248 910 337 969 ortus
370 910 402 969 et
423 903 572 969 interitus
602 903 863 969 vicissitudinem
895 924 993 989 posse
1028 910 1192 971 aeternam

76 1030 168 1092 esse,
193 1012 234 1089 si,
256 1030 339 1094 quae
358 1013 526 1095 intereant,
556 1033 619 1078 non
642 1014 771 1077 omnino
790 1011 942 1078 desinant
964 1032 1046 1089 esse,
1069 1014 1128 1081 scd
1149 1016 1193 1079 al-

76 1121 189 1186 terius
207 1122 353 1187 interitus
376 1142 434 1206 per
456 1141 492 1187 se
506 1122 577 1205 ipse
599 1121 734 1188 alterius
748 1123 914 1206 generatio
937 1124 978 1188 sit
990 1125 1022 1201 ¹).
1046 1125 1117 1189 Iam
1132 1123 1194 1190 hoc

77 1250 217 1312 quoque
239 1233 310 1297 looo
326 1231 543 1314 Aristotelem,
566 1254 638 1299 cum
660 1234 802 1315 loquitur
824 1232 865 1299 de
887 1252 926 1298 ea
944 1234 1104 1318 opinione,
1128 1255 1193 1316 qua

78 1342 287 1425 sempiterna
299 1347 386 1406 ortus
398 1348 431 1406 01
443 1343 589 1408 interitus
610 1342 805 1408 vicissitudo
817 1361 858 1407 cx
869 1342 1030 1408 infinitate
1042 1342 1194 1427 principii

79 1450 282 1532 explicetur,
295 1451 328 1514 in
342 1450 456 1534 primis
470 1450 746 1516 Anaximandrum
761 1454 958 1536 intellegere,
978 1451 1055 1516 inde
1067 1453 1192 1518 conclu-

80 1559 232 1624 dendum
244 1566 302 1638 est,
321 1558 407 1641 quod
418 1561 508 1625 locus
521 1580 584 1625 non
596 1560 758 1625 sententia
774 1562 876 1626 solum
894 1560 952 1627 sed
964 1560 1082 1645 partim
1096 1563 1192 1626 etiam

80 1671 196 1735 verbis
231 1670 334 1747 (velut
363 1662 401 1751 ‘ri
423 1668 546 1752 γένεσις
580 1670 639 1748 οὐχ
663 1659 871 1749 iactatae-2³)
902 1691 974 1736 oum
1001 1671 1057 1735 illo
1086 1671 1194 1754 priore

83 1781 219 1845 omnino
235 1780 403 1844 consentit.
427 1778 534 1856 Quare
547 1797 618 1842 oum
631 1777 692 1843 hoc
706 1797 833 1861 quoque
846 1779 917 1844 loco
939 1784 1049 1862 aperte
1060 1798 1193 1861 genera-

83 1888 221 1970 tionem,
244 1908 328 1970 quae
344 1881 450 1972 adalp
465 1886 530 1965 liat,
549 1886 762 1970 generationi,
785 1908 870 1970 quae
881 1887 938 1952 fiat
958 1888 1025 1950 κατ’
1043 1879 1193 1969 εὐθεῖαν,

83 2003 234 2083 opponat
248 1997 324 2075 (etsi
347 1997 432 2062 euim
450 2017 490 2061 ne
503 1995 554 2060 hic
570 1995 700 2078 quidem
713 1995 762 2061 his
773 1997 940 2062 vocabulis
953 1997 1064 2072 utitur,
1086 2004 1192 2062 101000

84 2107 249 2191 intellegit
271 2105 315 2189 id,
343 2105 429 2190 quod
460 2106 502 2170 iis
525 2105 766 2188 significaturh,
800 2106 1056 2172 concludendum
1082 2125 1192 2171 rursus

84 2221 147 2299 est,
169 2236 244 2281 eum
267 2215 349 2280 hanc
372 2216 581 2299 posteriorem
605 2213 749 2280 tribuere
771 2215 1025 2282 Anaximandro.

190 2324 255 2390 Sed
282 2323 370 2407 apud
392 2323 594 2390 Aristotelem
622 2322 720 2386 etiam
747 2322 839 2390 huius
863 2323 1097 2390 Anaximandri
1120 2345 1191 2390 sen·
1287 2405 1292 2416 .

84 2434 210 2500 tentiae
243 2435 424 2517 exemplum
460 2433 626 2517 reperitur.
682 2433 767 2497 Nam
799 2433 939 2515 quodam
966 2433 1191 2518 Meteorologi·

85 2564 199 2609 corum
220 2541 323 2625 loooi)
346 2544 471 2623 aliquos
491 2543 590 2608 refert
606 2549 728 2625 putare,
751 2562 799 2622 00,
823 2542 908 2624 quod
923 2549 1039 2608 natura
1055 2542 1192 2608 humida

87 2654 207 2738 partim
232 2653 367 2718 abiisset
390 2653 421 2715 in
434 2671 550 2724 aerem,
575 2658 675 2716 totum
692 2651 774 2716 coeli
789 2650 943 2716 ambitum
964 2658 1093 2717 auctum
1110 2671 1192 2732 0000,

87 2771 267 2847 contraque
288 2762 372 2829 hanc
387 2762 580 2827 sententiam
603 2760 693 2840 dicit,
716 2781 800 2843 quae
815 2781 919 2843 aquae
934 2768 1043 2843 partes
1066 2781 1191 2826 sursum

87 2871 234 2935 ferantur
256 2875 288 2934 et
311 2870 343 2932 in
366 2887 474 2933 aerem
490 2873 667 2943 vertantur,
692 2887 748 2932 cas
771 2886 892 2948 omnes,
916 2887 1009 2933 secus
1031 2876 1126 2950 atque
1144 2869 1192 2934 illi

88 2985 211 3064 putent,
243 2984 330 3043 cetto
357 2977 497 3060 quodam
524 2977 693 3047 intervallo
715 2995 825 3041 rursus
852 2977 884 3040 in
908 2996 1025 3058 aquam
1048 2979 1191 3044 converti

89 3095 121 3152 et
142 3089 178 3152 in
205 3094 323 3153 terram
359 3086 486 3152 deterri.
529 3085 727 3151 Sententiam
762 3084 821 3150 hoc
850 3084 945 3151 modo
977 3086 1190 3170 improbatam

87 3198 325 3264 Anaximandri
351 3217 433 3279 esse,
463 3198 568 3281 ipsius
593 3196 809 3279 Theophrasti
836 3195 1026 3262 auctoritate
1047 3196 1191 3262 vidimus

89 3314 247 3374 constare.
302 3308 415 3388 Itaque
450 3326 490 3371 ex
524 3292 688 3370 hocloco
721 3304 926 3388 intellegitur,
959 3305 1189 3372 Anaximandri

89 3417 252 3483 sententia
278 3435 334 3482 eas
357 3422 490 3481 naturae
513 3413 663 3480 humidae
686 3419 805 3497 partes,
833 3416 970 3496 quaein
994 3435 1101 3480 aerem
1122 3434 1189 3481 ver-

89 3547 145 3592 sae
171 3527 243 3603 sint,
278 3545 317 3591 ex
341 3524 439 3590 hocce
466 3543 528 3589 non
562 3542 672 3589 rursus
707 3523 740 3586 in
764 3528 911 3588 naturam
932 3522 1095 3589 humidam
1119 3544 1192 3590 con·

89 3639 183 3718 verti;
207 3633 241 3699 id
263 3642 370 3699 autem
393 3635 573 3717 exemplum
598 3638 646 3698 est
669 3633 738 3698 eius
761 3633 818 3710 rei,
850 3632 936 3714 quod
960 3633 1191 3700 Anaximandri

91 3768 269 3775 ——.--—--

190 3833 219 3897 l)
237 3831 355 3884 Aristot.
375 3829 443 3884 Gen.
463 3828 541 3882 Corr.
565 3827 587 3896 1,
606 3829 631 3880 3.
652 3825 850 3879 318·13—25.
888 3824 978 3878 Locus
1003 3824 1115 3894 longior
1140 3827 1191 3884 est,

90 3945 173 3996 quarn
191 3931 224 3981 ut
242 3926 297 3980 huo
314 3925 403 3994 possit
422 3923 598 3978 transscribi.

187 4023 216 4091 2)
237 4022 403 4076 Aristoteles
431 4021 555 4089 primum
578 4019 647 4074 dicit
677 4019 800 4088 ’γένεσιν
823 4010 922 4086 aiatp'
956 4020 985 4070 et
1011 4014 1136 4085 ’γένεσιν
1154 4018 1192 4073 εἰς

90 4115 166 4175 ari-W
188 4119 255 4174 Gen.
277 4118 353 4172 Corr.
373 4118 408 4187 ΙΙ,
429 4120 470 4171 10.
490 4119 592 4170 33711
613 4133 653 4184 sq.
674 4119 702 4169 et
723 4118 763 4168 ll.
784 4116 855 4168 338³
871 4116 888 4168 ll
907 4130 948 4182 sq.

187 4219 217 4283 3)
236 4216 353 4270 Aristot.
372 4214 489 4270 Meteor.
508 4213 545 4280 ΙΙ,
564 4215 589 4267 2.
608 4212 680 4266 311ι
693 4214 736 4264 21.
765 4209 829 4265 Vid.
854 4227 939 4279 supra
961 4227 988 4278 p.
1009 4211 1071 4275 248,
1097 4213 1154 4263 not.
1176 4209 1189 4261 1
1273 4220 1274 4223 ’

90 4319 116 4368 01
134 4333 161 4384 p.
180 4315 242 4367 313.

985 4404 1019 4455 21
