2882 4902
793 371 935 470 a

265 550 378 616 stotele
413 547 590 613 omnibus
622 548 833 612 communis
867 565 939 613 csse
957 545 1108 628 dicitur¹)
1130 551 1171 626 ct,
1195 553 1229 612 ut
1251 553 1360 630 postea

265 656 449 742 apparebit,
484 656 526 721 ad
552 655 787 723 Anaximandri
817 656 997 724 doctrinam
1027 657 1158 722 omnino
1185 675 1360 722 accommo-

265 766 343 832 data
364 773 423 833 est.

365 876 425 942 His
439 875 597 959 expositis
610 894 649 941 eo
665 877 861 960 revertimur,
877 876 961 942 unde
973 875 1111 960 digressi
1126 895 1244 941 sumus.
1260 874 1360 953 Quae·

266 989 403 1070 rebatur,
426 985 542 1068 quibus
565 985 745 1051 rationibus
761 993 935 1052 commotus
950 984 1192 1052 Anaximander
1207 1003 1359 1051 summum

265 1117 371 1163 rerum
392 1095 586 1180 principium
614 1095 769 1161 voluisset
795 1115 865 1162 esse
891 1095 935 1174 id,
969 1096 1053 1178 quod
1081 1103 1166 1161 esset
1195 1094 1358 1160 infinitum.

266 1206 440 1288 Postquam
463 1205 531 1270 veri
554 1204 753 1270 simillimum
776 1225 847 1270 esse
869 1205 1060 1288 invenimus,
1083 1225 1154 1270 enm
1178 1185 1358 1269 Aristotelis

265 1317 379 1398 locum,
414 1314 539 1398 dequo
562 1314 726 1397 hucusque
758 1314 1002 1399 disputavimus,
1026 1313 1067 1378 ad
1089 1312 1357 1378 Anaximandrum

267 1426 438 1510 pertinere,
480 1426 546 1490 iam
582 1425 671 1489 illam
712 1425 932 1507 quaestionem
965 1425 1089 1490 solvere
1118 1423 1358 1504 universamque

266 1534 500 1600 Anaximandri
522 1533 562 1600 de
585 1533 646 1599 hac
661 1554 695 1600 re
710 1535 902 1600 sententiam
917 1534 965 1600 sic
980 1533 1048 1621 lere
1064 1532 1254 1599 adumbrare
1268 1550 1356 1616 posse

266 1644 360 1710 nobis
391 1644 546 1710 videmur.
589 1643 830 1709 Anaximander
853 1644 961 1728 igitur,
997 1645 1163 1708 asummi
1198 1643 1354 1710 cuiusdam

267 1774 372 1820 rerum
393 1753 547 1838 principii
574 1753 727 1839 opinione
756 1754 928 1838 profectus,
955 1753 1094 1838 primum
1116 1752 1157 1818 de
1180 1753 1249 1817 eius
1270 1752 1301 1816 vi
1322 1770 1357 1814 ao

268 1864 397 1929 notione
413 1883 571 1946 quaerens
594 1864 753 1948 cognovit,
775 1883 880 1928 rerum
899 1863 1095 1947 principium
1118 1861 1202 1928 idem
1225 1881 1293 1928 esse
1314 1867 1356 1924 at·

268 1993 330 2057 que
352 1969 389 2038 cd
413 1966 633 2054 ὑποκείμενον
647 1973 716 2040 sive
731 1980 877 2039 naturam
891 1965 1043 2038 omnibus
1063 1972 1157 2038 rebus
1178 1971 1354 2049 subiectam,

269 2102 352 2166 quae
380 2102 436 2158 eas
462 2090 559 2148 etex
584 2103 656 2149 sese
687 2089 855 2166 generaret
883 2089 915 2148 et
943 2084 978 2148 in
1007 2101 1041 2148 se
1070 2082 1248 2148 contineret
1268 2087 1356 2162 atque

269 2192 410 2273 undique
421 2192 667 2277 amplecteretur
677 2184 993 2275 (περιέχεινᾶπαντα
1004 2189 1058 2255 καὶ
1069 2184 1176 2253 πάντα
1187 2187 1355 2271 κυβερνᾶν).

269 2301 435 2380 Quaerens
458 2299 584 2385 deinde,
622 2302 717 2384 quale
738 2320 810 2367 esse
833 2308 992 2386 oporteret
1015 2300 1057 2379 id,
1081 2299 1168 2383 quod
1189 2299 1250 2365 hoc
1270 2295 1357 2362 modo

270 2429 429 2476 summum
459 2429 563 2475 rerum
593 2407 788 2494 principium
810 2429 882 2475 esse
904 2417 1021 2493 posset,
1054 2408 1118 2474 sibi
1141 2407 1306 2493 persuasit,
1326 2403 1356 2469 id

270 2538 341 2584 esse
363 2538 427 2583 non
452 2537 549 2602 posse
569 2518 633 2584 nisi
656 2525 833 2585 naturam
855 2517 1047 2601 quandam
1069 2516 1284 2594 infinitam,
1310 2513 1356 2578 lris

269 2627 346 2706 fere,
370 2627 492 2711 opinor,
518 2625 642 2693 dnobus
668 2647 744 2694 usus
766 2626 963 2711 argumentis
985 2647 1026 2693 ex
1048 2627 1122 2712 ipsa
1143 2626 1259 2692 summi
1279 2623 1356 2709 priu-

273 2736 351 2821 oipii
376 2738 505 2812 notione
529 2736 650 2821 petitis.
686 2737 791 2804 Unum
813 2744 1035 2821 argumentum
1057 2744 1154 2820 atque
1177 2736 1211 2803 id
1231 2734 1357 2819 quidem,
1422 2783 1423 2824 3

270 2854 304 2912 ut
332 2846 468 2930 videtur,
495 2845 603 2930 priore
632 2846 710 2912 loco·
730 2847 869 2930 positum
896 2884 936 2892 -
963 2867 1100 2930 namque
1127 2854 1159 2912 et
1184 2867 1243 2913 sua
1263 2843 1356 2930 ipsius
1422 2909 1423 2912 ,

269 2957 394 3022 ratione
416 2957 551 3021 alterum
572 2954 739 3040 praecedit
754 2963 785 3021 et
803 2956 844 3021 ab
862 2955 1035 3023 Aristotele
1051 2956 1149 3022 etiarn
1170 2955 1276 3041 priore
1295 2954 1358 3017 looo

270 3064 435 3151 ponitur2)
448 3102 487 3110 —
510 3071 559 3132 est
573 3064 685 3131 hocce:
711 3064 950 3148 quodomnium
972 3087 1078 3132 rerum
1098 3065 1291 3151 principium
1307 3067 1356 3141 est,

269 3175 331 3242 hoo
353 3182 409 3255 est,
433 3175 521 3259 quod
543 3184 574 3240 et
598 3194 708 3240 omnes
730 3195 781 3240 res
804 3196 844 3242 ex
867 3195 938 3242 sese
959 3176 1066 3261 gignit
1088 3183 1119 3242 et
1141 3176 1267 3260 genitas
1288 3191 1355 3238 ocn-

270 3285 351 3351 tinet
372 3293 469 3369 atque
498 3284 703 3368 amplectitur
725 3285 794 3350 sive
817 3284 1048 3368 circumcludit,
1071 3285 1129 3367 (ita
1151 3285 1237 3350 enirn
1258 3299 1356 3349 vocem

271 3391 434 3476 περιέχειν
448 3392 698 3477 intellegendam
713 3411 793 3477 esse,
816 3393 902 3459 inira
914 3393 1113 3479 apparebit3)
1131 3393 1165 3459 id
1183 3414 1248 3459 non
1261 3395 1358 3478 potest

272 3505 376 3588 ipsum
400 3523 441 3569 ex
462 3503 527 3569 ullo
550 3503 710 3588 principio
732 3523 816 3584 esse3
841 3505 906 3569 tale
929 3512 1036 3570 autem
1053 3525 1117 3570 non
1139 3510 1189 3570 est
1211 3503 1275 3569 nisi
1296 3498 1358 3565 inti·

272 3611 387 3692 nitum;
421 3612 483 3678 hoo
502 3612 588 3677 enim
609 3613 720 3696 solum,
743 3613 895 3695 quoniam
925 3613 1085 3680 infinitum
1111 3620 1169 3696 est,
1191 3620 1239 3679 'et
1259 3627 1358 3678 omnes

246 3709 248 3712 ⁵
273 3742 324 3788 res
345 3722 508 3788 continere
535 3729 631 3806 atque
654 3721 918 3804 circumcludere,
953 3744 1012 3789 nec
1039 3723 1145 3807 ipsum
1170 3722 1212 3789 ab
1242 3722 1306 3789 alia
1331 3736 1358 3782 re

273 3831 429 3898 contineri
450 3838 565 3918 potest,
588 3831 862 3916 quandoquidem,
885 3833 913 3898 si
936 3833 977 3898 ab
1000 3832 1123 3898 aliare
1145 3831 1358 3908 contineretur,

272 3941 314 4007 ab
334 3941 395 4008 hac
415 3941 559 4007 finiretur
580 3934 664 4025 (ηεῖ’)
677 3937 736 4024 γὰρ
751 3933 791 4004 to
806 3932 910 4006 advoc
924 3939 1070 4026 ae‘pc9“),
1093 3961 1152 4007 neo
1172 3940 1272 4026 igitur
1285 3941 1359 4004 esset

379 4175 405 4246 1)
425 4175 495 4229 roro.
515 4174 584 4228 2031>
597 4177 641 4228 aa.
883 4175 897 4206 ⁶

371 4271 489 4342 2)1bid.
510 4270 609 4327 203b4
628 4290 667 4340 sq.
