2882 4902
626 1124 657 1208 Ι.

129 1319 189 1383 nn
215 1318 436 1385 annuatur
459 1320 665 1386 urrunnu
688 1320 917 1386 morumne
940 1316 1147 1386 nortona.

187 1514 217 1576 1.
244 1513 487 1580 Anaximander
502 1515 534 1579 in
550 1534 682 1579 numero
697 1534 806 1579 eorum
822 1519 879 1594 est,
903 1514 957 1597 qui
973 1533 1069 1578 unum
1086 1514 1190 1579 solum

85 1639 191 1686 rerum
206 1622 403 1706 principium
415 1631 598 1708 posuerunt,
616 1623 701 1706 quod
718 1643 774 1707 per
786 1643 821 1688 se
836 1624 938 1689 solum
956 1642 1065 1688 omncs
1085 1642 1189 1687 rerum

88 1750 232 1811 caussas,
255 1735 454 1798 materialem
478 1734 548 1799 dico
570 1732 736 1816 (utendum
755 1734 840 1799 enim
860 1740 910 1799 est
924 1732 1080 1799 vocabulo
1102 1732 1191 1816 apud

88 1837 299 1925 philosophos
315 1845 395 1908 satis
410 1843 499 1924 trito)
525 1851 556 1909 et
578 1843 774 1927 genitricem,
798 1844 832 1908 in
854 1863 889 1908 se
911 1842 1088 1918 cohiberet3
1116 1862 1191 1907 num

90 1949 185 2014 ctiam
203 1952 238 2016 in
254 1972 325 2018 sese
339 1973 436 2018 unum
458 1973 497 2018 ac
517 1953 655 2038 simplex
677 1973 747 2018 csse
767 1952 937 2038 putaverit,
960 1959 1074 2036 postea
1095 1971 1189 2035 quae·

90 2059 224 2126 rendum
240 2062 310 2126 erit.
345 2062 414 2128 Hoc
433 2069 538 2128 autem
555 2083 651 2128 unum
667 2082 771 2127 rernm
786 2062 982 2147 principium
997 2061 1098 2127 voluit
1120 2081 1191 2127 esse

90 2166 131 2245 id,
165 2169 267 2250 quod
289 2179 394 2237 esset
416 2170 639 2251 infinitum,
672 2171 756 2255 quod
778 2165 825 2236 τὸ
847 2159 1017 2253 ίίπειρον
1039 2173 1191 2256 appellat.
1231 2163 1235 2168 ’

92 2275 152 2342 Res
174 2279 272 2361 plane
295 2287 419 2346 constat
442 2301 482 2345 ex
503 2281 683 2359 Aristotele,
706 2280 761 2364 qui
790 2279 888 2364 Phys.
913 2281 971 2360 111,
995 2279 1068 2362 4¹),
1102 2287 1191 2364 post·

93 2405 185 2467 quam
208 2388 371 2455 inlinitum
393 2389 503 2456 docuit
525 2390 709 2456 necessario
731 2389 886 2475 principii
901 2389 968 2454 vim
992 2389 1119 2472 habere,
1142 2391 1190 2456 sio

93 2497 282 2563 sententiam
305 2498 481 2564 concludit:
505 2492 577 2583 „ded
673 2489 716 2562 or'
737 2491 856 2582 ταύτης
870 2497 918 2578 (id
939 2507 998 2581 est,
1018 2501 1077 2564 τοῦ
1098 2489 1190 2563 ἀντεί-

95 2626 165 2685 ρου,
189 2607 314 2690 dequo
336 2610 445 2693 paullo
468 2616 542 2674 ante
562 2607 662 2697 ἀρχῆς
683 2610 874 2676 vccabulum
903 2609 1083 2676 adhibitum
1109 2612 1191 2692 erat)

94 2703 184 2801 α’ρχή,
207 2711 276 2782 ἀλλ’
291 2712 374 2805 αὑτὴ
396 2718 463 2782 τῶν
477 2707 584 2782 ἄλλων
599 2709 682 2783 εἶναι
704 2719 796 2784 δοκεῖ
817 2717 871 2782 καί
885 2717 1048 2802 περιέχειν
1062 2713 1192 2783 ἅπαντα

95 2823 144 2887 καὶ
158 2820 267 2890 πάντα
281 2829 447 2910 κυβερνᾶν,
470 2821 629 2912 ἰίςφασίν
651 2821 741 2893 ὅσοι
763 2821 812 2915 μὴ
835 2829 1002 2892 ποιοῦσι
1023 2823 1128 2910 παρὰ
1145 2822 1189 2892 τὸ

95 2920 256 3018 ἷίαειρον
287 2924 404 3013 ίίλλας
438 2931 583 3016 αἰτίας,
617 2927 691 3001 οἷον
719 2939 794 3002 νοῦν
821 2929 841 3022 ἢ
866 2933 987 3022 φιλίαν,
1021 2935 1075 3000 καί
1102 2941 1190 3002 τοῦτ’

96 3032 174 3108 εἶναι
200 3041 239 3110 τὸ
273 3049 390 3110 θεῖον·
416 3037 584 3111 ἀθάνατον
606 3045 664 3130 γὰρ
688 3045 742 3110 καί
763 3037 962 3128 ἀνώλεθρον,
987 3039 1032 3122 ὥς
1051 3045 1150 3131 φησὶν
1173 3037 1210 3110 d

96 3140 394 3242 Ἀναξίμανδρος
415 3153 469 3220 καί
491 3149 523 3221 oi
545 3154 697 3222 πλεῖστοι
717 3157 784 3220 τῶν
802 3149 1036 3242 φοοίολόγωνιί.
1066 3155 1190 3234 Quibus

99 3264 201 3331 verbis
224 3272 336 3351 aperte
357 3265 421 3330 duo
454 3266 665 3349 eontinentur,
699 3266 853 3351 primum,
883 3266 924 3331 ab
950 3265 1192 3331 Anaximandro

98 3371 294 3442 inlinitum
327 3376 404 3461 poni
437 3376 577 3456 omnium
610 3396 716 3441 rerum
748 3375 959 3460 principium,
995 3375 1129 3460 deinde,
1163 3376 1192 3441 si

99 3485 275 3567 respexeris
306 3482 349 3550 ad
378 3485 493 3564 verba,
526 3477 593 3564 ,ὥς
618 3483 718 3569 φασίν
747 3477 821 3549 ὅσοι
852 3480 896 3570 μὴ
931 3485 1070 3550 ποιοῦσι
1103 3481 1194 3567 παρὰ

100 3585 133 3653 τὸ
153 3581 293 3676 ίίντειρον
314 3581 412 3671 ditor
432 3588 551 3671 αἰτίας,
583 3583 657 3658 οἷον
688 3595 767 3659 νοῦν
793 3591 847 3657 καί
869 3591 1009 3680 φιλίαν“,
1048 3596 1094 3661 ita
1115 3593 1193 3679 poni

100 3703 234 3769 omnium
250 3723 354 3769 rerum
370 3703 575 3788 principium,
591 3710 627 3769 nt
641 3724 738 3769 unum
754 3723 864 3770 omnes
879 3723 986 3770 rerum
1001 3723 1142 3786 caussas,
1160 3709 1193 3768 et

102 3813 292 3879 materialem
316 3820 348 3878 et
368 3813 567 3896 genitricem,
590 3812 762 3878 contineat.
795 3812 1072 3879 Anaximandrum
1095 3832 1193 3878 unum

102 3919 196 3986 solum
218 3929 360 3990 statuere
382 3922 591 4008 principium,
626 3943 666 3988 ex
699 3943 762 4005 quo
784 3943 842 4006 per
864 3923 1024 4006 quendam
1052 3922 1193 4008 ipsius

105 4037 215 4096 motum
231 4052 340 4098 omncs
356 4051 407 4098 res
430 4039 631 4116 generentur,
654 4031 843 4098 Aristoteles
866 4033 964 4098 etiam
986 4032 1089 4116 Phys·
1097 4032 1122 4115 Ι,
1140 4033 1193 4111 4²)

195 4234 219 4304 1)
238 4231 307 4289 acab
322 4235 363 4287 ro.
427 4242 431 4250 ·

193 4331 221 4401 2)
241 4332 307 4385 rar·
326 4333 439 4386 12-21.
