2864 4904
602 385 654 439 105

72 557 157 622 festo
186 556 273 622 idem
297 564 347 624 est
371 564 469 640 atque
496 565 629 641 quartus
654 565 775 626 temere
802 558 866 626 huc
892 562 1076 642 translatus,
1095 556 1175 647 ‘asir

72 661 194 748 μεταξύ
217 660 316 752 φύσιν
337 665 434 747 ἀέρος
459 666 571 732 τεκαὶ
596 669 701 751 πυρὸς
729 661 750 756 ἢ
778 659 876 752 ἀέρος
901 693 937 734 τε
964 668 1018 733 καὶ
1036 664 1172 746 ὅδατος’

73 795 196 860 ponere
216 776 313 861 dicat,
336 784 500 862 postremo
523 780 593 845 loco
625 781 722 846 etiam
750 780 884 864 addens,
918 779 1000 850 hanc
1026 785 1174 846 naturam

73 884 215 952 mediam
236 893 373 971 utroque
395 888 501 972 modo,
523 888 558 955 id
582 897 641 973 est,
664 895 697 956 et
726 891 810 956 inter
831 909 939 956 aerem
962 895 994 956 et
1014 891 1121 974 ignem
1144 896 1176 955 et

74 993 158 1058 inter
180 1013 288 1060 aerem
311 1001 344 1060 et
365 1013 482 1078 aquam
504 996 644 1063 mediam
667 997 734 1063 dici
743 995 776 1076 ¹).
819 997 848 1063 A
874 1017 1013 1082 quonam
1039 1003 1174 1081 utroque

75 1103 172 1170 modo
189 1103 320 1184 dicatur,
343 1120 423 1170 num
434 1105 477 1172 ab
486 1105 659 1173 Aristotele
679 1112 801 1174 tantum
823 1128 865 1173 an
888 1109 930 1174 ab
952 1108 1025 1173 aliis
1047 1127 1175 1191 quoque

74 1214 125 1278 rel
148 1215 246 1280 ctiam
267 1215 309 1280 ab
332 1214 492 1291 omnibus,
515 1235 555 1282 ex
570 1216 749 1283 Alexandri
772 1218 880 1284 verbis
909 1237 974 1283 non
996 1223 1083 1283 certo
1106 1218 1174 1300 qui·

76 1322 150 1389 dom
173 1325 325 1408 cognosci
340 1330 460 1409 potest3
483 1325 541 1392 sed
556 1327 585 1393 si
605 1333 789 1394 accuratam
800 1327 956 1394 adbibere
977 1329 1054 1395 licet
1075 1329 1176 1412 expli·

179 1570 205 1637 1)
224 1568 378 1638 Postquam
410 1569 569 1624 Alexander
596 1569 625 1622 iu
652 1569 838 1638 explicatione
864 1571 936 1624 sexti
963 1571 1063 1641 capitis
1090 1572 1175 1640 primi

76 1657 199 1736 Metaph.
218 1666 285 1720 libri
307 1666 343 1720 de
366 1666 495 1734 materia,
524 1684 608 1735 quem
632 1667 714 1722 Plato
737 1667 807 1722 ideis
832 1668 980 1736 subiceret,
1009 1668 1173 1738 disputavit,

77 1780 103 1830 p.
121 1765 165 1831 45,
186 1765 218 1816 lb
237 1763 302 1818 inde
322 1763 444 1818 averbis
462 1760 564 1818 ‘orabo
582 1763 614 1817 δὲ
625 1759 696 1817 ari?
717 1764 840 1833 additur,
859 1765 1050 1833 Aristotelem,
1069 1766 1197 1835 quippe'

79 1859 124 1926 qni
142 1860 292 1915 materiam
311 1860 416 1916 dixerit
434 1861 470 1916 ab
491 1860 553 1916 aliis
565 1879 738 1931 corpoream,
756 1862 873 1926 abaliis
886 1861 1080 1930 incorpoream
1098 1863 1173 1932 poni,

78 1956 199 2024 primum
216 1958 379 2014 disseruisse
397 1959 433 2014 ds
451 1959 568 2014 Platone
590 1964 620 2015 et
638 1959 832 2030 Pythagoreis,
858 1959 906 2030 qui
924 1959 1071 2014 materiam
1089 1977 1173 2029 pone·

79 2056 139 2106 rent
160 2055 363 2125 incorpoream,
379 2055 503 2110 omisisse
513 2056 686 2126 Leucippum
706 2060 734 2111 ct
743 2055 946 2124 Damocritum,
966 2057 1174 2125 quimateriam

79 2156 212 2217 ponerent
229 2157 259 2207 et
277 2170 439 2222 corpoream
459 2158 487 2207 et
505 2154 708 2223 incorpoream,
728 2153 776 2208 sed
794 2153 921 2208 dehisce
940 2154 1073 2230 cumiano
1092 2159 1174 2208 antea

82 2246 192 2317 dixisse3
210 2248 332 2319 denique
349 2249 452 2316 influe,
470 2252 550 2320 v.20‚
569 2251 792 2321 haeoleguntur:
814 2254 988 2320 ηηροσέθηκε
1007 2250 1039 2303 δὲ
1053 2251 1083 2322 τῇ
1103 2253 1174 2302 ἱστο-

81 2348 122 2412 ρίᾳ
141 2342 481 2417 καὶτὴνἈναξιμάνδροο
494 2343 585 2418 δόξαν,
603 2344 635 2408 ὃς
651 2339 740 2419 ἀρχὴν
753 2349 833 2402 ἔθετο
851 2345 912 2414 τὴν
929 2345 1051 2419 μεταξὺ
1070 2341 1174 2418 φύσιν

81 2435 168 2510 ἀέρος
192 2461 225 2496 τε
243 2447 298 2496 καὶ
317 2438 454 2515 πορόςῆ
477 2440 577 2515 ἀέρος
599 2463 632 2498 τε
656 2448 710 2498 καὶ
733 2440 862 2503 iidoror·
887 2446 1017 2514 λέγεται
1035 2439 1097 2512 γὰρ
1116 2437 1173 2514 ἂμ·

82 2540 255 2610 φοτέρως.“
294 2541 371 2596 Haec
393 2546 486 2596 autem
504 2542 598 2597 omnia
618 2542 654 2597 ad
673 2542 703 2597 id
721 2541 883 2596 Aristotelia
902 2545 994 2610 caput,
1016 2540 1092 2609 quod
1109 2540 1136 2594 lu
1155 2541 1173 2594 l.

82 2633 114 2688 ab
131 2637 291 2692 Alexandro
311 2639 476 2708 explicatur,
495 2641 608 2694 omnino
627 2658 683 2695 non
704 2640 857 2710 pertinent.
875 2642 1026 2709 propterea
1046 2637 1122 2706 quod
1140 2637 1175 2692 de

81 2731 112 2784 iis
129 2733 157 2786 in
176 2734 229 2791 hoc
241 2736 333 2804 capite
346 2736 382 2790 ab
392 2736 545 2792 Aristotele
558 2737 671 2792 omnino
690 2737 761 2792 nihil
773 2737 886 2792 dicitur.
923 2735 1071 2800 Pertipent
1080 2737 1174 2788 autem

82 2827 113 2882 ad
130 2835 213 2900 caput
230 2834 359 2901 proxime
379 2852 511 2904 sequens3
542 2835 571 2888 in
584 2835 644 2890 'hoc
662 2835 735 2890 enim
762 2835 817 2889 illa
837 2833 932 2890 omnia
956 2833 1053 2888 eodem
1077 2831 1175 2885 ordine
1232 2881 1235 2886 .

82 2924 113 2977 ab
131 2928 282 2985 Aristotele
300 2931 442 3000 dicuutur,
468 2931 498 2985 in
516 2932 569 2986 hoo
588 2949 686 2987 verum
710 2932 793 2986 etiam
813 2935 864 3000 eat,
890 2929 966 2999 quod
987 2929 1047 2984 illic
1072 2927 1175 2982 dicitur

81 3016 250 3092 ιπροσέθηκε
263 3026 294 3080 δὲ
307 3029 340 3100 τῇ
349 3030 456 3098 ἱστορίᾳ
472 3024 557 3098 κτλ.’;
576 3033 661 3098 atque
673 3029 758 3084 etiam
768 3029 797 3082 in
808 3028 890 3082 huius
901 3026 1086 3096 explicatione
1095 3023 1175 3082 brevi

82 3125 147 3185 post,
164 3140 193 3192 p.
213 3125 256 3192 46,
275 3125 312 3178 20
330 3141 381 3194 sq,
400 3125 503 3180 iterum
522 3125 620 3180 iisdem
638 3126 722 3194 plane
740 3126 833 3180 verbis
853 3125 993 3194 leguntur.
1030 3122 1175 3178 Postrema

83 3217 165 3274 solum
187 3221 274 3276 verba
292 3221 426 3276 mutilata
445 3227 522 3292 sunt3
549 3222 618 3278 haec
640 3223 714 3278 enim
736 3222 789 3277 hoo
811 3221 965 3292 posteriore
991 3221 1051 3275 loco
1071 3219 1109 3286 (v.
1127 3218 1175 3288 28)

82 3314 118 3370 sic
147 3318 292 3390 leguntur:
336 3324 510 3390 „necessisse
540 3319 573 3374 δὲ
603 3320 634 3393 τῇ
663 3322 769 3389 ἱστορίᾳ
801 3321 847 3371 καὶ
881 3316 931 3384 τὴν
951 3308 1176 3387 Ἀναξιμάνδρου

83 3405 166 3477 δόξαν,
182 3409 213 3474 ὃς
229 3409 319 3485 ἀρχὴν
336 3417 417 3471 ἔθετο
434 3413 484 3483 τὴν
501 3415 602 3487 μεταξὺ
621 3410 708 3488 φύσιν
726 3411 806 3486 ἀέρος
832 3433 860 3469 τε
881 3418 928 3468 καὶ
946 3408 1056 3480 ηυρός“,
1082 3411 1175 3466 verbis

85 3499 113 3576 ,i
128 3505 204 3580 ἀέρος
224 3528 252 3563 τε
271 3513 317 3563 καὶ
334 3505 443 3568 ὓδατος·
463 3512 567 3580 λέγεται
586 3507 640 3581 γὰρ
652 3506 833 3582 ἀμφοτέρως“
853 3508 979 3576 omissis;
995 3507 1064 3562 haec
1080 3509 1175 3560 autem

84 3607 160 3664 verba
178 3608 215 3663 ab
233 3608 293 3678 ipso
311 3606 473 3663 Alexandro
494 3607 591 3663 addita
609 3608 695 3662 fuisse
718 3612 746 3663 et
770 3625 827 3664 non
845 3606 900 3662 nisi
923 3604 1034 3660 librarii
1058 3602 1175 3659 alicuius

84 3701 182 3760 incuria
201 3705 304 3760 omissa
323 3723 390 3768 esse,
408 3705 474 3761 inde
492 3709 581 3775 patet,
601 3705 677 3775 quod
696 3705 791 3775 priore
809 3706 870 3760 loco
889 3705 1023 3774 leguntur
1041 3705 1070 3757 et
1090 3701 1175 3770 quod,

85 3803 112 3854 ut
126 3802 254 3872 deinceps
272 3802 429 3872 apparebit,
457 3802 493 3858 ad
512 3803 665 3858 Alexandri
689 3803 857 3858 senteutiam
886 3802 969 3872 plane
996 3798 1175 3854 indicandam

85 3898 229 3954 necessaria
246 3901 319 3952 aunt.
356 3898 494 3967 Apertum
518 3902 611 3953 eutem
639 3902 734 3953 estex
758 3897 801 3966 iis,
830 3915 902 3966 quae
928 3897 1061 3966 diximus,
1083 3899 1175 3950 totum

86 3987 155 4048 illum
165 3993 291 4063 priorem
308 3994 402 4050 locum
420 3994 489 4050 illuc
507 4013 541 4050 ex
560 3995 612 4050 hoc
624 3996 781 4064 posteriore
794 3995 942 4064 aquodam
954 3974 1071 4048 librario
1084 3997 1174 4048 trans·

85 4085 163 4144 latum
181 4107 254 4161 esae;
282 4091 350 4160 quid
369 4092 562 4146 translationis
581 4093 754 4148 occasionem
772 4093 1029 4162 praebueritnum
1048 4090 1174 4145 Platonis

87 4187 193 4242 matoria
204 4187 356 4257 utrobique
375 4193 539 4259 memorata,
557 4207 592 4245 an
611 4189 701 4245 solnm
711 4190 849 4259 quaedam
861 4190 1005 4246 oculorum
1024 4187 1174 4255 aberratio,

88 4276 167 4340 (litare
185 4300 242 4339 nou
261 4284 358 4340 ausim.
