2882 4902
793 373 826 428 ts

239 539 333 628 ‘quin
365 531 510 629 ‘dcxvii‘
546 543 692 626 subiecti,
727 538 785 608 ‘cri
809 535 1046 629 dcoaslpcvov'
1073 568 1149 614 vcro
1177 549 1362 633 praedicati
1427 599 1428 634 ,

254 655 411 720 rationem
430 654 557 721 habeat.

357 764 475 830 Verum
490 763 571 832 haec
584 764 807 850 interpretatio
821 765 919 850 plane
930 767 1028 832 etiam
1043 787 1127 834 cum
1145 769 1361 852 cogitandi

259 894 330 940 nsu
351 894 398 941 ac
420 874 574 942 ratione
594 875 762 940 consentit.
784 877 882 942 Recte
905 876 1035 960 quidem
1056 877 1185 944 videtur
1207 878 1362 944 contendi

255 1003 361 1068 posse,
397 978 437 1048 τὸ
465 977 683 1067 ὑποκείμενον
713 993 745 1051 et
776 975 877 1074 ἀρχὴν
902 985 948 1051 ita
977 986 1060 1053 inter
1093 1007 1128 1053 se
1162 987 1293 1062 habere,
1329 995 1362 1052 ut
1428 985 1429 1008 ¹

257 1093 339 1158 illud
369 1113 427 1177 per
457 1095 668 1161 serationem
701 1095 848 1176 subiecti,
884 1095 965 1162 haec
997 1097 1155 1163 rationem
1176 1097 1361 1182 praedicati

258 1201 386 1270 habeat.
430 1203 495 1270 Sed
517 1203 639 1288 duplex
656 1204 887 1289 distinguenda
910 1212 960 1272 est
981 1205 1118 1272 subiecti
1143 1207 1226 1272 ratio
1250 1243 1292 1252 —
1316 1207 1361 1270 lo-

256 1330 336 1393 quor
357 1317 464 1376 autem
485 1310 526 1377 de
550 1310 695 1378 subiecto
717 1312 822 1395 logico
856 1318 888 1378 et
916 1313 1137 1395 grammatico,
1165 1333 1229 1378 non
1258 1320 1360 1379 meta·

256 1419 392 1505 physion
419 1457 464 1487 -.
491 1422 603 1488 Altera
625 1422 749 1488 ratione
771 1421 951 1488 subiectum
973 1428 1023 1488 est
1042 1422 1086 1500 id,
1110 1423 1209 1505 quod
1230 1423 1362 1507 ipsum

255 1549 327 1613 per
355 1550 397 1596 se
423 1530 594 1598 subiecti
623 1538 764 1597 natura
790 1531 925 1616 utitur,
961 1530 1022 1598 hoc
1046 1538 1108 1616 est,
1136 1530 1221 1614 quod
1242 1531 1288 1598 ad
1313 1553 1361 1614 ea,

256 1658 339 1721 quac
366 1639 406 1706 de
436 1659 473 1710 eo
496 1640 732 1725 praedicantur,
771 1641 819 1706 sic
843 1640 1007 1721 sehabet,
1031 1648 1065 1706 ut
1090 1640 1193 1725 ipsius
1216 1640 1283 1706 sint
1307 1649 1361 1705 ant

257 1749 408 1815 universa
429 1748 580 1832 essentia,
603 1755 659 1814 aut
680 1769 792 1832 genus,
826 1756 881 1815 aut
902 1749 1099 1828 differentia,
1122 1756 1178 1815 aut
1199 1748 1361 1832 quaedam
1430 1829 1431 1836 ἵ

256 1859 470 1944 proprietates
492 1865 588 1940 atque
610 1858 846 1937 attributiones,
867 1865 923 1924 aut
944 1857 1141 1935 accidentia3
1178 1865 1276 1940 atque
1300 1858 1360 1923 han
1430 1849 1431 1858 ³

256 1967 386 2052 quidem
421 1969 544 2034 ratione
573 1975 682 2034 nostro
715 1967 785 2036 loco
814 1962 852 2031 τὸ
874 1962 1092 2050 ὑποκείμενον
1119 1989 1154 2034 se
1185 1968 1283 2034 habet
1318 1968 1361 2034 ad

255 2069 364 2167 ἀρχὴν,
397 2078 518 2163 quippe
546 2098 630 2160 quae
664 2078 752 2143 illius
778 2078 827 2143 vis
854 2078 1013 2160 quaedam
1048 2085 1145 2162 atque
1178 2078 1360 2163 proprietas

256 2190 308 2256 sit.
352 2191 463 2255 Altera
484 2188 608 2254 ratione
633 2189 811 2254 subiectum
832 2194 881 2254 est
904 2187 950 2266 id,
975 2209 995 2253 a
1017 2208 1095 2271 quo
1117 2188 1249 2272 primo
1273 2208 1356 2272 pro-

257 2299 465 2365 ficiscitur·
488 2297 684 2382 cogitatio
716 2297 757 2363 de
780 2317 907 2381 quoque
928 2297 1042 2381 primo,
1077 2297 1154 2380 quid
1178 2297 1232 2381 sit,
1260 2317 1359 2380 quae-

257 2408 346 2489 ritur,
363 2408 446 2490 quod
470 2407 599 2491 quidem
622 2414 728 2491 potest
750 2427 820 2472 esse
843 2407 917 2486 tale,
945 2413 979 2471 ut
1001 2417 1150 2473 nontam
1174 2414 1358 2491 quaeratur,

257 2535 353 2597 quae
375 2515 454 2599 ipsi
475 2515 718 2599 conveniant,
734 2535 839 2597 quam,
852 2514 932 2597 quid
947 2515 991 2580 sit
1001 2513 1045 2598 id,
1069 2515 1132 2581 oui
1147 2517 1359 2581 conveniat

258 2626 391 2709 ipsum.
415 2625 519 2707 Atque
532 2631 600 2690 tum
623 2624 752 2698 accidit,
775 2631 818 2702 ut,
842 2623 927 2707 quod
950 2617 1017 2690 sua'
1031 2624 1135 2710 ipsius
1153 2632 1268 2690 natura
1288 2626 1359 2690 eius
1432 2703 1433 2706 Ἴ

257 2734 435 2801 subiectum
460 2735 513 2817 sit,
537 2735 570 2799 in
586 2734 781 2818 cogitatione
802 2740 834 2800 et
854 2754 1001 2800 sermone
1022 2734 1063 2799 de
1085 2753 1123 2800 eo
1143 2732 1358 2819 praedicetur.

257 2844 312 2910 Sic
334 2843 373 2920 is,
408 2843 464 2927 qui
493 2842 576 2909 forte
603 2843 678 2908 boni
707 2843 869 2908 notionem
892 2843 1000 2909 animo
1021 2842 1225 2909 informatam
1248 2841 1358 2920 habat,

255 2955 308 3021 vel
330 2953 384 3037 qui
407 2953 515 3020 album
537 2953 673 3019 colorem
699 2953 868 3036 conspicit,
892 2972 1045 3036 quaerere
1059 2959 1166 3038 potest
1181 2951 1221 3016 de
1238 2971 1281 3033 re,
1308 2951 1360 3018 cui

257 3063 337 3129 haec
357 3063 445 3130 notio
467 3063 519 3130 vel
543 3064 595 3128 cui
623 3061 676 3128 hic
702 3063 789 3128 color
817 3063 1002 3146 conveniat3
1036 3083 1134 3146 quam
1161 3061 1357 3144 simulatque

256 3173 319 3238 sibi
341 3172 469 3240 videtur
491 3173 689 3257 cognovisse,
723 3172 844 3238 iudicat
866 3179 898 3237 et
919 3172 1012 3238 dicit:
1037 3166 1094 3256 „cd
1117 3161 1246 3256 α’γαθόν
1268 3168 1359 3236 ἔστιν

257 3275 403 3366 tosta,
425 3283 477 3348 vel
505 3281 585 3366 „hoc
605 3282 714 3348 album
728 3283 874 3348 estnix“.
910 3281 959 3346 Ex
983 3282 1064 3365 ipsis
1080 3289 1186 3347 autom
1201 3282 1358 3365 exemplis

255 3398 354 3477 patet,
382 3390 416 3456 in
437 3391 496 3457 tali
519 3391 663 3457 subiecto
675 3412 810 3476 semper,
833 3404 929 3474 atque
946 3391 1029 3474 ipsis
1045 3390 1175 3474 quidem
1192 3390 1359 3474 cogitandi

255 3499 382 3584 legibus
404 3501 601 3585 cogentibus,
628 3500 754 3566 infinito
777 3499 917 3584 quodam
947 3500 1042 3566 modo
1063 3498 1189 3582 aliquid
1211 3499 1358 3583 cogitari,

257 3629 320 3693 quo
340 3609 422 3676 illud
436 3608 586 3676 videatur
607 3630 702 3694 posse
721 3610 900 3676 subiectum
922 3629 1001 3675 esse.
1038 3609 1132 3674 Prius
1147 3607 1230 3674 illud
1247 3607 1356 3674 dicere

256 3739 426 3804 possumus
446 3718 614 3792 subiectam
635 3719 778 3803 topicam,
802 3719 870 3802 hoc,
894 3719 1046 3802 quoniam
1061 3739 1082 3783 a
1096 3717 1237 3800 quadam
1256 3717 1359 3783 animi

257 3828 446 3896 condicione
468 3828 600 3914 pendet,
628 3829 898 3913 psycholopicam,
932 3827 1120 3910 ueletiam,
1150 3827 1357 3893 Aristotelem

255 3939 434 4024 imitantes,
470 3939 551 4006 illud
583 3940 752 4006 subiectam
776 3939 969 4021 simpliciter,
1006 3938 1068 4004 hoc
1097 3937 1266 4002 subiectum
1300 3958 1359 4018 per

257 4049 401 4116 occidens
415 4050 447 4130 ¹).
490 4050 596 4132 Atque
616 4047 678 4114 hac
699 4047 877 4133 posteriore
898 4047 1023 4119 ratione
1043 4052 1134 4132 patet
1153 4050 1263 4111 nostro
1286 4044 1357 4110 loco

358 4184 383 4252 1)
404 4183 521 4238 Aristot.
540 4183 619 4239 Anal.
638 4188 710 4254 post.
730 4182 751 4248 1,
772 4185 813 4237 22.
834 4182 889 4237 83⁸
911 4185 938 4235 1:
968 4182 1043 4251 „doru
1059 4177 1113 4250 γὰρ
1131 4181 1220 4233 εἰπεῖν
1237 4174 1358 4247 ἀληθῶς,

256 4276 286 4333 τὸ
305 4277 401 4335 λευκὸν
417 4280 537 4348 βαδίζειν
555 4283 599 4333 καὶ
618 4277 648 4334 τὸ
668 4285 743 4353 μέγα
763 4281 851 4334 inciso
868 4274 947 4340 ξύλον
960 4278 1037 4340 εἶναι,
1057 4279 1102 4329 καὶ
1120 4269 1211 4344 πάλιν,
1230 4271 1261 4328 τὸ
1280 4269 1359 4336 ξύλον
