2864 4910
656 393 707 442 411

240 564 289 627 Ex
313 563 371 629 hac
393 565 492 646 igitur
513 564 694 629 Aristotelis
716 563 936 645 disputatione
959 570 1103 646 apparet,
1137 565 1239 627 Ana-

135 671 381 737 ximandrum
413 675 450 737 in
482 673 705 755 generando
737 671 875 737 mundo
909 691 1016 736 usum
1048 691 1134 736 esse
1155 691 1240 735 vor-

135 783 220 846 tice
253 782 426 863 hancque
461 785 662 866 putavisse
701 801 895 862 caussam,
929 801 1001 864 qua
1032 781 1240 845 efficiente

135 897 247 956 terra
270 892 309 955 in
332 891 464 957 medic
488 890 896 957 mundoconstitisset.
920 891 1003 954 Nam
1018 889 1157 972 primum
1172 889 1240 953 Ari-

134 1000 270 1064 stoteles
302 999 410 1064 verbis
447 999 661 1082 apertissimis
694 999 787 1080 dicit,
824 1019 965 1082 omnes,
1001 999 1055 1080 qui
1086 997 1239 1063 mnndum

134 1116 301 1192 generent,
324 1128 482 1190 caussam,
504 1129 569 1191 qua
592 1115 678 1174 terra
700 1111 734 1174 in
757 1109 897 1174 medium
920 1107 1030 1173 mundi
1050 1109 1153 1173 locum
1167 1126 1240 1170 con·

135 1224 230 1300 gesta
255 1219 307 1296 sit,
338 1218 493 1283 vorticem
523 1238 651 1302 ponere.
695 1219 763 1282 lam
787 1219 866 1299 ipse,
900 1223 933 1282 ut
966 1223 1063 1282 autea
1094 1218 1172 1281 satis
1194 1215 1239 1279 vi-

134 1327 255 1406 dimus,
277 1328 552 1392 Anaximandrum
576 1329 609 1392 in
641 1329 680 1394 iis
703 1334 861 1406 numerat,
893 1328 947 1409 qui
970 1326 1123 1391 mundum
1144 1344 1239 1408 gene-

133 1441 242 1500 ratum
265 1457 336 1502 csse
358 1438 466 1501 velint.
511 1437 597 1520 Ergo
618 1436 896 1503 Anaximandrum
929 1455 1057 1518 quoque
1081 1434 1241 1516 intellegit

135 1545 170 1609 in
194 1546 245 1622 iis,
270 1547 325 1628 qui
348 1549 500 1612 vorticem
524 1556 646 1631 ponant
668 1567 825 1630 caussam,
849 1531 913 1628 qua
935 1545 1096 1611 efficiente
1106 1550 1192 1610 terra
1208 1546 1239 1608 in

134 1653 276 1719 medinm
293 1654 403 1720 mundi
419 1657 525 1722 locum
537 1662 692 1739 congesta
703 1658 755 1722 sit.
779 1657 814 1722 si
826 1656 898 1739 quis
913 1661 1020 1720 autem
1036 1655 1117 1719 forte
1130 1653 1241 1736 opine·

134 1767 197 1844 tur,
206 1764 408 1830 Aristotelem
419 1784 549 1830 omnes
562 1765 694 1848 quidem
704 1765 822 1847 dicere,
832 1766 888 1831 sed
900 1784 962 1830 non
974 1764 1038 1829 nisi
1049 1765 1239 1847 plurimos

135 1873 336 1956 intellegere,
359 1873 392 1938 id
412 1874 571 1939 refellitur
593 1875 696 1940 altera
718 1874 862 1940 eiusdem
884 1873 1113 1958 disputationis
1136 1880 1238 1959 parte.

135 1981 219 2046 Gom
242 1982 329 2046 enim
361 1985 468 2066 priore
498 1988 600 2066 parte,
630 1983 671 2048 de
703 2004 767 2066 qua
794 1983 941 2066 proxime
974 1985 1107 2065 egimus,
1142 1983 1239 2064 dicat,

134 2111 275 2174 omnes,
309 2093 376 2174 qui
408 2092 588 2158 mundum
622 2101 818 2176 generent,
857 2113 895 2158 eo
930 2093 1119 2170 consentire,
1152 2090 1239 2174 quod

133 2219 294 2281 caussam,
318 2220 381 2282 qua
404 2201 564 2267 efficiente
587 2208 673 2266 terra
705 2203 746 2266 in
769 2199 937 2266 medium
959 2199 1093 2265 mundi
1115 2201 1238 2265 locum

133 2315 328 2394 congesta
351 2312 414 2392 sit,
447 2313 479 2374 in
502 2313 620 2376 vortice
644 2317 775 2393 ponant,
798 2309 928 2375 eosdem
951 2311 1054 2374 altera
1084 2315 1175 2392 parte
1198 2310 1239 2372 ab

132 2437 173 2482 ea
197 2437 325 2499 caussa,
351 2438 414 2500 qua
436 2418 598 2484 efficiente
622 2420 761 2501 quisque
782 2439 890 2484 eorum
914 2425 1034 2483 terram
1056 2424 1180 2483 statuat
1200 2421 1239 2484 in

132 2525 261 2590 media
292 2546 363 2592 sua
395 2526 488 2592 sede
519 2547 686 2606 manere,
720 2527 879 2592 trifariam
914 2526 1047 2607 dividit,
1081 2527 1239 2609 huiusque

132 2635 306 2700 divisionis
338 2638 468 2701 tertiam
500 2644 624 2719 partem
660 2638 751 2721 ponit
783 2635 1104 2714 Anaximandrum1).
1160 2635 1240 2701 Inde

133 2751 252 2823 antem,
286 2746 372 2827 quod
401 2745 679 2811 Anaximandrum
713 2745 903 2809 nominatim
936 2747 968 2810 in
1001 2747 1069 2810 eius
1102 2747 1239 2829 generis,

132 2853 221 2937 quod
244 2853 404 2919 communi
438 2855 578 2936 quadam
612 2862 688 2920 ncta
714 2854 871 2936 definivit,
903 2854 1050 2938 partibus
1084 2861 1239 2935 numerat,

131 2964 288 3046 sequitur,
311 2971 346 3028 ut
370 2983 443 3028 cum
457 2966 490 3029 in
506 2963 567 3030 hoc
584 2967 657 3048 ipso
670 2986 788 3049 genere
804 2972 911 3048 ponat,
935 2966 1028 3046 eique
1041 2984 1239 3030 communem

131 3072 222 3136 illam
245 3072 375 3156 generis
398 3079 516 3150 notam,
542 3074 575 3139 id
598 3081 655 3156 est,
679 3081 713 3139 ut
735 3075 769 3139 ei
792 3076 833 3139 in
854 3074 1080 3157 generando
1102 3074 1239 3140 mundo

131 3182 299 3247 vorticis
324 3202 431 3247 usum
455 3184 611 3248 tribuat.
654 3183 794 3249 Maxime
817 3189 923 3249 antem
940 3185 1126 3250 Aristotelis
1150 3183 1240 3249 testi-

133 3372 333 3380 —-—-——.

131 3497 180 3564 qui
199 3496 336 3550 mundum
354 3501 499 3567 generant,
519 3498 591 3552 hanc
610 3499 704 3566 ipsam
724 3499 760 3551 ob
773 3515 908 3559 caussam,
929 3498 1005 3566 quod
1024 3515 1057 3551 ea
1068 3497 1184 3550 vorticis
1198 3497 1240 3550 vis

131 3593 177 3659 sit,
197 3598 230 3645 ut
248 3593 372 3646 maxima
392 3611 518 3661 quaeque
545 3599 574 3647 et
593 3594 760 3663 gravissima
785 3594 814 3646 in
839 3593 963 3648 medinm
985 3594 1122 3648 vorticem
1142 3569 1239 3662 con⁸ge=

131 3694 242 3755 rantur,
262 3693 368 3742 terram
388 3689 487 3742 dicunt
514 3690 544 3742 in
572 3690 694 3743 medium
720 3689 855 3742 mundum
884 3693 1046 3759 congestam
1066 3703 1138 3754 esse3
1168 3688 1240 3753 inda,

135 3785 212 3853 qnod
230 3802 325 3840 omnes
344 3786 418 3840 hunc
437 3791 529 3840 terrae
548 3787 641 3840 locum
661 3805 678 3840 a
696 3789 812 3840 vortice
830 3790 970 3854 repetunt,
989 3802 1040 3853 per
1059 3802 1087 3839 se
1106 3785 1241 3853 sequitur,

131 3888 163 3936 ut
181 3900 297 3936 omncs
316 3883 346 3936 in
364 3883 468 3936 mundo
486 3884 648 3953 generando
668 3884 777 3938 vortice
796 3885 839 3936 usi
858 3884 936 3951 sint),
973 3877 1014 3935 ὅτι
1034 3882 1065 3936 δὲ
1078 3885 1180 3952 ’μένεα
1199 3887 1240 3948 ζη-

131 3979 207 4030 τοῦσι
225 3976 274 4044 τὴν
292 3982 382 4031 αἰτίαν
400 3983 445 4030 καὶ
464 3981 591 4048 λέγουσιν
609 3980 703 4049 οἱμὲν
721 3979 818 4033 τοῦτον
835 3977 884 4034 τὸν
902 3975 1006 4048 τρόπον
1024 3980 1073 4049 (ib.
1092 3998 1117 4033 v.
1140 3982 1240 4048 15)...

130 4075 203 4133 τινὲς
222 4075 253 4126 di
274 4068 368 4143 ὥσπερ
385 4072 572 4144 Ἐμπεδοκλῆς
599 4077 648 4144 (ib.
669 4093 695 4128 v.
718 4079 788 4145 17).
809 4119 814 4130 .
837 4117 843 4130 .
864 4080 916 4128 εἰσὶ
941 4076 976 4129 δέ
996 4094 1067 4136 τινες
1094 4105 1124 4114 -
1145 4072 1239 4145 ὥσπερ

135 4214 140 4225 .
161 4213 167 4225 .
185 4167 410 4241 Ἀναξίμανδρος
430 4214 435 4225 .
458 4213 463 4226 .
483 4212 488 4224 .
509 4171 663 4242 (295b10).

237 4270 262 4337 1)
281 4267 344 4322 vid.
363 4274 422 4323 not.
440 4269 568 4338 praeced.
