2886 4918
801 382 855 436 896

289 556 339 622 dri
355 557 516 622 sententia
527 556 680 622 mundum
693 577 756 621 non
772 555 883 638 aliqua
906 553 1045 638 sphaera
1067 551 1184 632 solida,
1206 551 1264 617 sed
1282 553 1378 617 statir

288 667 335 732 ab
358 669 443 750 ipsa
458 666 622 732 infinita
638 667 863 732 substantia
877 667 1095 732 eirenmoludi.
1124 665 1233 748 Atque
1244 665 1278 730 id
1296 668 1378 749 sign

289 775 378 841 lieari
402 775 530 842 videtur
553 796 601 858 eo,
624 775 709 858 qnod
730 775 858 841 a'l'atio
877 773 1013 838 refertur
1028 772 1152 838 eoelum
1169 773 1295 840 dixisse
1317 768 1378 839 ‘vr

289 885 393 950 luere
417 878 593 968 (πτηνὸν)
617 885 725 968 ignis
748 880 1020 968 particeps’¹);
1048 887 1215 965 tamqnam
1248 882 1276 947 si
1300 903 1378 947 aver

289 993 417 1074 dixerit,
438 1013 521 1077 quae
544 995 635 1059 nulla
656 1013 690 1059 re
713 997 859 1059 sustenta
880 992 964 1057 libro
986 992 1094 1057 volatu
1118 990 1228 1075 spatia
1247 993 1378 1057 emutire

290 1111 348 1169 tor.
392 1103 526 1182 Deinde,
557 1103 737 1169 eum'inter
768 1103 932 1168 stellarum
960 1101 1053 1168 orbos
1081 1120 1147 1167 non
1171 1107 1378 1185 possentne

289 1212 450 1295 quaedam
464 1211 664 1279 intercedere
687 1212 913 1292 intervalla,
936 1209 1181 1277 Anaximander
1201 1211 1378 1276 existiman

291 1321 352 1388 dns
379 1324 440 1389 erit
467 1321 657 1398 credidisse,
690 1322 772 1388 haee
804 1321 974 1388 intervalla
1007 1339 1082 1385 aere
1112 1321 1236 1386 rariore
1270 1321 1378 1403 replet

291 1451 372 1511 esse,
396 1432 579 1515 pariterque
611 1430 644 1496 id
667 1431 819 1516 spatium,
851 1430 938 1514 quod
971 1431 1054 1495 inter
1082 1429 1161 1495 solis
1185 1431 1340 1494 annulum
1367 1449 1378 1494 ε

292 1539 402 1606 rnnndi
425 1542 516 1622 polos
538 1547 633 1625 esset,
653 1541 700 1606 ita
714 1561 790 1607 aere
805 1540 940 1624 expleri,
963 1546 997 1605 ut
1021 1541 1134 1605 unius
1157 1539 1268 1622 globi
1291 1539 1379 1621 ligur

294 1650 506 1733 perficeretur.

324 1799 327 1811 ›
393 1758 554 1826 Eudemus
575 1759 744 1845 Simplicio
766 1767 848 1826 teste
870 1758 903 1824 in
920 1757 1273 1843 Astrologiaehistoria
1297 1764 1378 1823 rettu

292 1871 384 1953 lerat,
408 1870 683 1936 Anaximandrum
703 1871 840 1954 primum
862 1869 1052 1934 rationem
1074 1869 1284 1934 invenisse
1306 1869 1378 1933 stel

292 1982 417 2046 larum
440 1981 732 2064 magnitudines
756 1987 792 2046 et
815 1980 1028 2046 distantias
1044 1976 1327 2058 dimetiendill.
1349 1977 1378 2040 Α

293 2091 436 2175 prot'eeto
459 2093 488 2157 is
510 2091 725 2174 antiquiorum
760 2089 1023 2174 philosophorum
1052 2090 1173 2172 primus
1200 2094 1261 2170 est,
1293 2093 1334 2164 et,
1371 2107 1378 2150 r

294 2200 515 2284 Pythagoreos
543 2200 700 2278 omiseris,
729 2220 811 2265 unus
832 2201 939 2280 etiam,
972 2197 1065 2264 ouius
1097 2197 1224 2280 aliqui
1248 2199 1378 2279 magni

295 2311 469 2375 tudinum
492 2311 637 2375 numeri
660 2310 846 2374 referantur.
892 2309 957 2393 Ipsi
979 2308 1102 2373 numeri
1125 2307 1302 2372 memoriae
1323 2326 1378 2389 prr

295 2415 354 2481 diti
377 2425 451 2483 sunt
473 2417 520 2482 hi:
548 2418 668 2484 Terrae
690 2418 826 2483 latitudo
849 2418 967 2500 triplo
991 2416 1092 2482 maior
1114 2421 1164 2481 est
1185 2413 1378 2481 altitudine³

295 2525 405 2591 Lunae
421 2527 556 2591 annulus
574 2525 824 2610 undeviginti
840 2524 983 2607 partibus
998 2526 1100 2590 maior
1116 2531 1165 2590 est
1188 2528 1286 2607 quam
1303 2531 1378 2589 terra

296 2635 378 2700 Solis
403 2636 541 2700 annulus
569 2633 716 2717 viginti
740 2640 886 2717 septem
922 2633 1067 2715 partibus
1094 2633 1197 2696 maior
1219 2639 1270 2698 est
1300 2651 1378 2714 quar

296 2745 431 2808 annulus
453 2744 548 2808 lunae
563 2743 658 2825 (haee
678 2743 848 2828 Hippolyti
871 2743 1014 2807 narratio
1036 2747 1095 2814 est,
1117 2761 1215 2824 quam
1237 2740 1301 2826 ipsi
1324 2760 1378 2824 pro

296 2851 493 2934 barimus)⁴),
514 2855 566 2918 vel
589 2856 638 2930 (ut
659 2854 853 2919 Plaoitorum
876 2855 1047 2936 scriptores
1071 2852 1226 2932 referunt)
1250 2851 1378 2935 vigint

297 2969 444 3046 septem
475 2962 527 3027 vel
549 2961 698 3047 viginti
722 2971 808 3028 ooto
836 2964 978 3046 pertibus
1000 2961 1103 3027 rnaior
1123 2981 1220 3044 quam
1246 2961 1377 3043 terra⁵).

398 3115 422 3181 l)
442 3114 544 3168 Achill.
568 3113 629 3168 Tat.
654 3114 725 3184 Isag.
745 3117 779 3167 a:
803 3111 947 3184 ηἈυαξίρυ
971 3113 1002 3166 δὲ
1026 3110 1087 3182 (τὸν
1105 3108 1236 3182 οὐρανὸν)
1266 3111 1374 3178 πτηυὸ

297 3208 397 3280 ,τυρὸς
414 3212 632 3282 μετέχοντα.“

398 3309 426 3376 2)
445 3307 566 3376 Simplie.
589 3307 740 3360 Commeat.
760 3306 789 3358 in
807 3305 923 3359 Aristot.
945 3305 1017 3360 Geel.
1035 3305 1072 3372 Il,
1087 3308 1128 3358 10.
1147 3305 1217 3357 2912
1233 3306 1268 3358 29
1279 3323 1328 3374 sq,
1348 3307 1378 3360 ul

297 3406 320 3458 is
339 3404 373 3457 de
392 3403 490 3458 ordine
509 3409 537 3457 et
556 3402 697 3456 distantiis
716 3403 862 3457 stellarum
889 3402 924 3455 ad
952 3401 1039 3455 libros
1069 3401 1252 3471 astrologieos
1280 3403 1378 3472 relegar

298 3503 366 3558 haee
387 3501 504 3556 adnotat
521 3499 616 3568 (sehol.
636 3499 753 3554 Aristot.
774 3500 848 3552 497³
861 3500 901 3565 Sl:
922 3502 984 3568 „ant
1002 3494 1055 3568 γὰρ
1076 3498 1132 3551 ἐκεῖ
1151 3501 1213 3568 περὶ
1238 3498 1283 3563 τῆς
1301 3493 1378 3558 adire

298 3601 352 3652 τῶν
378 3602 568 3669 πλανωμένων
592 3600 637 3649 καὶ
658 3601 721 3665 περὶ
744 3597 876 3666 μεγεθῶν
899 3599 945 3646 καὶ
966 3589 1171 3665 ἀποστημάτων
1194 3588 1378 3647 duodenum.

296 3688 565 3766 Ἀναξιμάνδρου
583 3688 718 3763 πρώτου
735 3692 794 3747 τὸν
815 3692 1131 3762 περὶμεγεθῶνκαὶ
1145 3686 1374 3761 ἀποστημᾰτω

300 3786 399 3861 λόγον
417 3788 601 3862 εἰρηκότος,
620 3785 804 3861 ὡς”Ευδημος
822 3792 932 3858 ἱστορεῖ,
953 3785 1011 3854 τὴν
1029 3789 1082 3855 τῆς
1101 3791 1233 3845 θέσεως
1250 3784 1340 3848 τάξιν
1358 3793 1378 3841 el

300 3886 360 3948 τοὺς
372 3896 580 3959 Πυθαγορείους
597 3885 720 3958 πρώτους
737 3883 913 3958 ἀνοψέρων.“
931 3887 1050 3940 Librum
1068 3885 1187 3940 Eudemi
1205 3882 1377 3956 ‘dorpoloyrx

299 3982 419 4056 ioropla’
440 3986 507 4040 ibid.
528 4003 554 4054 p.
575 3987 647 4039 498⁸
661 3987 695 4040 46
715 3988 860 4038 memoret.

401 4082 428 4151 3)
446 4083 521 4137 Plut.
549 4081 623 4152 apud
642 4081 742 4135 Euseb.
762 4080 861 4149 Praep.
889 4079 1071 4147 Ev.1‚s,2.
1100 4077 1162 4133 vid.
1190 4095 1274 4149 supra
1299 4097 1326 4148 p.
1344 4080 1378 4132 342

301 4185 359 4235 not.
377 4181 402 4232 2.

402 4275 430 4345 4)
451 4273 521 4328 Vide
540 4275 632 4328 locum
651 4291 736 4342 snpra
754 4291 781 4342 p.
801 4273 853 4327 370
872 4277 929 4327 not.
955 4276 978 4325 l.

402 4370 431 4440 ὃ)
450 4369 520 4424 Vide
538 4369 614 4423 loeos
635 4385 720 4438 supra
739 4387 766 4438 p.
786 4371 847 4436 369,
866 4373 925 4424 not.
944 4372 970 4438 3,
989 4373 1017 4424 et
1034 4367 1069 4422 de
1087 4368 1155 4422 luna
1172 4384 1200 4436 p.
1219 4367 1278 4438 373,
1298 4371 1320 4421 1.
