2850 4904
343 556 368 618 A
391 554 538 638 Diogene
560 555 687 620 Laertio
708 574 771 619 uno
794 553 866 620 loco
886 551 1080 619 memoratur
1102 552 1235 636 quidam
1257 552 1346 619 Dic·

178 661 181 666 ’
240 664 358 731 dorus
382 663 585 748 Ephesius,
609 664 665 746 qui
685 662 725 730 de
736 662 978 728 Anaximandro
1000 662 1213 746 scripserit¹);
1237 681 1341 745 quare

241 773 403 858 quispiam
422 772 580 857 suspicari
603 771 715 857 possit,
740 772 781 837 ab
807 770 905 838 hoece
927 772 1038 855 aliqua
1052 791 1172 856 eorum,
1196 790 1283 855 qnae
1308 771 1344 836 de

241 881 473 948 Anaximandri
496 881 660 966 principio
682 880 795 948 reterri
815 881 967 964 vidimus,
1000 887 1130 966 sumpta
1150 901 1232 948 esse.
1278 880 1343 946 Sed

242 1012 312 1058 cum
346 991 399 1058 hic
421 990 583 1057 Diodorus
605 992 734 1056 anullo
762 990 828 1056 alio
861 997 1001 1070 auctore,
1035 997 1190 1073 quantam
1209 990 1341 1074 quidem
1411 1061 1412 1076 ,

240 1100 397 1185 potuerim
426 1098 580 1180 invenire,
612 1105 813 1181 memoretur,
845 1099 975 1165 omnino
997 1100 1194 1184 incognitum
1218 1102 1278 1182 est,
1315 1107 1342 1164 et
1411 1079 1412 1092 ¹

241 1210 315 1293 quis
338 1209 434 1276 luerit
455 1227 584 1291 quaque
606 1213 712 1275 aetate
734 1207 860 1292 vixerit,
889 1216 921 1275 et
943 1229 1018 1276 num
1040 1210 1170 1275 omnino
1193 1208 1235 1274 de
1256 1210 1341 1274 Ana-

241 1317 403 1385 ximandri
437 1317 583 1384 doctrina
606 1317 787 1384 accuratius
811 1317 995 1401 scripserim
1019 1339 1094 1384 nam
1114 1319 1280 1402 Diogenes
1304 1339 1340 1384 ex

241 1449 280 1496 eo
292 1427 375 1493 nihil
387 1428 485 1494 refert
497 1426 559 1494 nisi
568 1425 794 1510 Empedoclem
804 1427 1037 1493 Anaximandri
1050 1427 1205 1512 tragicam
1218 1430 1340 1512 magni·
1412 1447 1413 1484 ι

240 1539 437 1620 loquentiam
459 1544 492 1604 ct
512 1536 651 1604 ve'stium
671 1537 865 1620 gravitatem
888 1536 1083 1604 aemulatum
1107 1557 1188 1604 esse.
1233 1537 1339 1616 Quare

241 1649 355 1716 inutile
377 1654 435 1731 est,
457 1648 548 1712 illum
570 1646 604 1711 in
625 1652 735 1712 nostra
756 1646 947 1729 quaestione
967 1645 1139 1731 respicere.

340 1756 422 1823 Sunt
444 1764 551 1823 antem
574 1756 743 1839 quaedam,
766 1775 784 1821 e
806 1755 924 1837 quihus
941 1755 1165 1822 coniciendum
1180 1756 1232 1838 sit,
1258 1776 1337 1822 com·

241 1865 516 1932 munem'illorum
537 1866 658 1932 fontem
684 1865 823 1931 mraxime
837 1847 1146 1949 Theophrastum
1170 1885 1251 1932 esse.
1281 1867 1336 1931 Rei

240 1975 470 2042 demonstratio
493 1974 573 2041 haec
592 1981 650 2040 est.
694 1974 881 2059 Simplicius
896 1995 945 2058 ea,
967 1995 1052 2057 quae
1073 1975 1107 2040 in
1123 1976 1269 2059 generali
1284 1977 1337 2041 illa

241 2085 282 2151 de
297 2085 435 2152 diversis
458 2084 724 2169 philosophorum
747 2085 919 2169 principiis
942 2085 1082 2168 disserit,
1106 2086 1176 2152 sine
1201 2085 1336 2152 duhioa

242 2193 466 2278 Theophrasto
498 2194 700 2278 potissimum
731 2194 879 2277 sumpsit,
911 2194 945 2259 id
975 2193 1062 2277 quod
1077 2194 1167 2261 ¹inde
1199 2198 1334 2261 maxime

242 2302 457 2386 colligendum
479 2309 537 2386 est,
560 2303 648 2386 quod
671 2304 780 2369 statim
803 2303 898 2368 initio
923 2323 1042 2382 eorum,
1066 2323 1150 2387 qaae
1174 2303 1215 2370 de
1233 2305 1334 2369 Xeno-

241 2414 347 2498 phane
370 2412 524 2497 disputat,
554 2412 792 2497 Thephrastum
816 2415 961 2480 nominat
983 2421 1156 2494 auctorem,
1190 2421 1223 2480 et
1243 2414 1333 2498 quod,
1415 2450 1416 2536 p

241 2543 313 2590 eum
336 2522 369 2588 in
391 2521 528 2606 singulis
552 2523 674 2588 fontem
701 2543 765 2588 non
791 2522 921 2601 indicet,
955 2524 1010 2589 nbi
1033 2523 1074 2590 de
1097 2546 1131 2591 re
1154 2525 1268 2609 agitur,
1293 2522 1331 2586 de
1415 2609 1416 2618 ἵ

240 2653 304 2715 qua
324 2637 489 2698 auctorum
505 2633 673 2715 opiniones
691 2632 892 2714 dissentiant,
914 2633 1110 2717 reliquorum
1133 2634 1331 2719 opinionibus

242 2742 424 2827 opinionem
439 2741 656 2824 Theophrasti
668 2745 800 2826 opponit
815 2742 962 2826 hancque
977 2763 1105 2829 semper
1119 2745 1187 2810 fere
1205 2750 1330 2809 utsuam

242 2849 396 2918 defendit.
440 2849 556 2933 Quare,
578 2857 613 2916 ut
634 2853 698 2916 iam
714 2851 844 2936 saepius
861 2854 1051 2930 monuimus,
1076 2856 1233 2935 eaetiam,
1253 2869 1329 2934 quac

241 2964 274 3026 in
295 2961 354 3026 illa
375 2959 594 3046 disputatione
624 2959 665 3024 de
687 2960 928 3026 Anaximandro
953 2961 1105 3046 disputat,
1134 2963 1231 3028 veluti
1253 2961 1328 3026 huuc

239 3071 378 3155 primum
400 3089 505 3135 reram
529 3069 724 3153 principium
745 3071 963 3153 appellavisse
985 3069 1144 3137 inlinitum
1171 3074 1326 3156 ipsumque

241 3179 422 3245 definivisse
446 3197 517 3244 esse
540 3177 583 3260 id,
611 3177 696 3261 quod
721 3177 866 3244 omnibus
889 3185 975 3246 esset
996 3180 1184 3264 subiectum,
1216 3186 1246 3245 et
1274 3177 1326 3243 hoc

240 3288 433 3372 principium
456 3289 606 3352 statuisse
628 3305 700 3354 esse
719 3279 850 3368 ‘hodoco
872 3285 1058 3371 φύσιντῶν
1080 3287 1260 3368 στοιχείων’
1281 3284 1325 3350 vel

238 3394 291 3458 ‘cl
312 3395 402 3476 παρὰ
422 3395 463 3459 τὰ
483 3397 629 3475 στοιχεῖα
639 3385 657 3472 ',
679 3401 711 3460 et
723 3415 827 3460 rerum
840 3397 1081 3479 generationem
1097 3416 1162 3464 non
1184 3397 1215 3462 in
1228 3397 1323 3476 aliqua

174 3499 177 3506 ’
240 3505 392 3589 principii
414 3506 662 3571 commutatione
686 3505 744 3571 sed
774 3507 806 3570 in
830 3507 1060 3573 contrariorum
1083 3508 1257 3574 secretione
1277 3523 1323 3587 po

240 3613 355 3698 suisse,
377 3635 397 3680 a
420 3615 644 3698 Theophrasto
675 3616 852 3699 sumpsisse
875 3616 1056 3682 censendus
1079 3618 1170 3700 esc).
1213 3617 1247 3681 ln
1271 3613 1322 3676 hac

241 3725 343 3806 prima
357 3725 591 3790 Anaximandri
607 3725 757 3810 principii
773 3725 961 3791 delinitione
979 3746 1041 3791 non
1058 3725 1192 3792 adhibet
1207 3723 1320 3809 quidem

335 4003 361 4067 l)
380 4001 462 4072 Diog.
482 4001 513 4056 L.
534 3978 865 4071 v111,70:',A16oo00;
891 4002 923 4054 dd
951 4000 965 4053 ὁ
988 3999 1124 4074 Ἐφέσιος
1149 4006 1210 4072 περὶ
1225 3997 1320 4055 'Arah-

240 4092 368 4168 μάνδρου
384 4096 506 4168 γράφων
524 4104 620 4168 φησίν,
648 4094 687 4151 ὅτι
706 4099 921 4169 (Ἐμπεδοκλῆς)
948 4099 1044 4153 τοῦτον
1066 4094 1187 4166 ἐζηλώκει
1209 4091 1321 4166 τραγικὸν

239 4192 502 4265 assuefacerent
522 4192 628 4266 σεμνὴν
646 4194 792 4263 ἀναλαβών
810 4195 941 4262 ἐσθῆτα.“

330 4291 359 4361 2)
379 4289 419 4344 ef.
438 4308 522 4358 supra
541 4310 568 4360 p.
582 4293 613 4360 8;
634 4295 680 4360 123
701 4295 733 4345 13
752 4297 781 4346 et
800 4297 857 4347 not.
879 4296 902 4345 1.
