2882 4902
611 419 647 476 67

176 595 350 663 Postremo
371 595 562 663 Aristoteles
585 595 650 663 duo
675 598 732 663 illa
747 585 955 682 physicorum
976 617 1097 682 genera
1119 615 1184 663 me·

73 853 125 902 est.
166 849 262 920 Magis
286 851 381 904 autem
406 847 539 920 ambigua
562 853 628 904 sunt
649 849 749 905 verba:
780 847 870 903 ‘torua
897 847 951 921 γὰρ
978 847 1030 922 ἀὴρ
1056 855 1102 904 καὶ
1128 851 1183 923 πῦρ

72 947 164 1001 ἐκεῖνο
192 946 255 1017 μετ’
287 941 494 1012 ἐναντιότητοςῖ
531 946 624 1015 Ipsam
651 947 810 1016 generalem
837 947 989 1002 verborum
1015 948 1183 1004 sententiam

74 1047 155 1113 patet
175 1061 240 1098 eam
258 1059 325 1106 esse,
345 1060 429 1112 quam
448 1044 652 1112 proposuimus.
684 1043 765 1110 Quod
784 1043 859 1098 enim
878 1043 1026 1098 interduo
1045 1045 1183 1099 elementa

74 1141 203 1196 medium
222 1143 272 1206 eet,
292 1139 330 1207 id,
355 1141 378 1194 si
397 1141 427 1194 iu
445 1142 661 1196 alterumutrum
681 1146 816 1210 mutatur,
843 1135 999 1196 necessario
1018 1142 1183 1210 qualitatem

75 1238 183 1313 accipit
202 1255 269 1292 suae
287 1238 375 1308 ipsius
399 1239 531 1308 qualitati
554 1240 734 1305 contrariam,
758 1243 804 1293 ast
825 1239 914 1310 igitur
937 1239 990 1294 hoc
1006 1239 1183 1308 elementum,

75 1335 104 1388 iu
127 1335 206 1404 quod
225 1335 348 1402 transiit,
370 1336 430 1407 μετ’
450 1332 643 1402 ἐναντιότητος,
662 1336 727 1414 sive,
750 1340 783 1390 ut
806 1336 963 1391 accuratius
981 1335 1085 1406 dicam,
1113 1333 1184 1407 μετὰ

76 1426 223 1498 ποιότητος
240 1432 387 1506 τῇὶἑαοτοῦ
406 1427 530 1499 ποιότητι
548 1433 679 1490 ἐναντίας.
716 1431 784 1487 Inde
802 1436 896 1487 autem
909 1432 1043 1502 sequitur,
1061 1437 1102 1500 ut,
1121 1451 1183 1488 cum

77 1527 106 1579 in
124 1532 279 1598 utrumque
297 1528 465 1582 elementum
484 1532 618 1597 mutetur,
636 1528 665 1581 in
677 1534 798 1598 utroque
816 1529 920 1584 habeat
930 1529 1097 1598 qualitatem
1116 1546 1182 1584 suae

78 1625 166 1693 ipsius
186 1625 320 1694 qualitati
338 1625 524 1691 contrariam;
548 1629 633 1694 atque
658 1642 721 1679 cum
739 1625 942 1679 elementorum
961 1625 1074 1679 illorum
1094 1626 1183 1694 quali·

78 1725 152 1775 tates
173 1722 250 1791 ipsae
269 1722 344 1776 inter
364 1739 392 1776 se
412 1721 570 1776 contrariae
589 1721 655 1790 sint,
679 1722 766 1776 veluti
786 1721 929 1792 frigiditas
952 1722 982 1774 in
1003 1739 1076 1791 aqua
1094 1726 1122 1776 et
1140 1739 1184 1776 ca·
1218 1763 1220 1774 .

79 1818 124 1872 lor
153 1819 184 1873 in
211 1837 285 1881 aere,
315 1817 450 1887 sequitur,
478 1823 510 1872 ut
533 1817 619 1887 ipsius
644 1818 719 1872 illius
744 1819 829 1898 medii
848 1819 968 1888 qualitas
995 1835 1046 1888 per
1074 1835 1103 1873 se
1127 1835 1183 1873 non

81 1916 234 1970 consistere
251 1915 342 1985 possit
360 1916 412 1969 nisi
437 1916 466 1968 in
486 1916 633 1984 utriusque
657 1915 770 1969 illarum
789 1915 959 1985 qualitatum
977 1916 1186 1984 privatione

81 2014 126 2068 vel
144 2014 176 2068 in
195 2013 343 2082 utriusque
361 2007 519 2084 ’ἀποφάσει
538 2008 687 2086 στερητικῇ’
714 2013 848 2084 (Metaph.
871 2013 907 2082 X,
931 2014 955 2066 b.
977 2013 1046 2066 1056
1065 2031 1081 2067 a
1104 2017 1136 2068 17
1156 2017 1185 2068 et

82 2112 138 2180 23).
158 2111 212 2166 Sed
231 2110 261 2164 id
274 2103 429 2180 quaeritur,
447 2129 514 2164 num
527 2111 614 2166 verba
630 2107 783 2180 ’ἔστοιγόιρ
801 2107 853 2180 ἀὴρ
871 2111 984 2180 καὶπῦρ
1002 2111 1092 2164 ἐκεῖνο
1110 2107 1182 2166 κτλζ’

83 2207 123 2260 ita
142 2206 334 2276 intellegenda
346 2206 412 2275 sint,
431 2209 463 2259 ut
482 2206 539 2260 sint
556 2206 668 2260 altera
687 2205 770 2260 bina
789 2206 937 2270 elementa,
956 2207 1031 2260 inter
1047 2224 1118 2276 quae
1137 2207 1187 2261 illa
1217 2192 1224 2210 ⁵

84 2306 186 2356 natura
204 2303 297 2357 media
316 2302 436 2371 dicat-ur,
455 2306 487 2355 ut
507 2302 595 2371 igitur
613 2301 643 2354 in
666 2301 741 2356 hisce
765 2303 839 2356 binis
858 2303 907 2357 illa
925 2320 969 2356 res
993 2307 1138 2373 tamquam
1156 2305 1186 2358 in

85 2400 212 2468 exemplo
230 2399 403 2467 ostendatur,
421 2397 517 2452 alteris
536 2398 618 2462 binis,
644 2416 716 2467 aqua
735 2402 763 2456 et
781 2416 854 2467 aere,
879 2399 997 2461 omissis,
1020 2418 1057 2454 an
1078 2400 1127 2469 ita,
1154 2404 1186 2454 ut

86 2495 140 2549 siut
158 2500 342 2567 utrorumque
370 2495 500 2549 binorum
528 2494 640 2549 altera
670 2495 821 2550 membra
851 2493 982 2565 (namque
1000 2495 1087 2550 medii
1110 2495 1185 2550 inter

87 2610 187 2662 aquam
206 2597 235 2648 et
252 2609 347 2647 aerem
366 2596 394 2647 et
412 2591 497 2646 medii
519 2593 594 2646 inter
612 2609 704 2646 aerem
728 2596 757 2646 et
781 2593 875 2662 ignem
898 2598 994 2648 aeret
1020 2592 1094 2664 ignia
1122 2597 1188 2646 sunt

88 2690 176 2745 altera
196 2689 330 2756 membra,
349 2706 390 2754 ea,
410 2705 482 2758 quae
500 2689 658 2744 subtilitate
676 2690 841 2758 praestant),
864 2692 897 2743 ut
918 2689 1008 2760 igitur
1032 2690 1061 2742 in
1084 2689 1128 2743 his
1146 2707 1187 2744 so·

88 2785 145 2867 lum
163 2787 297 2842 membris
315 2789 460 2855 tamquam
478 2781 612 2854 exemplis
630 2802 675 2842 res
693 2786 866 2848 ostendatur,
892 2786 989 2842 alteris
1007 2785 1184 2840 densioribus

88 2883 218 2936 membris
229 2882 346 2937 omissis.
377 2881 510 2950 Quamvis
528 2883 622 2952 priore
636 2883 795 2952 explicandi
814 2883 924 2944 ratione
936 2881 1085 2952 sententia,
1104 2900 1188 2951 quam

89 2979 253 3034 Aristoteles
271 2979 348 3034 hisce
365 2979 459 3034 verbis
478 2980 647 3056 probaturus
666 2983 716 3047 est,
743 2979 864 3034 maxime
883 2978 934 3033 fiat
952 2979 1109 3049 perspicua,
1134 2996 1188 3048 ego

89 3079 183 3131 tamen
209 3075 396 3145 posteriorem
423 3076 511 3129 solam
538 3093 633 3130 veram
661 3091 720 3130 esse
747 3080 826 3144 puto.
862 3075 990 3128 Primum
1017 3077 1092 3130 enim
1119 3076 1190 3130 haec
1274 3086 1278 3092 ’

91 3172 148 3226 sola
159 3173 241 3242 plane
252 3171 385 3228 convenit
397 3189 459 3226 oum
478 3171 572 3226 verbis
584 3171 824 3241 praecedentibus,
844 3172 948 3242 quippe
961 3171 1062 3242 quibus
1081 3172 1190 3241 pariter

91 3274 272 3339 utrorumque
289 3271 422 3325 binorum
441 3271 529 3326 'altera
552 3271 686 3334 membra,
710 3271 744 3324 ab
764 3287 819 3324 une
839 3274 921 3339 parte
938 3287 987 3325 aer
1005 3274 1033 3324 et
1052 3269 1134 3341 ignis,
1154 3271 1190 3325 ab

92 3365 179 3421 altera
196 3385 269 3436 aqua
288 3373 317 3421 et
335 3385 391 3436 aer,
410 3367 630 3437 coniungantur,
654 3367 764 3430 deinde,
787 3371 819 3421 ut
840 3367 870 3420 in
889 3366 984 3436 priore
1001 3367 1190 3436 explicatione

93 3461 180 3517 altera
196 3463 263 3518 bina
282 3465 429 3533 elementa,
457 3465 496 3519 sie
520 3464 550 3518 in
574 3465 627 3519 hac
650 3465 806 3534 posteriore
833 3464 923 3518 altera
944 3468 1128 3534 utrorumque
1148 3465 1190 3519 bi-

93 3576 191 3614 norum
209 3561 411 3618 elementorum
429 3562 555 3616 membra
573 3561 651 3616 facili
664 3579 748 3630 opere
761 3579 802 3630 ea,
823 3579 893 3631 quac
907 3561 936 3614 iia
948 3561 1191 3615 alteris'membris

95 3659 291 3727 monstrantur,
309 3654 492 3728 adhibentur3
511 3659 640 3727 denique,
659 3658 871 3728 quodomnium
884 3658 1082 3728 gravissimum
1101 3662 1143 3712 est
1162 3661 1191 3712 ct

95 3753 181 3806 totam
199 3756 390 3824 quaestionem
408 3755 520 3810 videtur
538 3755 692 3824 absolvere,
710 3773 864 3824 pronomen
881 3749 995 3809 ‘lasiae'
1022 3770 1079 3808 non
1097 3758 1192 3823 potest

96 3847 199 3917 referri,
217 3852 272 3906 nisi
286 3852 322 3907 ad
333 3853 501 3923 praecedens
517 3853 685 3907 vocabulum
700 3850 708 3868 ‘
713 3855 806 3925 μέσον
816 3848 864 3921 u’,
882 3850 971 3921 quod
989 3869 1089 3905 unum
1108 3851 1191 3904 simul

97 3945 213 4000 medium
231 3947 306 4002 inter
325 3965 426 4017 aquam
445 3953 474 4003 et
487 3966 580 4003 aerem
594 3953 622 4003 et
634 3948 757 4003 medium
777 3949 852 4002 inter
869 3965 962 4002 aerem
973 3955 1001 4002 et
1014 3947 1107 4018 ignem
1116 3963 1190 4001 com·

98 4043 233 4114 plectitur,
252 4049 280 4099 et
298 4043 334 4099 ad
354 4041 394 4098 ’τὶ
411 4042 485 4116 παρὰ
504 4041 537 4098 τὰ
558 4041 698 4114 σιοιχτῖιό,
718 4044 794 4114 quod
803 4045 936 4099 continuo
947 4045 1062 4099 notione
1074 4048 1191 4098 naturae

98 4137 169 4193 illios
186 4141 302 4207 mediae,
321 4119 406 4210 atque
423 4142 532 4197 mediae
551 4142 664 4212 quidem
683 4142 757 4195 inter
776 4159 878 4211 aquam
898 4146 926 4196 et
945 4159 1037 4196 aerem
1055 4127 1194 4196 vel'intar

100 4251 185 4290 aerem
203 4242 232 4291 et
253 4237 356 4310 ignem,
380 4237 521 4292 definitur.
562 4238 639 4292 Haec
658 4238 713 4292 loci
742 4239 899 4307 explicatio,
930 4255 1012 4307 quem
1040 4238 1069 4291 in
1097 4241 1194 4291 nostra

16 4377 17 4384 ,
100 4335 255 4398 quaestione
272 4335 376 4390 habeat
395 4351 484 4404 usum,
503 4339 602 4405 postea
621 4335 777 4404 apparebit.

16 4395 18 4450 l
