2882 4902
801 411 834 464 16

266 582 371 650 locum
408 581 584 666 referimus,
613 581 711 650 facile
743 590 846 670 patet,
877 576 915 647 τό
947 576 1167 666 ὑποκείμενον
1199 604 1271 652 esse
1307 586 1369 652 ali·
1433 573 1434 624 ἶ

235 703 238 712 “
267 691 345 775 quid
366 711 463 758 unum
485 697 648 772 ettotam,
671 692 741 758 sive
762 693 809 758 ita
821 713 920 758 nuum
934 698 969 758 ut
984 712 1051 759 rem
1067 692 1274 779 singularem,
1297 695 1370 762 sive
1433 729 1434 736 ι

267 807 301 867 ut
321 821 422 886 genus
444 821 554 868 omncs
576 801 702 886 species
720 804 928 887 amplectens,
950 803 1074 887 hocque
1095 808 1196 870 totum
1218 803 1370 888 intellegi

266 909 311 988 id,
337 911 429 978 cuins
455 910 584 977 nomine
617 911 658 977 ab
686 912 927 979 Anaximandro
955 911 1152 998 principium
1179 913 1223 979 sit
1256 913 1370 998 appel·

266 1021 375 1086 latum.

366 1130 459 1209 Quod
480 1138 586 1197 autem
608 1131 725 1198 attinet
735 1132 778 1199 ad
792 1132 922 1200 articuli
939 1131 1146 1198 omissionem
1163 1138 1238 1200 ante
1254 1151 1369 1198 vocem

267 1230 400 1329 ἀ’ρχὴιῖ,
427 1240 511 1307 dnae
538 1247 612 1307 sunt
638 1262 785 1321 caussae,
811 1263 869 1309 cur
898 1243 1053 1310 articulus
1085 1249 1161 1310 ante
1187 1241 1368 1308 subiectum

265 1351 369 1416 omitti
395 1351 507 1436 possit.
551 1351 661 1417 Altera
682 1358 740 1432 est,
768 1352 797 1418 si
820 1352 998 1419 subiectum
1021 1358 1070 1419 cst
1091 1352 1179 1420 notio
1202 1351 1367 1436 generalis

265 1460 409 1544 haecque
431 1461 560 1528 omnino
582 1461 707 1528 infinite
730 1462 897 1549 accipitur,
931 1463 977 1528 ita
999 1468 1034 1527 ut
1055 1482 1114 1528 nec
1136 1463 1242 1547 ipsum
1262 1481 1367 1546 genus

265 1589 323 1653 per
349 1571 589 1655 excellentiam,
621 1578 784 1654 tamquam
816 1592 915 1638 uuum
949 1571 1074 1654 aliquid
1108 1579 1140 1638 et
1172 1571 1365 1648 absolutum,

264 1701 325 1746 nec
346 1689 433 1747 certa
455 1681 564 1765 aliqua
586 1681 713 1766 generis
736 1681 873 1766 species,
893 1681 952 1748 sed
972 1681 1125 1765 quaelibet
1147 1681 1216 1748 eius
1238 1681 1366 1766 species

264 1789 511 1876 intellegatur1).
560 1791 671 1858 Altera
695 1792 803 1875 posita
832 1811 903 1857 esse
925 1791 1054 1857 videtur
1075 1791 1109 1857 in
1130 1791 1204 1877 ipsa
1226 1792 1365 1858 vocabu·

265 1899 368 1965 lorum
402 1899 614 1983 quorumdam
644 1899 891 1984 significatione,
920 1900 1035 1966 talium
1054 1899 1215 1979 videlicet,
1245 1899 1364 1982 quibus

265 2009 351 2092 quod
373 2010 580 2095 significetur,
603 2011 650 2076 ita
673 2032 770 2076 unum
793 2012 836 2076 sit
857 2019 953 2094 atque
975 2010 1150 2095 definitum,
1176 2018 1210 2077 ut
1234 2010 1365 2076 articuli

265 2119 469 2205 adpositione
497 2141 560 2186 non
588 2141 670 2205 opus
693 2121 749 2201 sit,
783 2129 1010 2205 praeterquam
1041 2120 1070 2188 si
1100 2122 1181 2186 forte
1213 2121 1297 2186 alias
1325 2120 1363 2185 ob

152 2261 157 2274 ·
265 2247 398 2296 caussas
420 2231 576 2313 postulari
597 2230 761 2312 videatur3
794 2230 973 2314 dequibus
996 2230 1180 2297 accuratius
1206 2230 1364 2296 disserere

265 2357 328 2402 non
356 2337 450 2404 huius
477 2347 526 2405 est
551 2339 657 2418 locill.
700 2340 739 2404 In
765 2359 898 2422 quorum
926 2340 1154 2406 vocabulorum
1176 2359 1310 2406 numero
1332 2339 1363 2404 in

263 2447 376 2532 primis
405 2455 480 2515 sunt
504 2449 601 2514 etiam
631 2468 725 2514 voces
745 2438 906 2535 ‘relevari'
927 2455 960 2515 et
978 2440 1097 2537 ‘oipxffi
1127 2450 1209 2515 haee
1230 2449 1301 2515 sive
1324 2447 1362 2513 de

264 2563 407 2642 tempore
428 2558 497 2624 sive
518 2558 560 2624 de
582 2577 697 2624 caussa
719 2558 931 2642 adhibeturl).
973 2560 1079 2643 Atque
1101 2551 1204 2649 ἅρχὴν
1231 2557 1362 2642 quidem

364 2769 391 2841 1)
411 2770 443 2824 ln
461 2787 562 2841 magne
581 2770 770 2840 exemplorum
796 2771 878 2840 copia
903 2771 931 2825 in
950 2788 1006 2826 nno
1027 2771 1153 2826 Platonis
1171 2770 1300 2840 exemplo
1320 2787 1361 2825 ac·
1431 2811 1432 2850 3

266 2867 389 2937 quiesco,
408 2867 535 2939 Rep.V1‚
554 2871 605 2924 605
625 2869 660 2923 B:
680 2909 705 2935 „.
724 2909 730 2923 .
749 2875 805 2928 τοῖς
824 2868 880 2940 μὲν
897 2871 1008 2927 πολλοῖς
1025 2865 1127 2935 ἡδονὴ
1149 2867 1228 2921 δοκεῖ
1243 2867 1313 2920 εἶναι
1333 2865 1361 2918 τὸ
1431 2861 1432 2886 ἶ

262 2957 381 3034 ἀγαθόν,
400 2972 455 3025 τοῖς
476 2965 507 3019 dl
527 2969 713 3038 κομψοτέροις
732 2960 926 3038 φρόνησις“;
945 2970 973 3020 et
986 2965 1080 3034 paullo
1094 2968 1170 3034 post:
1191 2960 1253 3029 „cdx
1266 2965 1360 3033 ἔχουσι

263 3061 355 3130 δεῖξαι,
373 3056 388 3128 ἦ
407 3081 455 3121 τις
473 3057 634 3135 φρόνησις“;
662 3080 715 3132 quo
734 3063 795 3116 loco
814 3062 875 3131 ipsa
892 3062 1078 3132 interrogatio
1099 3057 1130 3128 „i
1153 3080 1192 3120 τις
1212 3055 1360 3134 φρόνησιθ

262 3156 374 3224 indicat,
403 3153 541 3230 φρόνησιν
562 3160 620 3213 sine
649 3159 768 3214 articulo
791 3159 911 3228 positam
930 3157 1128 3229 significauisse
1148 3158 1273 3227 quamvis
1293 3179 1362 3229 ‹ppo-
1430 3153 1431 3221 i

262 3249 365 3320 νὴσεως
383 3256 512 3324 speciem.
550 3255 658 3311 ibidem
677 3257 890 3311 scenitarum
909 3256 1025 3311 dicitur:
1054 3251 1189 3325 ,πότερον
1206 3250 1362 3327 ἐπιστήμην

261 3348 292 3403 τὸ
321 3346 432 3419 ἀγαθὸν
456 3350 511 3424 φὴς
533 3345 549 3419 ἢ
572 3351 702 3420 ἡδονῆν;“
739 3353 800 3408 Ηοο
827 3353 912 3408 modo
940 3355 1024 3407 etiam
1047 3352 1213 3407 Aristoteles
1236 3352 1360 3422 Metaplr.

263 3445 324 3513 XII,
344 3447 367 3500 7.
391 3449 483 3501 10721)
505 3448 537 3502 16
557 3449 608 3503 ait:
630 3449 706 3518 „drusi
725 3452 770 3501 καὶ
789 3444 804 3515 ἦ
823 3446 924 3516 ἡδονὴ
944 3450 1068 3520 ἐνέργεια
1087 3443 1205 3512 redford,
1234 3447 1285 3502 hoc
1305 3453 1360 3502 est:

262 3540 343 3594 huius
362 3542 485 3613 ἐνέργεια
504 3544 564 3612 ipsa
581 3545 712 3614 voluptas
732 3551 775 3600 cst
794 3546 823 3600 in
842 3537 870 3599 se
889 3545 1036 3615 completa.

361 3639 389 3709 2)
409 3639 449 3695 (li.
467 3640 590 3696 Mathiac
609 3642 627 3697 l.
647 3643 664 3696 l.
684 3647 699 3708 ξ
720 3644 781 3710 264,
799 3644 823 3697 b.

362 3736 391 3806 3)
411 3735 450 3791 61.
469 3735 580 3808 Kriiger
602 3738 642 3793 ad.
664 3738 791 3809 Xenoph.
811 3738 900 3792 Anab.
921 3739 941 3805 1,
962 3741 985 3807 l,
1006 3741 1029 3792 1.
1051 3738 1090 3794 Ut
1108 3742 1251 3808 appareat,
1275 3756 1359 3808 qnam

261 3831 367 3886 usitata
392 3834 429 3888 sit
447 3838 512 3888 ante
530 3829 619 3906 ἀρχὴν
643 3839 672 3889 et
694 3833 816 3903 salsuris
838 3835 948 3891 articuli
966 3836 1086 3901 omissio,
1106 3837 1173 3890 satis
1191 3835 1254 3898 crit,
1273 3853 1358 3890 uuum

261 3929 387 3984 attulisse
405 3929 531 3985 Platonis
550 3932 651 4002 locum,
679 3933 746 4004 ch.
766 3932 812 4001 VI,
833 3934 886 3986 510
903 3933 934 4001 B,
960 3933 1007 3986 ubi
1027 3933 1116 3996 Plato,
1144 3932 1213 3987 duas
1231 3932 1294 3987 illus
1313 3935 1360 3986 τοῦ

262 4027 359 4092 νοητοῦ
391 4035 484 4096 partes
515 4031 701 4100 expositurus,
721 4031 776 4084 uit:
809 4071 831 4097 „.
852 4071 858 4084 .
877 4027 907 4084 τὸ
926 4030 982 4102 μὲν
999 4026 1080 4084 αὐτοῦ
1099 4070 1106 4085 .
1126 4071 1132 4084 .
1154 4072 1159 4084 .
1180 4027 1256 4100 ψυχὴ
1273 4033 1359 4096 ζητεῖν

260 4117 438 4191 ἀναγκάζεται.
452 4126 481 4186 la
489 4123 658 4195 ὑποθέσεως,
676 4125 725 4181 οὐκ
738 4127 786 4181 ἐπ’
798 4124 904 4200 ἀρχὴν
920 4134 1092 4199 πορευομένη
1104 4125 1162 4181 ἀλλ’
1179 4129 1237 4181 ἐπὶ
1253 4129 1357 4180 reiro·

260 4213 327 4286 τήν,
345 4216 376 4273 τὸ
396 4220 421 4273 d'
441 4214 476 4275 αὖ
496 4221 588 4293 ἕτερον
606 4225 656 4278 ἐπ’
675 4221 787 4295 ἀρχὴν
804 4220 979 4279 &condietur
995 4225 1023 4285 ἐξ
1040 4222 1201 4282 ὑποθέσεως
1217 4224 1298 4276 ἰοῦσα
1319 4229 1357 4278 ..“

261 4312 351 4369 Simili
369 4321 507 4374 sententia
525 4320 593 4376 ibid.
613 4321 664 4375 lill
685 4321 748 4376 Aet
765 4320 791 4374 D
809 4320 915 4376 dicitur
934 4319 999 4384 „iu'
1018 4317 1124 4392 ἀρχὴν
1142 4324 1226 4374 lived
1245 4325 1273 4374 et
1293 4321 1358 4386 ,ἐπ’
