<?xml version="1.0" encoding="UTF-8"?>
<!DOCTYPE html PUBLIC "-//W3C//DTD XHTML 1.0 Transitional//EN"
    "http://www.w3.org/TR/xhtml1/DTD/xhtml1-transitional.dtd">
<html xmlns="http://www.w3.org/1999/xhtml" xml:lang="en" lang="en">
 <head>
  <title>
</title>
<meta http-equiv="Content-Type" content="text/html;charset=utf-8" />
  <meta name='ocr-system' content='tesseract 3.04.00' />
  <meta name='ocr-capabilities' content='ocr_page ocr_carea ocr_par ocr_line ocrx_word'/>
</head>
<body>
  <div class='ocr_page' id='page_1' title='image "./anaximandermile00neuhgoog/anaximandermile00neuhgoog_0028.png"; bbox 0 0 2882 4902; ppageno 0'>
   <div class='ocr_carea' id='block_1_1' title="bbox 652 371 668 422">
    <p class='ocr_par' dir='ltr' id='par_1_1' title="bbox 652 371 668 422">
     <span class='ocr_line' id='line_1_1' title="bbox 652 371 668 422; baseline 0 0"><span class='ocrx_word' id='word_1_1' title='bbox 652 371 668 422; x_wconf 82' lang='lat' dir='ltr'><strong>b</strong></span> 
     </span>
    </p>
   </div>
   <div class='ocr_carea' id='block_1_2' title="bbox 97 533 1210 953">
    <p class='ocr_par' dir='ltr' id='par_1_2' title="bbox 97 533 1210 953">
     <span class='ocr_line' id='line_1_2' title="bbox 99 533 1209 629; baseline 0.008 -27"><span class='ocrx_word' id='word_1_2' title='bbox 99 539 200 604; x_wconf 86' lang='lat' dir='ltr'><strong>ouius</strong></span> <span class='ocrx_word' id='word_1_3' title='bbox 222 545 311 604; x_wconf 93' lang='lat' dir='ltr'><strong>motu</strong></span> <span class='ocrx_word' id='word_1_4' title='bbox 327 540 555 622; x_wconf 84' lang='lat' dir='ltr'><strong>atqueeffeetu</strong></span> <span class='ocrx_word' id='word_1_5' title='bbox 570 541 752 624; x_wconf 83' lang='lat' dir='ltr'><strong>gignantur.</strong></span> <span class='ocrx_word' id='word_1_6' title='bbox 796 543 942 626; x_wconf 81' lang='lat' dir='ltr'>Namque</span> <span class='ocrx_word' id='word_1_7' title='bbox 964 533 1056 629; x_wconf 76' lang='grc' dir='ltr'>α’ρχή,</span> <span class='ocrx_word' id='word_1_8' title='bbox 1079 547 1209 628; x_wconf 87' lang='lat' dir='ltr'><strong>quaein</strong></span> 
     </span>
     <span class='ocr_line' id='line_1_3' title="bbox 97 646 1210 734; baseline 0.009 -23"><span class='ocrx_word' id='word_1_9' title='bbox 97 653 174 712; x_wconf 92' lang='lat' dir='ltr'><strong>toto</strong></span> <span class='ocrx_word' id='word_1_10' title='bbox 198 646 260 712; x_wconf 89' lang='lat' dir='ltr'><strong>hoo</strong></span> <span class='ocrx_word' id='word_1_11' title='bbox 283 667 402 731; x_wconf 87' lang='lat' dir='ltr'><strong>genere</strong></span> <span class='ocrx_word' id='word_1_12' title='bbox 425 667 489 712; x_wconf 84' lang='lat' dir='ltr'><strong>vox</strong></span> <span class='ocrx_word' id='word_1_13' title='bbox 510 649 764 731; x_wconf 88' lang='lat' dir='ltr'><strong>generalissima·</strong></span> <span class='ocrx_word' id='word_1_14' title='bbox 787 659 836 717; x_wconf 88' lang='lat' dir='ltr'><strong>est</strong></span> <span class='ocrx_word' id='word_1_15' title='bbox 863 659 893 718; x_wconf 90' lang='lat' dir='ltr'><strong>et</strong></span> <span class='ocrx_word' id='word_1_16' title='bbox 918 652 960 717; x_wconf 90' lang='lat' dir='ltr'><strong>ad</strong></span> <span class='ocrx_word' id='word_1_17' title='bbox 990 658 1154 734; x_wconf 79' lang='grc' dir='ltr'>στοιχεῖον</span> <span class='ocrx_word' id='word_1_18' title='bbox 1175 676 1210 721; x_wconf 87' lang='lat' dir='ltr'><strong>se</strong></span> 
     </span>
     <span class='ocr_line' id='line_1_4' title="bbox 100 757 1209 847; baseline 0.007 -27"><span class='ocrx_word' id='word_1_19' title='bbox 100 757 207 822; x_wconf 86' lang='lat' dir='ltr'><strong>habet</strong></span> <span class='ocrx_word' id='word_1_20' title='bbox 229 765 264 823; x_wconf 89' lang='lat' dir='ltr'><strong>ut</strong></span> <span class='ocrx_word' id='word_1_21' title='bbox 283 777 385 840; x_wconf 85' lang='lat' dir='ltr'><strong>genus</strong></span> <span class='ocrx_word' id='word_1_22' title='bbox 409 757 450 822; x_wconf 92' lang='lat' dir='ltr'><strong>ad</strong></span> <span class='ocrx_word' id='word_1_23' title='bbox 471 757 613 841; x_wconf 83' lang='lat' dir='ltr'><strong>aliquam</strong></span> <span class='ocrx_word' id='word_1_24' title='bbox 635 759 763 842; x_wconf 89' lang='lat' dir='ltr'><strong>generis</strong></span> <span class='ocrx_word' id='word_1_25' title='bbox 784 761 935 845; x_wconf 83' lang='lat' dir='ltr'><strong>speeiem,</strong></span> <span class='ocrx_word' id='word_1_26' title='bbox 956 763 1121 847; x_wconf 89' lang='lat' dir='ltr'><strong>signifieat</strong></span> <span class='ocrx_word' id='word_1_27' title='bbox 1140 765 1209 847; x_wconf 89' lang='lat' dir='ltr'><strong>qui-</strong></span> 
     </span>
     <span class='ocr_line' id='line_1_5' title="bbox 101 865 1210 953; baseline 0.008 -24"><span class='ocrx_word' id='word_1_28' title='bbox 101 865 184 930; x_wconf 91' lang='lat' dir='ltr'><strong>dem</strong></span> <span class='ocrx_word' id='word_1_29' title='bbox 213 865 407 951; x_wconf 83' lang='lat' dir='ltr'><strong>principium</strong></span> <span class='ocrx_word' id='word_1_30' title='bbox 435 867 468 930; x_wconf 92' lang='lat' dir='ltr'><strong>in</strong></span> <span class='ocrx_word' id='word_1_31' title='bbox 495 865 680 932; x_wconf 88' lang='lat' dir='ltr'><strong>universum</strong></span> <span class='ocrx_word' id='word_1_32' title='bbox 704 867 851 952; x_wconf 86' lang='lat' dir='ltr'><strong>ideoque,</strong></span> <span class='ocrx_word' id='word_1_33' title='bbox 884 877 920 935; x_wconf 92' lang='lat' dir='ltr'><strong>ut</strong></span> <span class='ocrx_word' id='word_1_34' title='bbox 942 872 1088 953; x_wconf 85' lang='lat' dir='ltr'><strong>quamvis</strong></span> <span class='ocrx_word' id='word_1_35' title='bbox 1112 872 1210 938; x_wconf 91' lang='lat' dir='ltr'><strong>aliam</strong></span> 
     </span>
    </p>
   </div>
   <div class='ocr_carea' id='block_1_3' title="bbox 99 973 1320 1065">
    <p class='ocr_par' dir='ltr' id='par_1_3' title="bbox 99 973 1320 1065">
     <span class='ocr_line' id='line_1_6' title="bbox 99 973 1320 1065; baseline 0.008 -27"><span class='ocrx_word' id='word_1_36' title='bbox 99 973 265 1058; x_wconf 80' lang='lat' dir='ltr'><strong>principii</strong></span> <span class='ocrx_word' id='word_1_37' title='bbox 300 975 450 1058; x_wconf 87' lang='lat' dir='ltr'><strong>speeiem,</strong></span> <span class='ocrx_word' id='word_1_38' title='bbox 484 975 532 1041; x_wconf 89' lang='lat' dir='ltr'><strong>sio</strong></span> <span class='ocrx_word' id='word_1_39' title='bbox 565 975 662 1041; x_wconf 93' lang='lat' dir='ltr'><strong>etiam</strong></span> <span class='ocrx_word' id='word_1_40' title='bbox 690 979 853 1058; x_wconf 77' lang='grc' dir='ltr'>στοιχεῖον</span> <span class='ocrx_word' id='word_1_41' title='bbox 884 978 1067 1062; x_wconf 82' lang='lat' dir='ltr'><strong>significare</strong></span> <span class='ocrx_word' id='word_1_42' title='bbox 1096 988 1209 1065; x_wconf 90' lang='lat' dir='ltr'><strong>potest.</strong></span> <span class='ocrx_word' id='word_1_43' title='bbox 1315 983 1320 992; x_wconf 85' lang='lat'>&#39;</span> 
     </span>
    </p>
   </div>
   <div class='ocr_carea' id='block_1_4' title="bbox 85 1074 1211 2268">
    <p class='ocr_par' dir='ltr' id='par_1_4' title="bbox 85 1074 1211 2160">
     <span class='ocr_line' id='line_1_7' title="bbox 85 1074 1211 1172; baseline 0.011 -27"><span class='ocrx_word' id='word_1_44' title='bbox 85 1083 235 1162; x_wconf 76' lang='lat' dir='ltr'><strong>,Quodsi</strong></span> <span class='ocrx_word' id='word_1_45' title='bbox 251 1091 360 1149; x_wconf 88' lang='lat' dir='ltr'><strong>autem</strong></span> <span class='ocrx_word' id='word_1_46' title='bbox 379 1074 471 1170; x_wconf 65' lang='lat' dir='ltr'><strong>‘degi</strong></span> <span class='ocrx_word' id='word_1_47' title='bbox 481 1082 535 1148; x_wconf 84' lang='grc' dir='ltr'><strong>καὶ</strong></span> <span class='ocrx_word' id='word_1_48' title='bbox 549 1077 723 1165; x_wconf 59' lang='grc' dir='ltr'>στοιχεῖον</span> <span class='ocrx_word' id='word_1_49' title='bbox 743 1087 986 1172; x_wconf 76' lang='lat' dir='ltr'><strong>coniunguntur,</strong></span> <span class='ocrx_word' id='word_1_50' title='bbox 1010 1090 1067 1155; x_wconf 84' lang='lat' dir='ltr'><strong>vix</strong></span> <span class='ocrx_word' id='word_1_51' title='bbox 1077 1090 1211 1157; x_wconf 90' lang='lat' dir='ltr'><strong>dubium</strong></span> 
     </span>
     <span class='ocr_line' id='line_1_8' title="bbox 99 1193 1209 1284; baseline 0.008 -26"><span class='ocrx_word' id='word_1_52' title='bbox 99 1200 215 1278; x_wconf 86' lang='lat' dir='ltr'><strong>potest</strong></span> <span class='ocrx_word' id='word_1_53' title='bbox 235 1213 315 1272; x_wconf 83' lang='lat' dir='ltr'><strong>esse,</strong></span> <span class='ocrx_word' id='word_1_54' title='bbox 341 1194 418 1276; x_wconf 92' lang='lat' dir='ltr'><strong>quin</strong></span> <span class='ocrx_word' id='word_1_55' title='bbox 436 1193 516 1260; x_wconf 88' lang='lat' dir='ltr'><strong>haee</strong></span> <span class='ocrx_word' id='word_1_56' title='bbox 529 1194 655 1262; x_wconf 88' lang='lat' dir='ltr'><strong>diverso</strong></span> <span class='ocrx_word' id='word_1_57' title='bbox 672 1195 886 1264; x_wconf 83' lang='lat' dir='ltr'><strong>adhibeantur</strong></span> <span class='ocrx_word' id='word_1_58' title='bbox 909 1198 1082 1267; x_wconf 76' lang='lat' dir='ltr'><strong>intellectu.</strong></span> <span class='ocrx_word' id='word_1_59' title='bbox 1103 1201 1209 1284; x_wconf 83' lang='lat' dir='ltr'><strong>Atque</strong></span> 
     </span>
     <span class='ocr_line' id='line_1_9' title="bbox 104 1303 1211 1392; baseline 0.007 -24"><span class='ocrx_word' id='word_1_60' title='bbox 104 1303 187 1369; x_wconf 86' lang='lat' dir='ltr'><strong>hino</strong></span> <span class='ocrx_word' id='word_1_61' title='bbox 211 1304 275 1369; x_wconf 89' lang='lat' dir='ltr'><strong>iam</strong></span> <span class='ocrx_word' id='word_1_62' title='bbox 298 1310 396 1389; x_wconf 86' lang='lat' dir='ltr'><strong>patet,</strong></span> <span class='ocrx_word' id='word_1_63' title='bbox 430 1325 501 1370; x_wconf 89' lang='lat' dir='ltr'><strong>oum</strong></span> <span class='ocrx_word' id='word_1_64' title='bbox 532 1309 695 1386; x_wconf 79' lang='grc' dir='ltr'>στοιχεῖον</span> <span class='ocrx_word' id='word_1_65' title='bbox 728 1315 838 1392; x_wconf 88' lang='lat' dir='ltr'><strong>aperte</strong></span> <span class='ocrx_word' id='word_1_66' title='bbox 871 1309 1032 1392; x_wconf 82' lang='lat' dir='ltr'><strong>significet</strong></span> <span class='ocrx_word' id='word_1_67' title='bbox 1063 1317 1211 1376; x_wconf 90' lang='lat' dir='ltr'><strong>naturam</strong></span> 
     </span>
     <span class='ocr_line' id='line_1_10' title="bbox 101 1413 1209 1503; baseline 0.006 -25"><span class='ocrx_word' id='word_1_68' title='bbox 101 1414 298 1496; x_wconf 69' lang='lat' dir='ltr'><strong>submotam,</strong></span> <span class='ocrx_word' id='word_1_69' title='bbox 331 1433 509 1495; x_wconf 87' lang='lat' dir='ltr'><strong>equares</strong></span> <span class='ocrx_word' id='word_1_70' title='bbox 536 1413 710 1498; x_wconf 81' lang='lat' dir='ltr'><strong>gignantur</strong></span> <span class='ocrx_word' id='word_1_71' title='bbox 741 1417 775 1481; x_wconf 91' lang='lat' dir='ltr'><strong>in</strong></span> <span class='ocrx_word' id='word_1_72' title='bbox 809 1437 968 1501; x_wconf 89' lang='lat' dir='ltr'><strong>quamque</strong></span> <span class='ocrx_word' id='word_1_73' title='bbox 1000 1419 1209 1503; x_wconf 81' lang='lat' dir='ltr'><strong>resolvantur,</strong></span> 
     </span>
     <span class='ocr_line' id='line_1_11' title="bbox 101 1515 1209 1610; baseline 0.008 -25"><span class='ocrx_word' id='word_1_74' title='bbox 101 1515 210 1607; x_wconf 74' lang='grc' dir='ltr'>ἀρχὴν</span> <span class='ocrx_word' id='word_1_75' title='bbox 232 1523 331 1587; x_wconf 91' lang='lat' dir='ltr'><strong>aliam</strong></span> <span class='ocrx_word' id='word_1_76' title='bbox 354 1522 515 1604; x_wconf 88' lang='lat' dir='ltr'><strong>quandam</strong></span> <span class='ocrx_word' id='word_1_77' title='bbox 555 1545 687 1591; x_wconf 77' lang='lat' dir='ltr'><strong>caussae</strong></span> <span class='ocrx_word' id='word_1_78' title='bbox 717 1525 858 1610; x_wconf 87' lang='lat' dir='ltr'><strong>speeiem</strong></span> <span class='ocrx_word' id='word_1_79' title='bbox 887 1526 1081 1610; x_wconf 78' lang='lat' dir='ltr'><strong>significare,</strong></span> <span class='ocrx_word' id='word_1_80' title='bbox 1126 1548 1209 1610; x_wconf 85' lang='lat' dir='ltr'><strong>quae</strong></span> 
     </span>
     <span class='ocr_line' id='line_1_12' title="bbox 103 1632 1208 1722; baseline 0.003 -24"><span class='ocrx_word' id='word_1_81' title='bbox 103 1632 241 1715; x_wconf 88' lang='lat' dir='ltr'><strong>quidem</strong></span> <span class='ocrx_word' id='word_1_82' title='bbox 264 1632 325 1698; x_wconf 87' lang='lat' dir='ltr'><strong>hoe</strong></span> <span class='ocrx_word' id='word_1_83' title='bbox 347 1633 417 1697; x_wconf 85' lang='lat' dir='ltr'><strong>loeo</strong></span> <span class='ocrx_word' id='word_1_84' title='bbox 440 1651 586 1698; x_wconf 84' lang='lat' dir='ltr'><strong>essenon</strong></span> <span class='ocrx_word' id='word_1_85' title='bbox 602 1640 716 1717; x_wconf 89' lang='lat' dir='ltr'><strong>potest</strong></span> <span class='ocrx_word' id='word_1_86' title='bbox 729 1633 793 1699; x_wconf 86' lang='lat' dir='ltr'><strong>uisi</strong></span> <span class='ocrx_word' id='word_1_87' title='bbox 813 1634 975 1716; x_wconf 86' lang='lat' dir='ltr'><strong>quoddam</strong></span> <span class='ocrx_word' id='word_1_88' title='bbox 996 1645 1100 1702; x_wconf 89' lang='lat' dir='ltr'><strong>motus</strong></span> <span class='ocrx_word' id='word_1_89' title='bbox 1123 1637 1208 1722; x_wconf 92' lang='lat' dir='ltr'><strong>priu-</strong></span> 
     </span>
     <span class='ocr_line' id='line_1_13' title="bbox 103 1742 1210 1829; baseline 0.003 -21"><span class='ocrx_word' id='word_1_90' title='bbox 103 1743 230 1828; x_wconf 89' lang='lat' dir='ltr'><strong>oipium</strong></span> <span class='ocrx_word' id='word_1_91' title='bbox 252 1742 287 1806; x_wconf 92' lang='lat' dir='ltr'><strong>iu</strong></span> <span class='ocrx_word' id='word_1_92' title='bbox 309 1743 383 1826; x_wconf 89' lang='lat' dir='ltr'><strong>ipsa</strong></span> <span class='ocrx_word' id='word_1_93' title='bbox 404 1749 520 1808; x_wconf 88' lang='lat' dir='ltr'><strong>natura</strong></span> <span class='ocrx_word' id='word_1_94' title='bbox 545 1743 691 1810; x_wconf 81' lang='lat' dir='ltr'><strong>subiecta</strong></span> <span class='ocrx_word' id='word_1_95' title='bbox 711 1745 857 1824; x_wconf 88' lang='lat' dir='ltr'><strong>insitum,</strong></span> <span class='ocrx_word' id='word_1_96' title='bbox 891 1767 953 1829; x_wconf 91' lang='lat' dir='ltr'><strong>quo</strong></span> <span class='ocrx_word' id='word_1_97' title='bbox 980 1747 1140 1826; x_wconf 78' lang='lat' dir='ltr'><strong>efficiente</strong></span> <span class='ocrx_word' id='word_1_98' title='bbox 1169 1767 1210 1814; x_wconf 86' lang='lat' dir='ltr'><strong>ex</strong></span> 
     </span>
     <span class='ocr_line' id='line_1_14' title="bbox 104 1852 1209 1936; baseline 0.005 -19"><span class='ocrx_word' id='word_1_99' title='bbox 104 1873 146 1918; x_wconf 90' lang='lat' dir='ltr'><strong>ea</strong></span> <span class='ocrx_word' id='word_1_100' title='bbox 168 1871 221 1918; x_wconf 87' lang='lat' dir='ltr'><strong>res</strong></span> <span class='ocrx_word' id='word_1_101' title='bbox 240 1853 424 1936; x_wconf 78' lang='lat' dir='ltr'><strong>gignantur.</strong></span> <span class='ocrx_word' id='word_1_102' title='bbox 469 1852 579 1918; x_wconf 84' lang='lat' dir='ltr'><strong>Seouti</strong></span> <span class='ocrx_word' id='word_1_103' title='bbox 602 1861 710 1919; x_wconf 89' lang='lat' dir='ltr'><strong>autem</strong></span> <span class='ocrx_word' id='word_1_104' title='bbox 731 1854 763 1919; x_wconf 92' lang='lat' dir='ltr'><strong>in</strong></span> <span class='ocrx_word' id='word_1_105' title='bbox 787 1854 847 1920; x_wconf 89' lang='lat' dir='ltr'><strong>hae</strong></span> <span class='ocrx_word' id='word_1_106' title='bbox 865 1855 1072 1922; x_wconf 87' lang='lat' dir='ltr'><strong>distinetione</strong></span> <span class='ocrx_word' id='word_1_107' title='bbox 1086 1856 1209 1922; x_wconf 84' lang='lat' dir='ltr'><strong>Aristo·</strong></span> 
     </span>
     <span class='ocr_line' id='line_1_15' title="bbox 103 1943 1209 2053; baseline 0.005 -21"><span class='ocrx_word' id='word_1_108' title='bbox 103 1967 205 2032; x_wconf 86' lang='lat' dir='ltr'><strong>telem</strong></span> <span class='ocrx_word' id='word_1_109' title='bbox 224 1985 343 2048; x_wconf 91' lang='lat' dir='ltr'><strong>sumus,</strong></span> <span class='ocrx_word' id='word_1_110' title='bbox 365 1943 420 2049; x_wconf 79' lang='lat' dir='ltr'><strong>qui</strong></span> <span class='ocrx_word' id='word_1_111' title='bbox 439 1966 562 2050; x_wconf 88' lang='lat' dir='ltr'><strong>primus</strong></span> <span class='ocrx_word' id='word_1_112' title='bbox 580 1964 694 2032; x_wconf 91' lang='lat' dir='ltr'><strong>horum</strong></span> <span class='ocrx_word' id='word_1_113' title='bbox 711 1968 938 2034; x_wconf 75' lang='lat' dir='ltr'><strong>vocabulorum</strong></span> <span class='ocrx_word' id='word_1_114' title='bbox 955 1969 1209 2053; x_wconf 88' lang='lat' dir='ltr'><strong>signifieatioues</strong></span> 
     </span>
     <span class='ocr_line' id='line_1_16' title="bbox 105 2074 805 2160; baseline 0.003 -20"><span class='ocrx_word' id='word_1_115' title='bbox 105 2074 295 2142; x_wconf 87' lang='lat' dir='ltr'><strong>aeouratius</strong></span> <span class='ocrx_word' id='word_1_116' title='bbox 317 2075 467 2160; x_wconf 83' lang='lat' dir='ltr'><strong>exposuit</strong></span> <span class='ocrx_word' id='word_1_117' title='bbox 488 2081 520 2141; x_wconf 88' lang='lat' dir='ltr'><strong>et</strong></span> <span class='ocrx_word' id='word_1_118' title='bbox 541 2094 601 2140; x_wconf 89' lang='lat' dir='ltr'><strong>usu</strong></span> <span class='ocrx_word' id='word_1_119' title='bbox 623 2074 763 2144; x_wconf 84' lang='lat' dir='ltr'><strong>firmavit</strong></span> <span class='ocrx_word' id='word_1_120' title='bbox 772 2078 805 2158; x_wconf 85' lang='lat'><strong>¹).</strong></span> 
     </span>
    </p>

    <p class='ocr_par' dir='ltr' id='par_1_5' title="bbox 209 2183 1208 2268">
     <span class='ocr_line' id='line_1_17' title="bbox 209 2183 1208 2268; baseline 0.003 -19"><span class='ocrx_word' id='word_1_121' title='bbox 209 2183 259 2249; x_wconf 81' lang='lat' dir='ltr'><strong>Ab</strong></span> <span class='ocrx_word' id='word_1_122' title='bbox 282 2183 337 2248; x_wconf 90' lang='lat' dir='ltr'><strong>his</strong></span> <span class='ocrx_word' id='word_1_123' title='bbox 359 2183 480 2250; x_wconf 88' lang='lat' dir='ltr'><strong>diversi</strong></span> <span class='ocrx_word' id='word_1_124' title='bbox 503 2183 878 2268; x_wconf 47' lang='lat' dir='ltr'><strong>Pseudo-Plutarchum)</strong></span> <span class='ocrx_word' id='word_1_125' title='bbox 910 2193 942 2251; x_wconf 91' lang='lat' dir='ltr'><strong>et</strong></span> <span class='ocrx_word' id='word_1_126' title='bbox 963 2185 1078 2252; x_wconf 87' lang='lat' dir='ltr'><strong>iisdem</strong></span> <span class='ocrx_word' id='word_1_127' title='bbox 1101 2187 1208 2253; x_wconf 87' lang='lat' dir='ltr'><strong>verbis</strong></span> 
     </span>
    </p>
   </div>
   <div class='ocr_carea' id='block_1_5' title="bbox 105 2418 1222 2974">
    <p class='ocr_par' dir='ltr' id='par_1_6' title="bbox 105 2418 1222 2974">
     <span class='ocr_line' id='line_1_18' title="bbox 211 2418 1209 2489; baseline 0 -16"><span class='ocrx_word' id='word_1_128' title='bbox 211 2420 239 2488; x_wconf 91' lang='lat' dir='ltr'><strong>l)</strong></span> <span class='ocrx_word' id='word_1_129' title='bbox 258 2419 328 2473; x_wconf 82' lang='lat' dir='ltr'><strong>Vide</strong></span> <span class='ocrx_word' id='word_1_130' title='bbox 339 2419 456 2474; x_wconf 82' lang='lat' dir='ltr'><strong>Aristot.</strong></span> <span class='ocrx_word' id='word_1_131' title='bbox 469 2418 591 2488; x_wconf 82' lang='lat' dir='ltr'><strong>Mataph.</strong></span> <span class='ocrx_word' id='word_1_132' title='bbox 607 2418 638 2488; x_wconf 89' lang='lat' dir='ltr'><strong>V,</strong></span> <span class='ocrx_word' id='word_1_133' title='bbox 657 2435 680 2474; x_wconf 85' lang='lat' dir='ltr'><strong>a.</strong></span> <span class='ocrx_word' id='word_1_134' title='bbox 697 2423 753 2474; x_wconf 84' lang='lat' dir='ltr'><strong>let</strong></span> <span class='ocrx_word' id='word_1_135' title='bbox 763 2422 788 2473; x_wconf 84' lang='lat'><strong>3.</strong></span> <span class='ocrx_word' id='word_1_136' title='bbox 807 2419 971 2474; x_wconf 83' lang='lat' dir='ltr'><strong>Brevissima</strong></span> <span class='ocrx_word' id='word_1_137' title='bbox 987 2419 1132 2482; x_wconf 81' lang='lat' dir='ltr'><strong>rationem,</strong></span> <span class='ocrx_word' id='word_1_138' title='bbox 1154 2437 1209 2489; x_wconf 86' lang='lat' dir='ltr'><strong>qus</strong></span> 
     </span>
     <span class='ocr_line' id='line_1_19' title="bbox 106 2511 1207 2588; baseline 0.001 -20"><span class='ocrx_word' id='word_1_139' title='bbox 106 2511 181 2588; x_wconf 75' lang='grc' dir='ltr'><strong>ἀρχὴ</strong></span> <span class='ocrx_word' id='word_1_140' title='bbox 201 2521 230 2570; x_wconf 85' lang='lat' dir='ltr'><strong>et</strong></span> <span class='ocrx_word' id='word_1_141' title='bbox 250 2522 386 2588; x_wconf 76' lang='grc' dir='ltr'>στοιχεῖον</span> <span class='ocrx_word' id='word_1_142' title='bbox 403 2515 476 2570; x_wconf 86' lang='lat' dir='ltr'><strong>inter</strong></span> <span class='ocrx_word' id='word_1_143' title='bbox 495 2533 524 2570; x_wconf 86' lang='lat' dir='ltr'><strong>se</strong></span> <span class='ocrx_word' id='word_1_144' title='bbox 541 2515 680 2585; x_wconf 82' lang='lat' dir='ltr'><strong>differant,</strong></span> <span class='ocrx_word' id='word_1_145' title='bbox 698 2515 805 2571; x_wconf 83' lang='lat' dir='ltr'><strong>iudicat</strong></span> <span class='ocrx_word' id='word_1_146' title='bbox 818 2515 940 2586; x_wconf 88' lang='lat' dir='ltr'><strong>Metaph.</strong></span> <span class='ocrx_word' id='word_1_147' title='bbox 953 2515 1013 2579; x_wconf 84' lang='lat' dir='ltr'>XII,</span> <span class='ocrx_word' id='word_1_148' title='bbox 1027 2518 1053 2570; x_wconf 85' lang='lat'><strong>4.</strong></span> <span class='ocrx_word' id='word_1_149' title='bbox 1066 2515 1150 2570; x_wconf 69' lang='lat'>107012</span> <span class='ocrx_word' id='word_1_150' title='bbox 1163 2518 1207 2585; x_wconf 83' lang='lat'><strong>22,</strong></span> 
     </span>
     <span class='ocr_line' id='line_1_20' title="bbox 105 2607 1210 2684; baseline 0.002 -18"><span class='ocrx_word' id='word_1_151' title='bbox 105 2614 183 2670; x_wconf 76' lang='lat' dir='ltr'><strong>hisee</strong></span> <span class='ocrx_word' id='word_1_152' title='bbox 204 2611 307 2668; x_wconf 80' lang='lat' dir='ltr'><strong>verbis:</strong></span> <span class='ocrx_word' id='word_1_153' title='bbox 336 2613 414 2676; x_wconf 65' lang='lat' dir='ltr'><strong>„drusi</strong></span> <span class='ocrx_word' id='word_1_154' title='bbox 433 2612 463 2665; x_wconf 74' lang='lat' dir='ltr'><strong>ot</strong></span> <span class='ocrx_word' id='word_1_155' title='bbox 484 2607 516 2666; x_wconf 84' lang='grc' dir='ltr'><strong>οῦ</strong></span> <span class='ocrx_word' id='word_1_156' title='bbox 532 2607 622 2684; x_wconf 84' lang='grc' dir='ltr'>μόνον</span> <span class='ocrx_word' id='word_1_157' title='bbox 639 2609 671 2665; x_wconf 80' lang='grc' dir='ltr'><strong>τῦ</strong></span> <span class='ocrx_word' id='word_1_158' title='bbox 691 2607 879 2684; x_wconf 72' lang='grc' dir='ltr'>ἐνυπάρχοντα</span> <span class='ocrx_word' id='word_1_159' title='bbox 898 2619 978 2677; x_wconf 76' lang='lat' dir='ltr'><strong>mirra,</strong></span> <span class='ocrx_word' id='word_1_160' title='bbox 1001 2609 1068 2666; x_wconf 78' lang='grc' dir='ltr'><strong>ἀλλὰ</strong></span> <span class='ocrx_word' id='word_1_161' title='bbox 1093 2614 1210 2668; x_wconf 77' lang='grc' dir='ltr'>καὶτῶν</span> 
     </span>
     <span class='ocr_line' id='line_1_21' title="bbox 105 2703 1209 2780; baseline -0.002 -16"><span class='ocrx_word' id='word_1_162' title='bbox 105 2707 187 2769; x_wconf 70' lang='grc' dir='ltr'><strong><em>ἐκτὸς</em></strong></span> <span class='ocrx_word' id='word_1_163' title='bbox 204 2704 264 2764; x_wconf 85' lang='grc' dir='ltr'>οἷον</span> <span class='ocrx_word' id='word_1_164' title='bbox 281 2707 312 2762; x_wconf 74' lang='grc' dir='ltr'><strong>τὸ</strong></span> <span class='ocrx_word' id='word_1_165' title='bbox 331 2710 431 2772; x_wconf 82' lang='grc' dir='ltr'><strong>κινοῦν,</strong></span> <span class='ocrx_word' id='word_1_166' title='bbox 453 2710 545 2778; x_wconf 76' lang='grc' dir='ltr'>δῆλον,</span> <span class='ocrx_word' id='word_1_167' title='bbox 564 2703 606 2763; x_wconf 81' lang='grc' dir='ltr'>ὅτι</span> <span class='ocrx_word' id='word_1_168' title='bbox 625 2708 717 2780; x_wconf 76' lang='grc' dir='ltr'>ἕτερον</span> <span class='ocrx_word' id='word_1_169' title='bbox 735 2705 819 2780; x_wconf 80' lang='grc' dir='ltr'><strong>ῦρχὴ</strong></span> <span class='ocrx_word' id='word_1_170' title='bbox 840 2713 894 2762; x_wconf 78' lang='grc' dir='ltr'><strong>καὶ</strong></span> <span class='ocrx_word' id='word_1_171' title='bbox 912 2716 1086 2780; x_wconf 86' lang='grc' dir='ltr'>στοιχεῖον</span> <span class='ocrx_word' id='word_1_172' title='bbox 1108 2725 1114 2737; x_wconf 93' lang='grc'><strong><em>·</em></strong></span> <span class='ocrx_word' id='word_1_173' title='bbox 1137 2715 1209 2762; x_wconf 83' lang='grc' dir='ltr'>αἴτια</span> 
     </span>
     <span class='ocr_line' id='line_1_22' title="bbox 106 2799 1222 2878; baseline 0.003 -20"><span class='ocrx_word' id='word_1_174' title='bbox 106 2806 132 2858; x_wconf 74' lang='grc' dir='ltr'><strong>δ’</strong></span> <span class='ocrx_word' id='word_1_175' title='bbox 156 2799 248 2877; x_wconf 76' lang='grc' dir='ltr'><strong>ἄμφω</strong></span> <span class='ocrx_word' id='word_1_176' title='bbox 272 2822 278 2836; x_wconf 93' lang='grc'>·</span> <span class='ocrx_word' id='word_1_177' title='bbox 302 2811 347 2859; x_wconf 83' lang='grc' dir='ltr'><strong>καὶ</strong></span> <span class='ocrx_word' id='word_1_178' title='bbox 367 2809 404 2865; x_wconf 80' lang='grc' dir='ltr'>είς</span> <span class='ocrx_word' id='word_1_179' title='bbox 419 2807 501 2859; x_wconf 75' lang='grc' dir='ltr'>ταῦτα</span> <span class='ocrx_word' id='word_1_180' title='bbox 521 2805 660 2876; x_wconf 74' lang='grc' dir='ltr'><strong>διαιρεῖται.</strong></span> <span class='ocrx_word' id='word_1_181' title='bbox 682 2804 698 2872; x_wconf 79' lang='grc' dir='ltr'><em>ἡ</em></span> <span class='ocrx_word' id='word_1_182' title='bbox 717 2801 787 2878; x_wconf 78' lang='grc' dir='ltr'>ιἰρχή</span> <span class='ocrx_word' id='word_1_183' title='bbox 807 2821 813 2834; x_wconf 84' lang='grc'>’</span> <span class='ocrx_word' id='word_1_184' title='bbox 832 2804 862 2859; x_wconf 81' lang='grc' dir='ltr'><strong>τὸ</strong></span> <span class='ocrx_word' id='word_1_185' title='bbox 881 2806 913 2859; x_wconf 75' lang='grc' dir='ltr'><strong>δὲ</strong></span> <span class='ocrx_word' id='word_1_186' title='bbox 932 2803 968 2864; x_wconf 80' lang='grc' dir='ltr'><strong>(ῦς</strong></span> <span class='ocrx_word' id='word_1_187' title='bbox 986 2800 1111 2872; x_wconf 59' lang='lat' dir='ltr'><strong>arrotanti</strong></span> <span class='ocrx_word' id='word_1_188' title='bbox 1130 2802 1222 2861; x_wconf 76' lang='grc' dir='ltr'>ἱστὰν</span> 
     </span>
     <span class='ocr_line' id='line_1_23' title="bbox 105 2898 1209 2974; baseline 0.002 -20"><span class='ocrx_word' id='word_1_189' title='bbox 105 2899 179 2974; x_wconf 78' lang='grc' dir='ltr'><strong>ἀρχή</strong></span> <span class='ocrx_word' id='word_1_190' title='bbox 197 2921 237 2961; x_wconf 80' lang='grc' dir='ltr'><strong>τις</strong></span> <span class='ocrx_word' id='word_1_191' title='bbox 253 2906 298 2955; x_wconf 86' lang='grc' dir='ltr'><strong>καὶ</strong></span> <span class='ocrx_word' id='word_1_192' title='bbox 317 2898 420 2956; x_wconf 61' lang='lat' dir='ltr'><strong>otacus</strong></span> <span class='ocrx_word' id='word_1_193' title='bbox 463 2902 569 2956; x_wconf 85' lang='lat' dir='ltr'><strong>Eadem</strong></span> <span class='ocrx_word' id='word_1_194' title='bbox 595 2902 736 2956; x_wconf 84' lang='lat' dir='ltr'><strong>distinctio</strong></span> <span class='ocrx_word' id='word_1_195' title='bbox 765 2902 913 2957; x_wconf 88' lang='lat' dir='ltr'><strong>adhibetur</strong></span> <span class='ocrx_word' id='word_1_196' title='bbox 932 2902 999 2956; x_wconf 91' lang='lat' dir='ltr'><strong>ibid.</strong></span> <span class='ocrx_word' id='word_1_197' title='bbox 1021 2904 1062 2956; x_wconf 90' lang='lat'><strong>10.</strong></span> <span class='ocrx_word' id='word_1_198' title='bbox 1083 2901 1168 2956; x_wconf 82' lang='lat' dir='ltr'><strong>107ob</strong></span> <span class='ocrx_word' id='word_1_199' title='bbox 1182 2905 1209 2970; x_wconf 85' lang='lat'><strong>3,</strong></span> 
     </span>
    </p>
   </div>
   <div class='ocr_carea' id='block_1_6' title="bbox 107 2989 1209 3084">
    <p class='ocr_par' dir='ltr' id='par_1_7' title="bbox 107 2989 1209 3084">
     <span class='ocr_line' id='line_1_24' title="bbox 107 2989 1209 3084; baseline -0.001 -31"><span class='ocrx_word' id='word_1_200' title='bbox 107 2999 163 3061; x_wconf 85' lang='lat' dir='ltr'><strong>ubi,</strong></span> <span class='ocrx_word' id='word_1_201' title='bbox 185 2997 220 3052; x_wconf 91' lang='lat' dir='ltr'><strong>de</strong></span> <span class='ocrx_word' id='word_1_202' title='bbox 234 2989 408 3068; x_wconf 81' lang='lat' dir='ltr'><strong>Empedoelis</strong></span> <span class='ocrx_word' id='word_1_203' title='bbox 427 3001 571 3070; x_wconf 86' lang='lat' dir='ltr'><strong>principiis</strong></span> <span class='ocrx_word' id='word_1_204' title='bbox 592 3001 738 3068; x_wconf 86' lang='lat' dir='ltr'><strong>disserens,</strong></span> <span class='ocrx_word' id='word_1_205' title='bbox 758 3001 810 3054; x_wconf 87' lang='lat' dir='ltr'><strong>ait:</strong></span> <span class='ocrx_word' id='word_1_206' title='bbox 832 2996 913 3068; x_wconf 66' lang='lat' dir='ltr'><strong>„sabab</strong></span> <span class='ocrx_word' id='word_1_207' title='bbox 933 2999 963 3052; x_wconf 72' lang='lat' dir='ltr'><strong>dt</strong></span> <span class='ocrx_word' id='word_1_208' title='bbox 983 2997 1010 3084; x_wconf 73' lang='grc' dir='ltr'><strong>(ᾗ</strong></span> <span class='ocrx_word' id='word_1_209' title='bbox 1032 3002 1110 3070; x_wconf 83' lang='grc' dir='ltr'>φιλία</span> <span class='ocrx_word' id='word_1_210' title='bbox 1129 2999 1209 3052; x_wconf 86' lang='lat' dir='ltr'><strong>intel-</strong></span> 
     </span>
    </p>
   </div>
   <div class='ocr_carea' id='block_1_7' title="bbox 105 3090 1219 4327">
    <p class='ocr_par' dir='ltr' id='par_1_8' title="bbox 105 3090 1219 3938">
     <span class='ocr_line' id='line_1_25' title="bbox 105 3090 1210 3167; baseline -0.002 -18"><span class='ocrx_word' id='word_1_211' title='bbox 105 3096 225 3166; x_wconf 78' lang='lat' dir='ltr'><strong>legitur)</strong></span> <span class='ocrx_word' id='word_1_212' title='bbox 243 3092 315 3166; x_wconf 81' lang='grc' dir='ltr'><strong>ἀρχὴ</strong></span> <span class='ocrx_word' id='word_1_213' title='bbox 339 3100 393 3149; x_wconf 86' lang='grc' dir='ltr'><strong>καὶ</strong></span> <span class='ocrx_word' id='word_1_214' title='bbox 416 3095 457 3156; x_wconf 82' lang='grc' dir='ltr'><strong>ὠς</strong></span> <span class='ocrx_word' id='word_1_215' title='bbox 480 3099 631 3165; x_wconf 85' lang='grc' dir='ltr'>κινοῦσα,</span> <span class='ocrx_word' id='word_1_216' title='bbox 660 3092 771 3167; x_wconf 75' lang='grc' dir='ltr'>συνάγει</span> <span class='ocrx_word' id='word_1_217' title='bbox 793 3094 855 3167; x_wconf 74' lang='grc' dir='ltr'><strong>γὰρ,</strong></span> <span class='ocrx_word' id='word_1_218' title='bbox 880 3100 932 3148; x_wconf 79' lang='grc' dir='ltr'><strong>καὶ</strong></span> <span class='ocrx_word' id='word_1_219' title='bbox 956 3094 998 3154; x_wconf 81' lang='grc' dir='ltr'><strong>ὡς</strong></span> <span class='ocrx_word' id='word_1_220' title='bbox 1021 3091 1091 3162; x_wconf 65' lang='lat' dir='ltr'><strong>tta,</strong></span> <span class='ocrx_word' id='word_1_221' title='bbox 1109 3090 1210 3166; x_wconf 82' lang='grc' dir='ltr'>μόριον</span> 
     </span>
     <span class='ocr_line' id='line_1_26' title="bbox 105 3187 1208 3265; baseline -0.001 -21"><span class='ocrx_word' id='word_1_222' title='bbox 105 3190 161 3262; x_wconf 75' lang='grc' dir='ltr'><strong>γὰρ</strong></span> <span class='ocrx_word' id='word_1_223' title='bbox 181 3193 228 3244; x_wconf 83' lang='grc' dir='ltr'><strong>τοῦ</strong></span> <span class='ocrx_word' id='word_1_224' title='bbox 246 3197 392 3265; x_wconf 79' lang='grc' dir='ltr'>μίγματος.</span> <span class='ocrx_word' id='word_1_225' title='bbox 430 3197 454 3245; x_wconf 73' lang='grc' dir='ltr'>εἰ</span> <span class='ocrx_word' id='word_1_226' title='bbox 478 3191 512 3260; x_wconf 73' lang='grc' dir='ltr'><strong>δὴ</strong></span> <span class='ocrx_word' id='word_1_227' title='bbox 540 3195 640 3263; x_wconf 79' lang='grc' dir='ltr'>καὶτῷ</span> <span class='ocrx_word' id='word_1_228' title='bbox 663 3189 735 3262; x_wconf 75' lang='grc' dir='ltr'>ιιῦτιῦ</span> <span class='ocrx_word' id='word_1_229' title='bbox 759 3197 933 3264; x_wconf 76' lang='grc' dir='ltr'><strong>συμβέβηκεν</strong></span> <span class='ocrx_word' id='word_1_230' title='bbox 952 3195 996 3245; x_wconf 81' lang='grc' dir='ltr'><strong>καὶ</strong></span> <span class='ocrx_word' id='word_1_231' title='bbox 1016 3189 1051 3250; x_wconf 76' lang='grc' dir='ltr'><strong>οῦς</strong></span> <span class='ocrx_word' id='word_1_232' title='bbox 1071 3187 1116 3264; x_wconf 66' lang='lat' dir='ltr'><strong>dap</strong></span> <span class='ocrx_word' id='word_1_233' title='bbox 1137 3187 1208 3265; x_wconf 76' lang='grc' dir='ltr'><strong>ἀρχῇ</strong></span> 
     </span>
     <span class='ocr_line' id='line_1_27' title="bbox 106 3267 1219 3360; baseline 0 -18"><span class='ocrx_word' id='word_1_234' title='bbox 106 3289 178 3343; x_wconf 74' lang='grc' dir='ltr'>εἶναι</span> <span class='ocrx_word' id='word_1_235' title='bbox 208 3293 252 3341; x_wconf 81' lang='grc' dir='ltr'><strong>καὶ</strong></span> <span class='ocrx_word' id='word_1_236' title='bbox 282 3286 319 3348; x_wconf 83' lang='grc' dir='ltr'><strong>ὠς</strong></span> <span class='ocrx_word' id='word_1_237' title='bbox 344 3267 470 3352; x_wconf 80' lang='grc' dir='ltr'>κινοῦντι,</span> <span class='ocrx_word' id='word_1_238' title='bbox 494 3287 561 3342; x_wconf 78' lang='grc' dir='ltr'><strong>ἀλλὰ</strong></span> <span class='ocrx_word' id='word_1_239' title='bbox 585 3284 616 3342; x_wconf 86' lang='grc' dir='ltr'><strong>τό</strong></span> <span class='ocrx_word' id='word_1_240' title='bbox 637 3308 670 3360; x_wconf 79' lang='grc' dir='ltr'>γε</span> <span class='ocrx_word' id='word_1_241' title='bbox 694 3290 761 3343; x_wconf 76' lang='grc' dir='ltr'>εἶναι</span> <span class='ocrx_word' id='word_1_242' title='bbox 781 3281 872 3342; x_wconf 77' lang='grc' dir='ltr'>ι’έλίο.“</span> <span class='ocrx_word' id='word_1_243' title='bbox 909 3288 987 3342; x_wconf 83' lang='lat' dir='ltr'><strong>Etsi</strong></span> <span class='ocrx_word' id='word_1_244' title='bbox 1006 3287 1163 3357; x_wconf 64' lang='lat' dir='ltr'><strong>Memphi,</strong></span> <span class='ocrx_word' id='word_1_245' title='bbox 1183 3289 1219 3342; x_wconf 82' lang='lat'><strong>3.-</strong></span> 
     </span>
     <span class='ocr_line' id='line_1_28' title="bbox 106 3379 1210 3457; baseline -0.002 -17"><span class='ocrx_word' id='word_1_246' title='bbox 106 3384 178 3440; x_wconf 78' lang='lat' dir='ltr'><strong>asab</strong></span> <span class='ocrx_word' id='word_1_247' title='bbox 192 3385 218 3454; x_wconf 88' lang='lat'><strong>6,</strong></span> <span class='ocrx_word' id='word_1_248' title='bbox 238 3385 398 3440; x_wconf 83' lang='lat' dir='ltr'><strong>dediversis</strong></span> <span class='ocrx_word' id='word_1_249' title='bbox 410 3387 542 3457; x_wconf 77' lang='lat' dir='ltr'><strong>principii</strong></span> <span class='ocrx_word' id='word_1_250' title='bbox 555 3387 702 3456; x_wconf 83' lang='lat' dir='ltr'><strong>generibus</strong></span> <span class='ocrx_word' id='word_1_251' title='bbox 713 3387 856 3454; x_wconf 82' lang='lat' dir='ltr'><strong>disserens,</strong></span> <span class='ocrx_word' id='word_1_252' title='bbox 877 3385 929 3439; x_wconf 88' lang='lat' dir='ltr'><strong>ait:</strong></span> <span class='ocrx_word' id='word_1_253' title='bbox 951 3385 1022 3454; x_wconf 81' lang='lat' dir='ltr'><strong>„miv</strong></span> <span class='ocrx_word' id='word_1_254' title='bbox 1040 3382 1074 3451; x_wconf 72' lang='grc' dir='ltr'><strong>δὴ</strong></span> <span class='ocrx_word' id='word_1_255' title='bbox 1094 3379 1210 3454; x_wconf 78' lang='grc' dir='ltr'>πρώτων</span> 
     </span>
     <span class='ocr_line' id='line_1_29' title="bbox 106 3475 1211 3554; baseline -0.002 -20"><span class='ocrx_word' id='word_1_256' title='bbox 106 3476 362 3554; x_wconf 75' lang='grc' dir='ltr'>φιλοσοφησάντων</span> <span class='ocrx_word' id='word_1_257' title='bbox 391 3485 417 3536; x_wconf 80' lang='grc' dir='ltr'><strong>οἱ</strong></span> <span class='ocrx_word' id='word_1_258' title='bbox 444 3485 565 3536; x_wconf 81' lang='grc' dir='ltr'>πλεῖστοι</span> <span class='ocrx_word' id='word_1_259' title='bbox 583 3480 630 3541; x_wconf 82' lang='grc' dir='ltr'><strong>τὰς</strong></span> <span class='ocrx_word' id='word_1_260' title='bbox 649 3484 679 3536; x_wconf 73' lang='grc' dir='ltr'>ἐν</span> <span class='ocrx_word' id='word_1_261' title='bbox 698 3478 760 3548; x_wconf 61' lang='lat' dir='ltr'><strong>dape</strong></span> <span class='ocrx_word' id='word_1_262' title='bbox 778 3482 844 3535; x_wconf 75' lang='lat' dir='ltr'><strong>sida</strong></span> <span class='ocrx_word' id='word_1_263' title='bbox 862 3476 951 3552; x_wconf 86' lang='grc' dir='ltr'>μόνας</span> <span class='ocrx_word' id='word_1_264' title='bbox 974 3475 1106 3552; x_wconf 74' lang='grc' dir='ltr'>ᾠήθησαν</span> <span class='ocrx_word' id='word_1_265' title='bbox 1123 3477 1211 3551; x_wconf 79' lang='grc' dir='ltr'>ἀρχὰς</span> 
     </span>
     <span class='ocr_line' id='line_1_30' title="bbox 106 3562 1209 3652; baseline -0.002 -20"><span class='ocrx_word' id='word_1_266' title='bbox 106 3579 177 3634; x_wconf 76' lang='grc' dir='ltr'>εἶναι</span> <span class='ocrx_word' id='word_1_267' title='bbox 201 3572 313 3634; x_wconf 73' lang='grc' dir='ltr'>πάντων</span> <span class='ocrx_word' id='word_1_268' title='bbox 329 3594 335 3608; x_wconf 94' lang='grc'><em>·</em></span> <span class='ocrx_word' id='word_1_269' title='bbox 353 3580 382 3652; x_wconf 72' lang='grc' dir='ltr'><strong>ἐξ</strong></span> <span class='ocrx_word' id='word_1_270' title='bbox 405 3565 436 3632; x_wconf 83' lang='grc' dir='ltr'><strong>οῦ</strong></span> <span class='ocrx_word' id='word_1_271' title='bbox 462 3576 516 3650; x_wconf 80' lang='grc' dir='ltr'><strong>γὰρ</strong></span> <span class='ocrx_word' id='word_1_272' title='bbox 543 3580 618 3633; x_wconf 75' lang='grc' dir='ltr'>ἔστιν</span> <span class='ocrx_word' id='word_1_273' title='bbox 640 3575 748 3634; x_wconf 70' lang='grc' dir='ltr'>ἅπαντα</span> <span class='ocrx_word' id='word_1_274' title='bbox 775 3575 807 3632; x_wconf 80' lang='grc' dir='ltr'><strong>τῦ</strong></span> <span class='ocrx_word' id='word_1_275' title='bbox 833 3572 898 3634; x_wconf 77' lang='grc' dir='ltr'>ὄντα</span> <span class='ocrx_word' id='word_1_276' title='bbox 922 3583 967 3632; x_wconf 76' lang='grc' dir='ltr'><strong>καὶ</strong></span> <span class='ocrx_word' id='word_1_277' title='bbox 994 3579 1023 3638; x_wconf 73' lang='grc' dir='ltr'><strong>ἐξ</strong></span> <span class='ocrx_word' id='word_1_278' title='bbox 1046 3562 1077 3632; x_wconf 82' lang='grc' dir='ltr'><strong>οῦ</strong></span> <span class='ocrx_word' id='word_1_279' title='bbox 1106 3583 1209 3647; x_wconf 75' lang='grc' dir='ltr'>γίνεται</span> 
     </span>
     <span class='ocr_line' id='line_1_31' title="bbox 106 3663 1209 3746; baseline -0.003 -17"><span class='ocrx_word' id='word_1_280' title='bbox 106 3669 218 3744; x_wconf 82' lang='grc' dir='ltr'>πρώτου</span> <span class='ocrx_word' id='word_1_281' title='bbox 243 3663 289 3727; x_wconf 82' lang='grc' dir='ltr'><strong>καὶ</strong></span> <span class='ocrx_word' id='word_1_282' title='bbox 318 3677 355 3734; x_wconf 79' lang='grc' dir='ltr'>είς</span> <span class='ocrx_word' id='word_1_283' title='bbox 379 3670 394 3728; x_wconf 83' lang='grc' dir='ltr'>ὃ</span> <span class='ocrx_word' id='word_1_284' title='bbox 423 3679 566 3746; x_wconf 76' lang='grc' dir='ltr'>φθείρεται</span> <span class='ocrx_word' id='word_1_285' title='bbox 590 3678 748 3740; x_wconf 75' lang='grc' dir='ltr'>τελευταῖον,</span> <span class='ocrx_word' id='word_1_286' title='bbox 842 3676 937 3727; x_wconf 79' lang='grc' dir='ltr'>τοῦτο</span> <span class='ocrx_word' id='word_1_287' title='bbox 962 3679 1132 3744; x_wconf 81' lang='grc' dir='ltr'>στοιχεῖον</span> <span class='ocrx_word' id='word_1_288' title='bbox 1155 3677 1209 3726; x_wconf 75' lang='grc' dir='ltr'><strong>καὶ</strong></span> 
     </span>
     <span class='ocr_line' id='line_1_32' title="bbox 106 3763 1209 3841; baseline -0.001 -18"><span class='ocrx_word' id='word_1_289' title='bbox 106 3764 229 3838; x_wconf 79' lang='grc' dir='ltr'>ταύτην</span> <span class='ocrx_word' id='word_1_290' title='bbox 253 3763 364 3841; x_wconf 79' lang='grc' dir='ltr'>ἀρχήν</span> <span class='ocrx_word' id='word_1_291' title='bbox 382 3786 470 3841; x_wconf 86' lang='grc' dir='ltr'>φασιν</span> <span class='ocrx_word' id='word_1_292' title='bbox 489 3769 555 3824; x_wconf 82' lang='grc' dir='ltr'>εἶναι</span> <span class='ocrx_word' id='word_1_293' title='bbox 575 3771 629 3823; x_wconf 79' lang='grc' dir='ltr'>τῶν</span> <span class='ocrx_word' id='word_1_294' title='bbox 652 3763 764 3839; x_wconf 78' lang='grc' dir='ltr'>ὅντων“,</span> <span class='ocrx_word' id='word_1_295' title='bbox 783 3769 878 3824; x_wconf 86' lang='lat' dir='ltr'><strong>addita</strong></span> <span class='ocrx_word' id='word_1_296' title='bbox 896 3787 950 3826; x_wconf 87' lang='lat' dir='ltr'><strong>vox</strong></span> <span class='ocrx_word' id='word_1_297' title='bbox 968 3766 1041 3841; x_wconf 79' lang='grc' dir='ltr'><strong>ἀρχὴ</strong></span> <span class='ocrx_word' id='word_1_298' title='bbox 1061 3772 1136 3823; x_wconf 86' lang='lat' dir='ltr'><strong>certe</strong></span> <span class='ocrx_word' id='word_1_299' title='bbox 1154 3785 1209 3824; x_wconf 90' lang='lat' dir='ltr'><strong>non</strong></span> 
     </span>
     <span class='ocr_line' id='line_1_33' title="bbox 107 3864 1145 3938; baseline -0.003 -16"><span class='ocrx_word' id='word_1_300' title='bbox 107 3867 182 3922; x_wconf 85' lang='lat' dir='ltr'><strong>idem</strong></span> <span class='ocrx_word' id='word_1_301' title='bbox 203 3867 277 3922; x_wconf 81' lang='lat' dir='ltr'><strong>valet</strong></span> <span class='ocrx_word' id='word_1_302' title='bbox 295 3871 378 3937; x_wconf 85' lang='lat' dir='ltr'><strong>atque</strong></span> <span class='ocrx_word' id='word_1_303' title='bbox 397 3873 541 3938; x_wconf 84' lang='grc' dir='ltr'>στοιχεῖον,</span> <span class='ocrx_word' id='word_1_304' title='bbox 561 3867 609 3926; x_wconf 80' lang='lat' dir='ltr'><strong>aad</strong></span> <span class='ocrx_word' id='word_1_305' title='bbox 627 3867 840 3922; x_wconf 61' lang='lat' dir='ltr'><strong>aliam‘oaussaa</strong></span> <span class='ocrx_word' id='word_1_306' title='bbox 860 3867 977 3936; x_wconf 86' lang='lat' dir='ltr'><strong>speeiem</strong></span> <span class='ocrx_word' id='word_1_307' title='bbox 998 3864 1145 3936; x_wconf 83' lang='lat' dir='ltr'><strong>siguificat.</strong></span> 
     </span>
    </p>

    <p class='ocr_par' dir='ltr' id='par_1_9' title="bbox 107 3954 1211 4327">
     <span class='ocr_line' id='line_1_34' title="bbox 207 3954 1210 4037; baseline -0.003 -19"><span class='ocrx_word' id='word_1_308' title='bbox 207 3966 235 4036; x_wconf 82' lang='lat'><strong>2)</strong></span> <span class='ocrx_word' id='word_1_309' title='bbox 254 3964 327 4019; x_wconf 89' lang='lat' dir='ltr'><strong>Plut.</strong></span> <span class='ocrx_word' id='word_1_310' title='bbox 337 3964 410 4020; x_wconf 83' lang='lat' dir='ltr'><strong>Plao.</strong></span> <span class='ocrx_word' id='word_1_311' title='bbox 421 3965 442 4030; x_wconf 89' lang='grc' dir='ltr'><strong>Ι,</strong></span> <span class='ocrx_word' id='word_1_312' title='bbox 456 3969 485 4020; x_wconf 84' lang='lat'><strong>3:</strong></span> <span class='ocrx_word' id='word_1_313' title='bbox 505 3961 730 4037; x_wconf 55' lang='lat' dir='ltr'><strong>„hvufflpavdpor</strong></span> <span class='ocrx_word' id='word_1_314' title='bbox 748 3964 779 4017; x_wconf 73' lang='lat' dir='ltr'><strong>di</strong></span> <span class='ocrx_word' id='word_1_315' title='bbox 794 3961 809 4016; x_wconf 88' lang='grc' dir='ltr'>ὁ</span> <span class='ocrx_word' id='word_1_316' title='bbox 823 3957 960 4030; x_wconf 80' lang='grc' dir='ltr'>Μιλήσιός</span> <span class='ocrx_word' id='word_1_317' title='bbox 973 3978 1043 4034; x_wconf 86' lang='grc' dir='ltr'>φησι</span> <span class='ocrx_word' id='word_1_318' title='bbox 1055 3963 1109 4016; x_wconf 80' lang='grc' dir='ltr'>τῶν</span> <span class='ocrx_word' id='word_1_319' title='bbox 1123 3954 1210 4015; x_wconf 78' lang='grc' dir='ltr'>’όντων</span> 
     </span>
     <span class='ocr_line' id='line_1_35' title="bbox 107 4053 1211 4133; baseline -0.005 -18"><span class='ocrx_word' id='word_1_320' title='bbox 107 4058 166 4129; x_wconf 75' lang='grc' dir='ltr'><strong>τὴν</strong></span> <span class='ocrx_word' id='word_1_321' title='bbox 184 4057 294 4132; x_wconf 77' lang='grc' dir='ltr'>ἀρχὴν</span> <span class='ocrx_word' id='word_1_322' title='bbox 319 4057 384 4117; x_wconf 76' lang='grc' dir='ltr'>εἶναι</span> <span class='ocrx_word' id='word_1_323' title='bbox 411 4060 443 4114; x_wconf 81' lang='grc' dir='ltr'><strong>τὸ</strong></span> <span class='ocrx_word' id='word_1_324' title='bbox 463 4056 585 4133; x_wconf 74' lang='grc' dir='ltr'>ι’ῦπειρον,</span> <span class='ocrx_word' id='word_1_325' title='bbox 611 4063 641 4115; x_wconf 75' lang='grc' dir='ltr'><strong>ἐκ</strong></span> <span class='ocrx_word' id='word_1_326' title='bbox 661 4058 715 4131; x_wconf 80' lang='grc' dir='ltr'><strong>γὰρ</strong></span> <span class='ocrx_word' id='word_1_327' title='bbox 732 4053 827 4114; x_wconf 81' lang='grc' dir='ltr'>τοῦτου</span> <span class='ocrx_word' id='word_1_328' title='bbox 843 4055 933 4114; x_wconf 79' lang='grc' dir='ltr'>πάντα</span> <span class='ocrx_word' id='word_1_329' title='bbox 951 4064 1080 4128; x_wconf 75' lang='grc' dir='ltr'>γίνεσθαι</span> <span class='ocrx_word' id='word_1_330' title='bbox 1109 4061 1155 4110; x_wconf 80' lang='grc' dir='ltr'><strong>καὶ</strong></span> <span class='ocrx_word' id='word_1_331' title='bbox 1173 4060 1211 4117; x_wconf 74' lang='grc' dir='ltr'>εἰς</span> 
     </span>
     <span class='ocr_line' id='line_1_36' title="bbox 107 4147 1210 4230; baseline -0.005 -18"><span class='ocrx_word' id='word_1_332' title='bbox 107 4159 187 4212; x_wconf 80' lang='grc' dir='ltr'>τοῦτο</span> <span class='ocrx_word' id='word_1_333' title='bbox 206 4152 297 4213; x_wconf 80' lang='grc' dir='ltr'>πάντα</span> <span class='ocrx_word' id='word_1_334' title='bbox 316 4163 497 4230; x_wconf 67' lang='grc' dir='ltr'>φθείρεσθαι·</span> <span class='ocrx_word' id='word_1_335' title='bbox 510 4155 554 4211; x_wconf 83' lang='lat' dir='ltr'><strong>drb</strong></span> <span class='ocrx_word' id='word_1_336' title='bbox 566 4163 612 4211; x_wconf 83' lang='grc' dir='ltr'><strong>καὶ</strong></span> <span class='ocrx_word' id='word_1_337' title='bbox 624 4158 775 4227; x_wconf 80' lang='grc' dir='ltr'>γεννᾶσθαι</span> <span class='ocrx_word' id='word_1_338' title='bbox 789 4153 917 4226; x_wconf 75' lang='grc' dir='ltr'><strong>ἀπείρους</strong></span> <span class='ocrx_word' id='word_1_339' title='bbox 930 4149 1050 4227; x_wconf 77' lang='grc' dir='ltr'>κόσμους</span> <span class='ocrx_word' id='word_1_340' title='bbox 1064 4157 1108 4207; x_wconf 76' lang='grc' dir='ltr'><strong>καὶ</strong></span> <span class='ocrx_word' id='word_1_341' title='bbox 1125 4147 1210 4207; x_wconf 78' lang='grc' dir='ltr'>πάλιν</span> 
     </span>
     <span class='ocr_line' id='line_1_37' title="bbox 109 4252 628 4327; baseline -0.004 -19"><span class='ocrx_word' id='word_1_342' title='bbox 109 4261 281 4327; x_wconf 71' lang='grc' dir='ltr'>φθείρεσθαι</span> <span class='ocrx_word' id='word_1_343' title='bbox 300 4257 338 4314; x_wconf 79' lang='grc' dir='ltr'><strong>εἰς</strong></span> <span class='ocrx_word' id='word_1_344' title='bbox 355 4252 385 4309; x_wconf 83' lang='grc' dir='ltr'><strong>τὸ</strong></span> <span class='ocrx_word' id='word_1_345' title='bbox 405 4255 433 4314; x_wconf 70' lang='grc' dir='ltr'><strong>ἐξ</strong></span> <span class='ocrx_word' id='word_1_346' title='bbox 450 4275 482 4307; x_wconf 91' lang='grc' dir='ltr'><strong>ου</strong></span> <span class='ocrx_word' id='word_1_347' title='bbox 499 4253 628 4324; x_wconf 75' lang='grc' dir='ltr'>γίνεται.“</span> 
     </span>
    </p>
   </div>
   <div class='ocr_carea' id='block_1_8' title="bbox 0 0 1453 4902">
    <p class='ocr_par' dir='ltr' id='par_1_10' title="bbox 0 0 1453 4902">
     <span class='ocr_line' id='line_1_38' title="bbox 0 0 1453 4902; baseline 0 0"><span class='ocrx_word' id='word_1_348' title='bbox 0 0 1453 4902; x_wconf 95' lang='lat' dir='ltr'><strong> </strong></span> 
     </span>
    </p>
   </div>
  </div>
 </body>
</html>
