<?xml version="1.0" encoding="UTF-8"?>
<!DOCTYPE html PUBLIC "-//W3C//DTD XHTML 1.0 Transitional//EN"
    "http://www.w3.org/TR/xhtml1/DTD/xhtml1-transitional.dtd">
<html xmlns="http://www.w3.org/1999/xhtml" xml:lang="en" lang="en">
 <head>
  <title>
</title>
<meta http-equiv="Content-Type" content="text/html;charset=utf-8" />
  <meta name='ocr-system' content='tesseract 3.04.00' />
  <meta name='ocr-capabilities' content='ocr_page ocr_carea ocr_par ocr_line ocrx_word'/>
</head>
<body>
  <div class='ocr_page' id='page_1' title='image "./anaximandermile00neuhgoog_0105.png"; bbox 0 0 2864 4904; ppageno 0'>
   <div class='ocr_carea' id='block_1_1' title="bbox 248 547 1348 858">
    <p class='ocr_par' dir='ltr' id='par_1_1' title="bbox 248 547 1348 858">
     <span class='ocr_line' id='line_1_1' title="bbox 248 547 1348 640; baseline -0.007 -19"><span class='ocrx_word' id='word_1_1' title='bbox 248 575 308 640; x_wconf 85' lang='lat' dir='ltr'><strong>per</strong></span> <span class='ocrx_word' id='word_1_2' title='bbox 328 573 364 620; x_wconf 92' lang='lat' dir='ltr'><strong>se</strong></span> <span class='ocrx_word' id='word_1_3' title='bbox 385 557 544 635; x_wconf 79' lang='lat' dir='ltr'><strong>constant,</strong></span> <span class='ocrx_word' id='word_1_4' title='bbox 574 571 685 617; x_wconf 86' lang='lat' dir='ltr'><strong>vemm</strong></span> <span class='ocrx_word' id='word_1_5' title='bbox 707 549 806 616; x_wconf 85' lang='lat' dir='ltr'><strong>etiam</strong></span> <span class='ocrx_word' id='word_1_6' title='bbox 827 569 876 632; x_wconf 85' lang='lat' dir='ltr'><strong>ea,</strong></span> <span class='ocrx_word' id='word_1_7' title='bbox 904 569 988 632; x_wconf 89' lang='lat' dir='ltr'><strong>qnae</strong></span> <span class='ocrx_word' id='word_1_8' title='bbox 1020 547 1211 632; x_wconf 80' lang='lat' dir='ltr'><strong>singillatim</strong></span> <span class='ocrx_word' id='word_1_9' title='bbox 1242 567 1348 614; x_wconf 87' lang='lat' dir='ltr'><strong>nume-</strong></span> 
     </span>
     <span class='ocr_line' id='line_1_2' title="bbox 250 657 1348 746; baseline -0.009 -14"><span class='ocrx_word' id='word_1_10' title='bbox 250 669 369 745; x_wconf 88' lang='lat' dir='ltr'><strong>rantur,</strong></span> <span class='ocrx_word' id='word_1_11' title='bbox 391 681 546 728; x_wconf 89' lang='lat' dir='ltr'><strong>numero</strong></span> <span class='ocrx_word' id='word_1_12' title='bbox 567 660 727 728; x_wconf 86' lang='lat' dir='ltr'><strong>diversa</strong></span> <span class='ocrx_word' id='word_1_13' title='bbox 748 661 962 746; x_wconf 84' lang='lat' dir='ltr'><strong>appellamus,</strong></span> <span class='ocrx_word' id='word_1_14' title='bbox 980 659 1015 725; x_wconf 91' lang='lat' dir='ltr'><strong>in</strong></span> <span class='ocrx_word' id='word_1_15' title='bbox 1039 659 1222 724; x_wconf 85' lang='lat' dir='ltr'><strong>universum</strong></span> <span class='ocrx_word' id='word_1_16' title='bbox 1246 658 1284 723; x_wconf 87' lang='lat' dir='ltr'><strong>id</strong></span> <span class='ocrx_word' id='word_1_17' title='bbox 1306 657 1348 722; x_wconf 88' lang='lat' dir='ltr'><strong>di·</strong></span> 
     </span>
     <span class='ocr_line' id='line_1_3' title="bbox 250 764 1348 858; baseline -0.008 -18"><span class='ocrx_word' id='word_1_18' title='bbox 250 793 323 840; x_wconf 89' lang='lat' dir='ltr'><strong>eere</strong></span> <span class='ocrx_word' id='word_1_19' title='bbox 344 791 513 858; x_wconf 88' lang='lat' dir='ltr'><strong>possumus</strong></span> <span class='ocrx_word' id='word_1_20' title='bbox 536 789 608 836; x_wconf 89' lang='lat' dir='ltr'><strong>esse</strong></span> <span class='ocrx_word' id='word_1_21' title='bbox 639 764 731 852; x_wconf 83' lang='grc' dir='ltr'><strong><em>παρά</em></strong></span> <span class='ocrx_word' id='word_1_22' title='bbox 751 792 784 834; x_wconf 81' lang='grc' dir='ltr'><strong>τι</strong></span> <span class='ocrx_word' id='word_1_23' title='bbox 807 765 929 852; x_wconf 72' lang='grc' dir='ltr'><strong><em>ἕτερον,</em></strong></span> <span class='ocrx_word' id='word_1_24' title='bbox 959 767 1046 852; x_wconf 87' lang='lat' dir='ltr'><strong>quod</strong></span> <span class='ocrx_word' id='word_1_25' title='bbox 1078 768 1120 834; x_wconf 85' lang='lat' dir='ltr'><strong>ab</strong></span> <span class='ocrx_word' id='word_1_26' title='bbox 1150 787 1348 834; x_wconf 89' lang='lat' dir='ltr'><strong>eo-numero</strong></span> 
     </span>
    </p>
   </div>
   <div class='ocr_carea' id='block_1_2' title="bbox 248 882 486 950">
    <p class='ocr_par' dir='ltr' id='par_1_2' title="bbox 248 882 486 950">
     <span class='ocr_line' id='line_1_4' title="bbox 248 882 486 950; baseline -0.008 -2"><span class='ocrx_word' id='word_1_27' title='bbox 248 882 412 950; x_wconf 84' lang='lat' dir='ltr'><strong>diversum</strong></span> <span class='ocrx_word' id='word_1_28' title='bbox 434 882 486 948; x_wconf 77' lang='lat' dir='ltr'><strong>sit</strong></span> 
     </span>
    </p>
   </div>
   <div class='ocr_carea' id='block_1_3' title="bbox 353 995 1420 1090">
    <p class='ocr_par' dir='ltr' id='par_1_3' title="bbox 353 995 1420 1090">
     <span class='ocr_line' id='line_1_5' title="bbox 353 995 1420 1090; baseline -0.009 -16"><span class='ocrx_word' id='word_1_29' title='bbox 353 1009 444 1074; x_wconf 90' lang='lat' dir='ltr'><strong>Haeo</strong></span> <span class='ocrx_word' id='word_1_30' title='bbox 465 1005 658 1090; x_wconf 85' lang='lat' dir='ltr'><strong>exponenda</strong></span> <span class='ocrx_word' id='word_1_31' title='bbox 679 1012 780 1088; x_wconf 87' lang='lat' dir='ltr'><strong>erant,</strong></span> <span class='ocrx_word' id='word_1_32' title='bbox 808 1011 852 1088; x_wconf 81' lang='lat' dir='ltr'><strong>ut,</strong></span> <span class='ocrx_word' id='word_1_33' title='bbox 884 1003 961 1088; x_wconf 85' lang='lat' dir='ltr'><strong>quid</strong></span> <span class='ocrx_word' id='word_1_34' title='bbox 984 1002 1237 1087; x_wconf 84' lang='lat' dir='ltr'><strong>intellegendum</strong></span> <span class='ocrx_word' id='word_1_35' title='bbox 1267 1007 1348 1068; x_wconf 86' lang='lat' dir='ltr'><strong>esset</strong></span> <span class='ocrx_word' id='word_1_36' title='bbox 1419 995 1420 1002; x_wconf 74' lang='grc'>’</span> 
     </span>
    </p>
   </div>
   <div class='ocr_carea' id='block_1_4' title="bbox 244 1111 1348 1526">
    <p class='ocr_par' dir='ltr' id='par_1_4' title="bbox 244 1111 1348 1526">
     <span class='ocr_line' id='line_1_6' title="bbox 253 1111 1348 1200; baseline -0.006 -17"><span class='ocrx_word' id='word_1_37' title='bbox 253 1113 293 1183; x_wconf 77' lang='grc' dir='ltr'><strong>τὸ</strong></span> <span class='ocrx_word' id='word_1_38' title='bbox 316 1111 407 1200; x_wconf 81' lang='grc' dir='ltr'><em>παρὰ</em></span> <span class='ocrx_word' id='word_1_39' title='bbox 419 1111 469 1180; x_wconf 69' lang='grc' dir='ltr'><strong>τὰ</strong></span> <span class='ocrx_word' id='word_1_40' title='bbox 490 1118 645 1198; x_wconf 82' lang='grc' dir='ltr'><strong><em>στοιχεῖα,</em></strong></span> <span class='ocrx_word' id='word_1_41' title='bbox 677 1121 764 1181; x_wconf 89' lang='lat' dir='ltr'><strong>oerto</strong></span> <span class='ocrx_word' id='word_1_42' title='bbox 787 1113 909 1182; x_wconf 83' lang='lat' dir='ltr'><strong>iudicio</strong></span> <span class='ocrx_word' id='word_1_43' title='bbox 933 1111 1086 1198; x_wconf 86' lang='lat' dir='ltr'><strong>eognosoi</strong></span> <span class='ocrx_word' id='word_1_44' title='bbox 1110 1117 1230 1197; x_wconf 84' lang='lat' dir='ltr'><strong>posset.</strong></span> <span class='ocrx_word' id='word_1_45' title='bbox 1274 1111 1348 1177; x_wconf 82' lang='lat' dir='ltr'><strong>Cum</strong></span> 
     </span>
     <span class='ocr_line' id='line_1_7' title="bbox 253 1221 1347 1311; baseline -0.008 -18"><span class='ocrx_word' id='word_1_46' title='bbox 253 1228 339 1294; x_wconf 93' lang='lat' dir='ltr'><strong>enim</strong></span> <span class='ocrx_word' id='word_1_47' title='bbox 360 1225 469 1311; x_wconf 85' lang='lat' dir='ltr'><strong>paullo</strong></span> <span class='ocrx_word' id='word_1_48' title='bbox 491 1231 567 1292; x_wconf 87' lang='lat' dir='ltr'><strong>aute</strong></span> <span class='ocrx_word' id='word_1_49' title='bbox 588 1224 774 1309; x_wconf 87' lang='lat' dir='ltr'><strong>viderimus,</strong></span> <span class='ocrx_word' id='word_1_50' title='bbox 796 1223 989 1307; x_wconf 79' lang='lat' dir='ltr'><strong>principium</strong></span> <span class='ocrx_word' id='word_1_51' title='bbox 1011 1221 1092 1287; x_wconf 90' lang='lat' dir='ltr'><strong>illud</strong></span> <span class='ocrx_word' id='word_1_52' title='bbox 1114 1221 1201 1305; x_wconf 86' lang='lat' dir='ltr'><strong>quod</strong></span> <span class='ocrx_word' id='word_1_53' title='bbox 1222 1222 1265 1288; x_wconf 85' lang='lat' dir='ltr'><strong>ab</strong></span> <span class='ocrx_word' id='word_1_54' title='bbox 1282 1221 1347 1286; x_wconf 81' lang='lat' dir='ltr'><strong>Ari-</strong></span> 
     </span>
     <span class='ocr_line' id='line_1_8' title="bbox 244 1315 1348 1416; baseline -0.007 -14"><span class='ocrx_word' id='word_1_55' title='bbox 244 1315 367 1403; x_wconf 83' lang='lat' dir='ltr'><strong>stotele</strong></span> <span class='ocrx_word' id='word_1_56' title='bbox 388 1336 524 1402; x_wconf 87' lang='lat' dir='ltr'><strong>refertur</strong></span> <span class='ocrx_word' id='word_1_57' title='bbox 544 1336 586 1401; x_wconf 84' lang='lat' dir='ltr'><strong>ab</strong></span> <span class='ocrx_word' id='word_1_58' title='bbox 603 1334 770 1401; x_wconf 86' lang='lat' dir='ltr'><strong>elementis</strong></span> <span class='ocrx_word' id='word_1_59' title='bbox 790 1332 963 1412; x_wconf 86' lang='lat' dir='ltr'><strong>diversum,</strong></span> <span class='ocrx_word' id='word_1_60' title='bbox 987 1338 1145 1416; x_wconf 83' lang='lat' dir='ltr'><strong>qnatenus</strong></span> <span class='ocrx_word' id='word_1_61' title='bbox 1161 1332 1348 1414; x_wconf 88' lang='lat' dir='ltr'><strong>generaliter</strong></span> 
     </span>
     <span class='ocr_line' id='line_1_9' title="bbox 252 1439 1347 1526; baseline -0.005 -16"><span class='ocrx_word' id='word_1_62' title='bbox 252 1451 375 1510; x_wconf 84' lang='lat' dir='ltr'><strong>tantum</strong></span> <span class='ocrx_word' id='word_1_63' title='bbox 397 1439 509 1526; x_wconf 69' lang='grc' dir='ltr'><strong><em>ἕτερόν</em></strong></span> <span class='ocrx_word' id='word_1_64' title='bbox 530 1467 562 1508; x_wconf 85' lang='grc' dir='ltr'><strong>τι</strong></span> <span class='ocrx_word' id='word_1_65' title='bbox 584 1445 651 1508; x_wconf 75' lang='grc' dir='ltr'><strong>τῶν</strong></span> <span class='ocrx_word' id='word_1_66' title='bbox 676 1442 848 1524; x_wconf 79' lang='grc' dir='ltr'><strong><em>στοιχείων</em></strong></span> <span class='ocrx_word' id='word_1_67' title='bbox 869 1441 1040 1524; x_wconf 89' lang='lat' dir='ltr'><strong>dioeretnr,</strong></span> <span class='ocrx_word' id='word_1_68' title='bbox 1063 1447 1096 1507; x_wconf 89' lang='lat' dir='ltr'><strong>et</strong></span> <span class='ocrx_word' id='word_1_69' title='bbox 1117 1441 1285 1507; x_wconf 81' lang='lat' dir='ltr'><strong>materiam</strong></span> <span class='ocrx_word' id='word_1_70' title='bbox 1305 1440 1347 1504; x_wconf 93' lang='lat' dir='ltr'><strong>in-</strong></span> 
     </span>
    </p>
   </div>
   <div class='ocr_carea' id='block_1_5' title="bbox 253 1543 1421 1635">
    <p class='ocr_par' dir='ltr' id='par_1_5' title="bbox 253 1543 1421 1635">
     <span class='ocr_line' id='line_1_10' title="bbox 253 1543 1421 1635; baseline -0.002 -20"><span class='ocrx_word' id='word_1_71' title='bbox 253 1550 364 1634; x_wconf 78' lang='lat' dir='ltr'><strong>tellegi</strong></span> <span class='ocrx_word' id='word_1_72' title='bbox 386 1569 482 1635; x_wconf 88' lang='lat' dir='ltr'><strong>posse</strong></span> <span class='ocrx_word' id='word_1_73' title='bbox 494 1551 663 1617; x_wconf 82' lang='lat' dir='ltr'><strong>contrariis</strong></span> <span class='ocrx_word' id='word_1_74' title='bbox 679 1551 908 1616; x_wconf 87' lang='lat' dir='ltr'><strong>elementorum</strong></span> <span class='ocrx_word' id='word_1_75' title='bbox 930 1549 1144 1632; x_wconf 84' lang='lat' dir='ltr'><strong>qualitatibus</strong></span> <span class='ocrx_word' id='word_1_76' title='bbox 1166 1550 1346 1630; x_wconf 78' lang='lat' dir='ltr'><strong>subiectam,</strong></span> <span class='ocrx_word' id='word_1_77' title='bbox 1420 1543 1421 1552; x_wconf 74' lang='grc'>’</span> 
     </span>
    </p>
   </div>
   <div class='ocr_carea' id='block_1_6' title="bbox 251 1659 1346 1961">
    <p class='ocr_par' dir='ltr' id='par_1_6' title="bbox 251 1659 1346 1961">
     <span class='ocr_line' id='line_1_11' title="bbox 251 1659 1346 1744; baseline -0.001 -19"><span class='ocrx_word' id='word_1_78' title='bbox 251 1667 284 1725; x_wconf 89' lang='lat' dir='ltr'><strong>et</strong></span> <span class='ocrx_word' id='word_1_79' title='bbox 308 1661 520 1726; x_wconf 84' lang='lat' dir='ltr'><strong>substantiam</strong></span> <span class='ocrx_word' id='word_1_80' title='bbox 550 1661 777 1744; x_wconf 74' lang='lat' dir='ltr'><strong>insonumero</strong></span> <span class='ocrx_word' id='word_1_81' title='bbox 806 1661 848 1726; x_wconf 87' lang='lat' dir='ltr'><strong>ab</strong></span> <span class='ocrx_word' id='word_1_82' title='bbox 871 1660 1040 1726; x_wconf 88' lang='lat' dir='ltr'><strong>elementis</strong></span> <span class='ocrx_word' id='word_1_83' title='bbox 1062 1659 1233 1738; x_wconf 86' lang='lat' dir='ltr'><strong>diversam,</strong></span> <span class='ocrx_word' id='word_1_84' title='bbox 1257 1678 1346 1741; x_wconf 85' lang='lat' dir='ltr'><strong>qnae-</strong></span> 
     </span>
     <span class='ocr_line' id='line_1_12' title="bbox 251 1767 1346 1854; baseline -0.002 -20"><span class='ocrx_word' id='word_1_85' title='bbox 251 1768 384 1835; x_wconf 88' lang='lat' dir='ltr'><strong>rendum</strong></span> <span class='ocrx_word' id='word_1_86' title='bbox 407 1775 469 1850; x_wconf 92' lang='lat' dir='ltr'><strong>est,</strong></span> <span class='ocrx_word' id='word_1_87' title='bbox 490 1767 552 1834; x_wconf 87' lang='lat' dir='ltr'><strong>bae</strong></span> <span class='ocrx_word' id='word_1_88' title='bbox 575 1768 660 1835; x_wconf 83' lang='lat' dir='ltr'><strong>(luae</strong></span> <span class='ocrx_word' id='word_1_89' title='bbox 683 1768 869 1854; x_wconf 85' lang='lat' dir='ltr'><strong>explioandi</strong></span> <span class='ocrx_word' id='word_1_90' title='bbox 890 1767 1033 1835; x_wconf 86' lang='lat' dir='ltr'><strong>rationes</strong></span> <span class='ocrx_word' id='word_1_91' title='bbox 1055 1769 1215 1852; x_wconf 87' lang='lat' dir='ltr'><strong>quomodo</strong></span> <span class='ocrx_word' id='word_1_92' title='bbox 1238 1789 1274 1834; x_wconf 91' lang='lat' dir='ltr'><strong>se</strong></span> <span class='ocrx_word' id='word_1_93' title='bbox 1296 1767 1346 1832; x_wconf 91' lang='lat' dir='ltr'><strong>ba-</strong></span> 
     </span>
     <span class='ocr_line' id='line_1_13' title="bbox 251 1871 1346 1961; baseline -0.003 -18"><span class='ocrx_word' id='word_1_94' title='bbox 251 1878 349 1944; x_wconf 82' lang='lat' dir='ltr'><strong>beant</strong></span> <span class='ocrx_word' id='word_1_95' title='bbox 370 1877 413 1943; x_wconf 86' lang='lat' dir='ltr'><strong>ad</strong></span> <span class='ocrx_word' id='word_1_96' title='bbox 437 1877 629 1944; x_wconf 78' lang='lat' dir='ltr'><strong>vocabulum</strong></span> <span class='ocrx_word' id='word_1_97' title='bbox 649 1871 709 1942; x_wconf 72' lang='lat' dir='ltr'><strong>‘ab</strong></span> <span class='ocrx_word' id='word_1_98' title='bbox 728 1871 820 1958; x_wconf 82' lang='grc' dir='ltr'><strong><em>παρὰ</em></strong></span> <span class='ocrx_word' id='word_1_99' title='bbox 840 1872 880 1940; x_wconf 75' lang='grc' dir='ltr'><strong>τὰ</strong></span> <span class='ocrx_word' id='word_1_100' title='bbox 901 1878 1075 1958; x_wconf 80' lang='grc' dir='ltr'><strong><em>στοιχεῖα’.</em></strong></span> <span class='ocrx_word' id='word_1_101' title='bbox 1119 1878 1157 1943; x_wconf 94' lang='lat' dir='ltr'><strong>ln</strong></span> <span class='ocrx_word' id='word_1_102' title='bbox 1180 1897 1242 1961; x_wconf 89' lang='lat' dir='ltr'><strong>qua</strong></span> <span class='ocrx_word' id='word_1_103' title='bbox 1256 1896 1346 1960; x_wconf 86' lang='lat' dir='ltr'><strong>quae-</strong></span> 
     </span>
    </p>
   </div>
   <div class='ocr_carea' id='block_1_7' title="bbox 253 1985 1422 2073">
    <p class='ocr_par' dir='ltr' id='par_1_7' title="bbox 253 1985 1422 2073">
     <span class='ocr_line' id='line_1_14' title="bbox 253 1985 1422 2073; baseline -0.004 -20"><span class='ocrx_word' id='word_1_104' title='bbox 253 1987 358 2054; x_wconf 84' lang='lat' dir='ltr'><strong>stione</strong></span> <span class='ocrx_word' id='word_1_105' title='bbox 380 1987 524 2071; x_wconf 89' lang='lat' dir='ltr'><strong>protinus</strong></span> <span class='ocrx_word' id='word_1_106' title='bbox 547 1994 691 2073; x_wconf 86' lang='lat' dir='ltr'><strong>apparet,</strong></span> <span class='ocrx_word' id='word_1_107' title='bbox 724 1988 753 2052; x_wconf 92' lang='lat' dir='ltr'><strong>si</strong></span> <span class='ocrx_word' id='word_1_108' title='bbox 775 1985 857 2053; x_wconf 90' lang='lat' dir='ltr'><strong>illud</strong></span> <span class='ocrx_word' id='word_1_109' title='bbox 888 1987 1085 2072; x_wconf 81' lang='lat' dir='ltr'><strong>principium</strong></span> <span class='ocrx_word' id='word_1_110' title='bbox 1110 1993 1247 2073; x_wconf 88' lang='lat' dir='ltr'><strong>ponatur</strong></span> <span class='ocrx_word' id='word_1_111' title='bbox 1277 2005 1346 2051; x_wconf 89' lang='lat' dir='ltr'><strong>esse</strong></span> <span class='ocrx_word' id='word_1_112' title='bbox 1421 1997 1422 2048; x_wconf 80' lang='lat' dir='ltr'><strong>l</strong></span> 
     </span>
    </p>
   </div>
   <div class='ocr_carea' id='block_1_8' title="bbox 200 2095 1346 3821">
    <p class='ocr_par' dir='ltr' id='par_1_8' title="bbox 200 2095 1346 3821">
     <span class='ocr_line' id='line_1_15' title="bbox 254 2095 1346 2180; baseline -0.003 -18"><span class='ocrx_word' id='word_1_113' title='bbox 254 2097 436 2162; x_wconf 82' lang='lat' dir='ltr'><strong>substantia</strong></span> <span class='ocrx_word' id='word_1_114' title='bbox 455 2116 587 2163; x_wconf 89' lang='lat' dir='ltr'><strong>numero</strong></span> <span class='ocrx_word' id='word_1_115' title='bbox 616 2098 658 2163; x_wconf 82' lang='lat' dir='ltr'><strong>ab</strong></span> <span class='ocrx_word' id='word_1_116' title='bbox 681 2097 849 2162; x_wconf 91' lang='lat' dir='ltr'><strong>elementis</strong></span> <span class='ocrx_word' id='word_1_117' title='bbox 872 2096 1011 2180; x_wconf 85' lang='lat' dir='ltr'><strong>diversa,</strong></span> <span class='ocrx_word' id='word_1_118' title='bbox 1034 2095 1118 2163; x_wconf 84' lang='lat' dir='ltr'><strong>bano</strong></span> <span class='ocrx_word' id='word_1_119' title='bbox 1141 2095 1346 2164; x_wconf 87' lang='lat' dir='ltr'><strong>substantiam</strong></span> 
     </span>
     <span class='ocr_line' id='line_1_16' title="bbox 200 2199 1346 2290; baseline -0.003 -18"><span class='ocrx_word' id='word_1_120' title='bbox 200 2227 207 2234; x_wconf 93' lang='lat'>·</span> <span class='ocrx_word' id='word_1_121' title='bbox 254 2225 313 2290; x_wconf 89' lang='lat' dir='ltr'><strong>per</strong></span> <span class='ocrx_word' id='word_1_122' title='bbox 334 2225 369 2271; x_wconf 90' lang='lat' dir='ltr'><strong>se</strong></span> <span class='ocrx_word' id='word_1_123' title='bbox 392 2225 464 2272; x_wconf 88' lang='lat' dir='ltr'><strong>esse</strong></span> <span class='ocrx_word' id='word_1_124' title='bbox 495 2205 620 2289; x_wconf 87' lang='lat' dir='ltr'><strong>aliquid</strong></span> <span class='ocrx_word' id='word_1_125' title='bbox 650 2199 742 2286; x_wconf 75' lang='grc' dir='ltr'><em>παρὰ</em></span> <span class='ocrx_word' id='word_1_126' title='bbox 771 2200 813 2268; x_wconf 84' lang='grc' dir='ltr'><strong>τὰ</strong></span> <span class='ocrx_word' id='word_1_127' title='bbox 840 2209 997 2290; x_wconf 82' lang='grc' dir='ltr'><strong><em>στοιχεῖα,</em></strong></span> <span class='ocrx_word' id='word_1_128' title='bbox 1027 2213 1124 2289; x_wconf 84' lang='lat' dir='ltr'><strong>atque</strong></span> <span class='ocrx_word' id='word_1_129' title='bbox 1155 2227 1195 2274; x_wconf 87' lang='lat' dir='ltr'><strong>ea</strong></span> <span class='ocrx_word' id='word_1_130' title='bbox 1223 2201 1346 2290; x_wconf 89' lang='lat' dir='ltr'><strong>quidem</strong></span> 
     </span>
     <span class='ocr_line' id='line_1_17' title="bbox 258 2313 1345 2401; baseline -0.004 -20"><span class='ocrx_word' id='word_1_131' title='bbox 258 2316 406 2381; x_wconf 88' lang='lat' dir='ltr'><strong>voeabuli</strong></span> <span class='ocrx_word' id='word_1_132' title='bbox 436 2315 683 2398; x_wconf 80' lang='lat' dir='ltr'><strong>significatione,</strong></span> <span class='ocrx_word' id='word_1_133' title='bbox 714 2335 810 2398; x_wconf 86' lang='lat' dir='ltr'><strong>qnam</strong></span> <span class='ocrx_word' id='word_1_134' title='bbox 839 2318 977 2400; x_wconf 85' lang='lat' dir='ltr'><strong>priorem</strong></span> <span class='ocrx_word' id='word_1_135' title='bbox 1008 2317 1183 2401; x_wconf 89' lang='lat' dir='ltr'><strong>posuimus.</strong></span> <span class='ocrx_word' id='word_1_136' title='bbox 1225 2314 1285 2381; x_wconf 82' lang='lat' dir='ltr'><strong>Sei</strong></span> <span class='ocrx_word' id='word_1_137' title='bbox 1312 2313 1345 2378; x_wconf 90' lang='lat' dir='ltr'><strong>id</strong></span> 
     </span>
     <span class='ocr_line' id='line_1_18' title="bbox 254 2424 1343 2511; baseline -0.004 -21"><span class='ocrx_word' id='word_1_138' title='bbox 254 2426 425 2507; x_wconf 84' lang='lat' dir='ltr'><strong>quaeritur,</strong></span> <span class='ocrx_word' id='word_1_139' title='bbox 446 2445 522 2489; x_wconf 91' lang='lat' dir='ltr'><strong>num</strong></span> <span class='ocrx_word' id='word_1_140' title='bbox 544 2424 651 2503; x_wconf 87' lang='lat' dir='ltr'><strong>etiam,</strong></span> <span class='ocrx_word' id='word_1_141' title='bbox 674 2425 703 2490; x_wconf 89' lang='lat' dir='ltr'><strong>si</strong></span> <span class='ocrx_word' id='word_1_142' title='bbox 724 2445 789 2490; x_wconf 88' lang='lat' dir='ltr'><strong>non</strong></span> <span class='ocrx_word' id='word_1_143' title='bbox 811 2425 993 2492; x_wconf 87' lang='lat' dir='ltr'><strong>substantia</strong></span> <span class='ocrx_word' id='word_1_144' title='bbox 1007 2425 1221 2511; x_wconf 83' lang='lat' dir='ltr'><strong>intellegatur,</strong></span> <span class='ocrx_word' id='word_1_145' title='bbox 1241 2443 1343 2490; x_wconf 84' lang='lat' dir='ltr'><strong>verum</strong></span> 
     </span>
     <span class='ocr_line' id='line_1_19' title="bbox 254 2532 1343 2627; baseline -0.002 -29"><span class='ocrx_word' id='word_1_146' title='bbox 254 2532 391 2599; x_wconf 84' lang='lat' dir='ltr'><strong>materia</strong></span> <span class='ocrx_word' id='word_1_147' title='bbox 411 2534 639 2599; x_wconf 89' lang='lat' dir='ltr'><strong>elementorum</strong></span> <span class='ocrx_word' id='word_1_148' title='bbox 669 2532 881 2627; x_wconf 84' lang='lat' dir='ltr'><strong>qualitatibus</strong></span> <span class='ocrx_word' id='word_1_149' title='bbox 905 2533 1062 2617; x_wconf 78' lang='lat' dir='ltr'><strong>subiecta,</strong></span> <span class='ocrx_word' id='word_1_150' title='bbox 1087 2571 1124 2582; x_wconf 93' lang='grc'>-</span> <span class='ocrx_word' id='word_1_151' title='bbox 1147 2534 1222 2602; x_wconf 89' lang='lat' dir='ltr'><strong>dieo</strong></span> <span class='ocrx_word' id='word_1_152' title='bbox 1244 2539 1343 2600; x_wconf 91' lang='lat' dir='ltr'><strong>antem</strong></span> 
     </span>
     <span class='ocr_line' id='line_1_20' title="bbox 253 2643 1342 2728; baseline -0.001 -21"><span class='ocrx_word' id='word_1_153' title='bbox 253 2643 420 2708; x_wconf 87' lang='lat' dir='ltr'><strong>materiam</strong></span> <span class='ocrx_word' id='word_1_154' title='bbox 443 2662 502 2726; x_wconf 86' lang='lat' dir='ltr'><strong>per</strong></span> <span class='ocrx_word' id='word_1_155' title='bbox 525 2661 560 2708; x_wconf 90' lang='lat' dir='ltr'><strong>se</strong></span> <span class='ocrx_word' id='word_1_156' title='bbox 582 2643 696 2726; x_wconf 85' lang='lat' dir='ltr'><strong>quovis</strong></span> <span class='ocrx_word' id='word_1_157' title='bbox 718 2643 874 2726; x_wconf 84' lang='lat' dir='ltr'><strong>qualitate</strong></span> <span class='ocrx_word' id='word_1_158' title='bbox 896 2649 1070 2719; x_wconf 81' lang='lat' dir='ltr'><strong>carentem,</strong></span> <span class='ocrx_word' id='word_1_159' title='bbox 1092 2646 1221 2728; x_wconf 84' lang='lat' dir='ltr'><strong>qualem</strong></span> <span class='ocrx_word' id='word_1_160' title='bbox 1231 2643 1342 2710; x_wconf 78' lang='lat' dir='ltr'><strong>Aristo-</strong></span> 
     </span>
     <span class='ocr_line' id='line_1_21' title="bbox 253 2747 1343 2836; baseline -0.002 -21"><span class='ocrx_word' id='word_1_161' title='bbox 253 2751 334 2816; x_wconf 88' lang='lat' dir='ltr'><strong>teles</strong></span> <span class='ocrx_word' id='word_1_162' title='bbox 356 2750 541 2817; x_wconf 85' lang='lat' dir='ltr'><strong>informavit</strong></span> <span class='ocrx_word' id='word_1_163' title='bbox 568 2787 600 2797; x_wconf 96' lang='lat'>-</span> <span class='ocrx_word' id='word_1_164' title='bbox 624 2749 691 2817; x_wconf 89' lang='lat' dir='ltr'><strong>diei</strong></span> <span class='ocrx_word' id='word_1_165' title='bbox 714 2751 819 2834; x_wconf 86' lang='lat' dir='ltr'><strong>possit</strong></span> <span class='ocrx_word' id='word_1_166' title='bbox 846 2773 918 2819; x_wconf 90' lang='lat' dir='ltr'><strong>esse</strong></span> <span class='ocrx_word' id='word_1_167' title='bbox 943 2753 1067 2836; x_wconf 86' lang='lat' dir='ltr'><strong>aliquid</strong></span> <span class='ocrx_word' id='word_1_168' title='bbox 1089 2747 1181 2836; x_wconf 79' lang='grc' dir='ltr'><em>παρὰ</em></span> <span class='ocrx_word' id='word_1_169' title='bbox 1202 2747 1242 2816; x_wconf 82' lang='grc' dir='ltr'><strong>τὰ</strong></span> <span class='ocrx_word' id='word_1_170' title='bbox 1262 2774 1343 2818; x_wconf 81' lang='grc' dir='ltr'><strong><em>στοι-</em></strong></span> 
     </span>
     <span class='ocr_line' id='line_1_22' title="bbox 252 2856 1343 2946; baseline 0 -22"><span class='ocrx_word' id='word_1_171' title='bbox 252 2862 333 2941; x_wconf 83' lang='grc' dir='ltr'><strong><em>χεῖα.</em></strong></span> <span class='ocrx_word' id='word_1_172' title='bbox 378 2860 477 2944; x_wconf 81' lang='lat' dir='ltr'><strong>Atqui</strong></span> <span class='ocrx_word' id='word_1_173' title='bbox 505 2860 588 2928; x_wconf 85' lang='lat' dir='ltr'><strong>bano</strong></span> <span class='ocrx_word' id='word_1_174' title='bbox 609 2860 777 2927; x_wconf 85' lang='lat' dir='ltr'><strong>materiam</strong></span> <span class='ocrx_word' id='word_1_175' title='bbox 799 2882 862 2928; x_wconf 93' lang='lat' dir='ltr'><strong>non</strong></span> <span class='ocrx_word' id='word_1_176' title='bbox 884 2881 981 2946; x_wconf 86' lang='lat' dir='ltr'><strong>posse</strong></span> <span class='ocrx_word' id='word_1_177' title='bbox 1004 2862 1069 2929; x_wconf 86' lang='lat' dir='ltr'><strong>diei</strong></span> <span class='ocrx_word' id='word_1_178' title='bbox 1091 2859 1183 2946; x_wconf 82' lang='grc' dir='ltr'><em>παρὰ</em></span> <span class='ocrx_word' id='word_1_179' title='bbox 1204 2856 1244 2926; x_wconf 79' lang='grc' dir='ltr'><strong>τὰ</strong></span> <span class='ocrx_word' id='word_1_180' title='bbox 1264 2883 1343 2926; x_wconf 72' lang='grc' dir='ltr'><strong><em>στοι-</em></strong></span> 
     </span>
     <span class='ocr_line' id='line_1_23' title="bbox 253 2967 1340 3056; baseline 0.002 -24"><span class='ocrx_word' id='word_1_181' title='bbox 253 2971 335 3052; x_wconf 81' lang='grc' dir='ltr'><strong><em>χεῖα,</em></strong></span> <span class='ocrx_word' id='word_1_182' title='bbox 358 2969 386 3034; x_wconf 87' lang='lat' dir='ltr'><strong>si</strong></span> <span class='ocrx_word' id='word_1_183' title='bbox 408 2967 469 3034; x_wconf 92' lang='lat' dir='ltr'><strong>boo</strong></span> <span class='ocrx_word' id='word_1_184' title='bbox 496 2969 688 3036; x_wconf 79' lang='lat' dir='ltr'><strong>vocabulum</strong></span> <span class='ocrx_word' id='word_1_185' title='bbox 711 2971 817 3054; x_wconf 88' lang='lat' dir='ltr'><strong>priore</strong></span> <span class='ocrx_word' id='word_1_186' title='bbox 840 2971 897 3037; x_wconf 89' lang='lat' dir='ltr'><strong>illa</strong></span> <span class='ocrx_word' id='word_1_187' title='bbox 925 2971 1164 3056; x_wconf 80' lang='lat' dir='ltr'><strong>significatione</strong></span> <span class='ocrx_word' id='word_1_188' title='bbox 1186 2971 1340 3056; x_wconf 85' lang='lat' dir='ltr'><strong>aooipitnr,</strong></span> 
     </span>
     <span class='ocr_line' id='line_1_24' title="bbox 253 3076 1342 3164; baseline -0.004 -20"><span class='ocrx_word' id='word_1_189' title='bbox 253 3084 400 3162; x_wconf 81' lang='lat' dir='ltr'><strong>apertum</strong></span> <span class='ocrx_word' id='word_1_190' title='bbox 421 3085 480 3144; x_wconf 87' lang='lat' dir='ltr'><strong>est.</strong></span> <span class='ocrx_word' id='word_1_191' title='bbox 524 3076 591 3144; x_wconf 85' lang='lat' dir='ltr'><strong>Sed</strong></span> <span class='ocrx_word' id='word_1_192' title='bbox 621 3099 696 3144; x_wconf 91' lang='lat' dir='ltr'><strong>num</strong></span> <span class='ocrx_word' id='word_1_193' title='bbox 720 3079 803 3145; x_wconf 90' lang='lat' dir='ltr'><strong>forte</strong></span> <span class='ocrx_word' id='word_1_194' title='bbox 834 3082 937 3146; x_wconf 85' lang='lat' dir='ltr'><strong>altera</strong></span> <span class='ocrx_word' id='word_1_195' title='bbox 966 3079 1204 3164; x_wconf 78' lang='lat' dir='ltr'><strong>significatione</strong></span> <span class='ocrx_word' id='word_1_196' title='bbox 1235 3083 1342 3164; x_wconf 86' lang='lat' dir='ltr'><strong>potest,</strong></span> 
     </span>
     <span class='ocr_line' id='line_1_25' title="bbox 254 3183 1340 3273; baseline -0.004 -21"><span class='ocrx_word' id='word_1_197' title='bbox 254 3184 373 3269; x_wconf 87' lang='lat' dir='ltr'><strong>quaid</strong></span> <span class='ocrx_word' id='word_1_198' title='bbox 395 3205 523 3268; x_wconf 88' lang='lat' dir='ltr'><strong>qnoque</strong></span> <span class='ocrx_word' id='word_1_199' title='bbox 545 3183 663 3252; x_wconf 88' lang='lat' dir='ltr'><strong>dieitur</strong></span> <span class='ocrx_word' id='word_1_200' title='bbox 682 3186 774 3268; x_wconf 83' lang='grc' dir='ltr'><em>παρά</em></span> <span class='ocrx_word' id='word_1_201' title='bbox 796 3210 827 3251; x_wconf 82' lang='grc' dir='ltr'><strong>τι</strong></span> <span class='ocrx_word' id='word_1_202' title='bbox 845 3183 968 3270; x_wconf 77' lang='grc' dir='ltr'><strong><em>ἕτερον,</em></strong></span> <span class='ocrx_word' id='word_1_203' title='bbox 999 3189 1096 3273; x_wconf 88' lang='lat' dir='ltr'><strong>quod,</strong></span> <span class='ocrx_word' id='word_1_204' title='bbox 1126 3189 1205 3256; x_wconf 90' lang='lat' dir='ltr'><strong>lioet</strong></span> <span class='ocrx_word' id='word_1_205' title='bbox 1229 3189 1269 3256; x_wconf 88' lang='lat' dir='ltr'><strong>ab</strong></span> <span class='ocrx_word' id='word_1_206' title='bbox 1289 3187 1340 3252; x_wconf 89' lang='lat' dir='ltr'><strong>bae</strong></span> 
     </span>
     <span class='ocr_line' id='line_1_26' title="bbox 254 3277 1341 3379; baseline -0.002 -18"><span class='ocrx_word' id='word_1_207' title='bbox 254 3294 376 3362; x_wconf 88' lang='lat' dir='ltr'><strong>aliare</strong></span> <span class='ocrx_word' id='word_1_208' title='bbox 398 3315 463 3362; x_wconf 91' lang='lat' dir='ltr'><strong>non</strong></span> <span class='ocrx_word' id='word_1_209' title='bbox 486 3295 632 3362; x_wconf 89' lang='lat' dir='ltr'><strong>subieoto</strong></span> <span class='ocrx_word' id='word_1_210' title='bbox 654 3301 838 3379; x_wconf 86' lang='lat' dir='ltr'><strong>separatum</strong></span> <span class='ocrx_word' id='word_1_211' title='bbox 854 3297 908 3375; x_wconf 90' lang='lat' dir='ltr'><strong>sit,</strong></span> <span class='ocrx_word' id='word_1_212' title='bbox 930 3277 1040 3364; x_wconf 89' lang='lat' dir='ltr'><strong>tamen</strong></span> <span class='ocrx_word' id='word_1_213' title='bbox 1061 3297 1109 3364; x_wconf 82' lang='lat' dir='ltr'><strong>itu</strong></span> <span class='ocrx_word' id='word_1_214' title='bbox 1128 3299 1172 3366; x_wconf 89' lang='lat' dir='ltr'><strong>ab</strong></span> <span class='ocrx_word' id='word_1_215' title='bbox 1195 3318 1233 3364; x_wconf 89' lang='lat' dir='ltr'><strong>ea</strong></span> <span class='ocrx_word' id='word_1_216' title='bbox 1251 3297 1341 3362; x_wconf 87' lang='lat' dir='ltr'><strong>diver-</strong></span> 
     </span>
     <span class='ocr_line' id='line_1_27' title="bbox 255 3403 1340 3488; baseline -0.002 -17"><span class='ocrx_word' id='word_1_217' title='bbox 255 3425 325 3472; x_wconf 89' lang='lat' dir='ltr'><strong>sum</strong></span> <span class='ocrx_word' id='word_1_218' title='bbox 347 3411 406 3488; x_wconf 90' lang='lat' dir='ltr'><strong>est,</strong></span> <span class='ocrx_word' id='word_1_219' title='bbox 426 3410 461 3470; x_wconf 92' lang='lat' dir='ltr'><strong>ut</strong></span> <span class='ocrx_word' id='word_1_220' title='bbox 481 3424 541 3470; x_wconf 88' lang='lat' dir='ltr'><strong>neo</strong></span> <span class='ocrx_word' id='word_1_221' title='bbox 563 3403 726 3470; x_wconf 88' lang='lat' dir='ltr'><strong>eontineat</strong></span> <span class='ocrx_word' id='word_1_222' title='bbox 748 3423 820 3470; x_wconf 87' lang='lat' dir='ltr'><strong>eam</strong></span> <span class='ocrx_word' id='word_1_223' title='bbox 834 3425 895 3470; x_wconf 89' lang='lat' dir='ltr'><strong>neo</strong></span> <span class='ocrx_word' id='word_1_224' title='bbox 910 3424 950 3471; x_wconf 83' lang='lat' dir='ltr'><strong>ea</strong></span> <span class='ocrx_word' id='word_1_225' title='bbox 966 3407 1168 3473; x_wconf 81' lang='lat' dir='ltr'><strong>contineatur</strong></span> <span class='ocrx_word' id='word_1_226' title='bbox 1189 3414 1222 3473; x_wconf 90' lang='lat' dir='ltr'><strong>et</strong></span> <span class='ocrx_word' id='word_1_227' title='bbox 1237 3407 1340 3472; x_wconf 88' lang='lat' dir='ltr'><strong>ideireo</strong></span> 
     </span>
     <span class='ocr_line' id='line_1_28' title="bbox 256 3513 1339 3600; baseline -0.004 -20"><span class='ocrx_word' id='word_1_228' title='bbox 256 3513 354 3580; x_wconf 88' lang='lat' dir='ltr'><strong>etiam</strong></span> <span class='ocrx_word' id='word_1_229' title='bbox 375 3534 396 3581; x_wconf 87' lang='lat' dir='ltr'><strong>a</strong></span> <span class='ocrx_word' id='word_1_230' title='bbox 416 3515 587 3580; x_wconf 89' lang='lat' dir='ltr'><strong>menenti</strong></span> <span class='ocrx_word' id='word_1_231' title='bbox 612 3533 652 3580; x_wconf 87' lang='lat' dir='ltr'><strong>eo</strong></span> <span class='ocrx_word' id='word_1_232' title='bbox 683 3515 826 3598; x_wconf 85' lang='lat' dir='ltr'><strong>separari</strong></span> <span class='ocrx_word' id='word_1_233' title='bbox 849 3516 962 3598; x_wconf 91' lang='lat' dir='ltr'><strong>possit,</strong></span> <span class='ocrx_word' id='word_1_234' title='bbox 994 3535 1058 3600; x_wconf 83' lang='lat' dir='ltr'><strong>qua</strong></span> <span class='ocrx_word' id='word_1_235' title='bbox 1087 3516 1213 3583; x_wconf 88' lang='lat' dir='ltr'><strong>ratione</strong></span> <span class='ocrx_word' id='word_1_236' title='bbox 1234 3515 1339 3582; x_wconf 88' lang='lat' dir='ltr'><strong>Aristo-</strong></span> 
     </span>
     <span class='ocr_line' id='line_1_29' title="bbox 255 3617 1338 3710; baseline -0.006 -20"><span class='ocrx_word' id='word_1_237' title='bbox 255 3626 335 3690; x_wconf 88' lang='lat' dir='ltr'><strong>teles</strong></span> <span class='ocrx_word' id='word_1_238' title='bbox 356 3618 396 3689; x_wconf 82' lang='grc' dir='ltr'><strong>τὸ</strong></span> <span class='ocrx_word' id='word_1_239' title='bbox 419 3617 496 3688; x_wconf 79' lang='grc' dir='ltr'><strong><em>ὅλον</em></strong></span> <span class='ocrx_word' id='word_1_240' title='bbox 527 3621 608 3690; x_wconf 87' lang='lat' dir='ltr'><strong>dieit</strong></span> <span class='ocrx_word' id='word_1_241' title='bbox 630 3643 702 3690; x_wconf 88' lang='lat' dir='ltr'><strong>esse</strong></span> <span class='ocrx_word' id='word_1_242' title='bbox 733 3622 858 3707; x_wconf 85' lang='lat' dir='ltr'><strong>aliquid</strong></span> <span class='ocrx_word' id='word_1_243' title='bbox 878 3619 970 3707; x_wconf 83' lang='grc' dir='ltr'><strong><em>παρὰ</em></strong></span> <span class='ocrx_word' id='word_1_244' title='bbox 988 3620 1030 3688; x_wconf 78' lang='grc' dir='ltr'><strong>τὰ</strong></span> <span class='ocrx_word' id='word_1_245' title='bbox 1049 3624 1131 3710; x_wconf 78' lang='grc' dir='ltr'><em>μέρη</em></span> <span class='ocrx_word' id='word_1_246' title='bbox 1163 3633 1196 3693; x_wconf 88' lang='lat' dir='ltr'><strong>et</strong></span> <span class='ocrx_word' id='word_1_247' title='bbox 1216 3621 1338 3691; x_wconf 88' lang='lat' dir='ltr'><strong>bominis</strong></span> 
     </span>
     <span class='ocr_line' id='line_1_30' title="bbox 257 3727 1339 3821; baseline -0.006 -21"><span class='ocrx_word' id='word_1_248' title='bbox 257 3734 431 3821; x_wconf 88' lang='lat' dir='ltr'><strong>essentiam</strong></span> <span class='ocrx_word' id='word_1_249' title='bbox 453 3734 580 3818; x_wconf 86' lang='lat' dir='ltr'><strong>aliquid</strong></span> <span class='ocrx_word' id='word_1_250' title='bbox 603 3727 694 3815; x_wconf 83' lang='grc' dir='ltr'><em>παρὰ</em></span> <span class='ocrx_word' id='word_1_251' title='bbox 715 3727 757 3797; x_wconf 77' lang='grc' dir='ltr'><strong>τοὶ</strong></span> <span class='ocrx_word' id='word_1_252' title='bbox 773 3738 921 3814; x_wconf 82' lang='grc' dir='ltr'><strong><em>στοιχεῖα</em></strong></span> <span class='ocrx_word' id='word_1_253' title='bbox 943 3735 1013 3802; x_wconf 89' lang='lat' dir='ltr'><strong>sive</strong></span> <span class='ocrx_word' id='word_1_254' title='bbox 1034 3730 1093 3820; x_wconf 75' lang='grc' dir='ltr'><strong>τὴν</strong></span> <span class='ocrx_word' id='word_1_255' title='bbox 1106 3729 1197 3821; x_wconf 66' lang='grc' dir='ltr'><strong>ὕλην</strong></span> <span class='ocrx_word' id='word_1_256' title='bbox 1210 3735 1254 3819; x_wconf 82' lang='lat'><strong>¹)?</strong></span> <span class='ocrx_word' id='word_1_257' title='bbox 1291 3730 1339 3797; x_wconf 91' lang='lat' dir='ltr'><strong>lli-</strong></span> 
     </span>
    </p>
   </div>
   <div class='ocr_carea' id='block_1_9' title="bbox 261 3931 459 3941">
    <p class='ocr_par' dir='ltr' id='par_1_9' title="bbox 261 3931 459 3941">
     <span class='ocr_line' id='line_1_31' title="bbox 261 3931 459 3941; baseline -0.015 0"><span class='ocrx_word' id='word_1_258' title='bbox 261 3931 459 3941; x_wconf 78' lang='lat'>————</span> 
     </span>
    </p>
   </div>
   <div class='ocr_carea' id='block_1_10' title="bbox 256 4085 1339 4354">
    <p class='ocr_par' dir='ltr' id='par_1_10' title="bbox 256 4085 1339 4354">
     <span class='ocr_line' id='line_1_32' title="bbox 257 4085 1339 4161; baseline -0.006 -17"><span class='ocrx_word' id='word_1_259' title='bbox 257 4085 330 4149; x_wconf 68' lang='lat' dir='ltr'><strong>voc&#39;.</strong></span> <span class='ocrx_word' id='word_1_260' title='bbox 350 4089 432 4158; x_wconf 84' lang='lat' dir='ltr'><strong>Phys.</strong></span> <span class='ocrx_word' id='word_1_261' title='bbox 453 4088 503 4157; x_wconf 92' lang='lat' dir='ltr'><strong>lll,</strong></span> <span class='ocrx_word' id='word_1_262' title='bbox 524 4090 547 4142; x_wconf 91' lang='lat' dir='ltr'><strong>l.</strong></span> <span class='ocrx_word' id='word_1_263' title='bbox 566 4089 845 4158; x_wconf 77' lang='lat' dir='ltr'><strong>201·1,postquam</strong></span> <span class='ocrx_word' id='word_1_264' title='bbox 865 4093 999 4159; x_wconf 87' lang='lat' dir='ltr'><strong>quattuor</strong></span> <span class='ocrx_word' id='word_1_265' title='bbox 1015 4093 1108 4145; x_wconf 88' lang='lat' dir='ltr'><strong>motus</strong></span> <span class='ocrx_word' id='word_1_266' title='bbox 1126 4106 1230 4161; x_wconf 85' lang='lat' dir='ltr'><strong>genera</strong></span> <span class='ocrx_word' id='word_1_267' title='bbox 1246 4101 1339 4146; x_wconf 88' lang='lat' dir='ltr'><strong>onume-</strong></span> 
     </span>
     <span class='ocr_line' id='line_1_33' title="bbox 256 4182 1338 4257; baseline 0.004 -19"><span class='ocrx_word' id='word_1_268' title='bbox 256 4186 342 4255; x_wconf 85' lang='lat' dir='ltr'><strong>ravit,</strong></span> <span class='ocrx_word' id='word_1_269' title='bbox 359 4185 490 4253; x_wconf 85' lang='lat' dir='ltr'><strong>ostendit,</strong></span> <span class='ocrx_word' id='word_1_270' title='bbox 507 4183 599 4256; x_wconf 70' lang='lat' dir='ltr'><strong>‘naob</strong></span> <span class='ocrx_word' id='word_1_271' title='bbox 616 4182 649 4240; x_wconf 74' lang='lat' dir='ltr'><strong>rb</strong></span> <span class='ocrx_word' id='word_1_272' title='bbox 668 4182 808 4257; x_wconf 68' lang='lat' dir='ltr'><strong>elooutru‘</strong></span> <span class='ocrx_word' id='word_1_273' title='bbox 828 4201 884 4242; x_wconf 91' lang='lat' dir='ltr'><strong>non</strong></span> <span class='ocrx_word' id='word_1_274' title='bbox 897 4203 956 4242; x_wconf 85' lang='lat' dir='ltr'><strong>esse</strong></span> <span class='ocrx_word' id='word_1_275' title='bbox 974 4186 1051 4242; x_wconf 84' lang='lat' dir='ltr'><strong>aliud</strong></span> <span class='ocrx_word' id='word_1_276' title='bbox 1061 4188 1148 4242; x_wconf 84' lang='lat' dir='ltr'><strong>etiam</strong></span> <span class='ocrx_word' id='word_1_277' title='bbox 1157 4191 1249 4244; x_wconf 87' lang='lat' dir='ltr'><strong>motus</strong></span> <span class='ocrx_word' id='word_1_278' title='bbox 1258 4197 1338 4257; x_wconf 71' lang='lat' dir='ltr'><strong>genus</strong></span> 
     </span>
     <span class='ocr_line' id='line_1_34' title="bbox 362 4282 824 4354; baseline 0 -16"><span class='ocrx_word' id='word_1_279' title='bbox 362 4284 390 4354; x_wconf 93' lang='lat' dir='ltr'><strong>l)</strong></span> <span class='ocrx_word' id='word_1_280' title='bbox 409 4282 471 4340; x_wconf 72' lang='lat' dir='ltr'><strong>vio</strong></span> <span class='ocrx_word' id='word_1_281' title='bbox 491 4300 519 4353; x_wconf 86' lang='lat' dir='ltr'><strong>p.</strong></span> <span class='ocrx_word' id='word_1_282' title='bbox 537 4285 573 4338; x_wconf 86' lang='grc'><strong>79</strong></span> <span class='ocrx_word' id='word_1_283' title='bbox 591 4289 620 4339; x_wconf 89' lang='lat' dir='ltr'><strong>et</strong></span> <span class='ocrx_word' id='word_1_284' title='bbox 637 4287 696 4338; x_wconf 83' lang='lat' dir='ltr'><strong>not.</strong></span> <span class='ocrx_word' id='word_1_285' title='bbox 718 4287 731 4336; x_wconf 96' lang='lat' dir='ltr'><strong>l</strong></span> <span class='ocrx_word' id='word_1_286' title='bbox 752 4287 780 4338; x_wconf 87' lang='lat' dir='ltr'><strong>et</strong></span> <span class='ocrx_word' id='word_1_287' title='bbox 798 4284 824 4338; x_wconf 74' lang='grc'><strong>2.</strong></span> 
     </span>
    </p>
   </div>
   <div class='ocr_carea' id='block_1_11' title="bbox 0 0 1442 4904">
    <p class='ocr_par' dir='ltr' id='par_1_11' title="bbox 0 0 1442 4904">
     <span class='ocr_line' id='line_1_35' title="bbox 0 0 1442 4904; baseline 0 0"><span class='ocrx_word' id='word_1_288' title='bbox 0 0 1442 4904; x_wconf 95' lang='lat' dir='ltr'><strong> </strong></span> 
     </span>
    </p>
   </div>
  </div>
 </body>
</html>
