2882 4902
625 401 660 454 59

85 572 280 639 mixtionem
303 592 376 639 csse
391 581 496 638 rerum
513 577 585 638 acto
608 575 640 638 in
664 593 702 638 eo
718 574 938 638 coustantium.
981 572 1191 637 Idcmautem

86 703 127 747 ex
143 682 260 765 aliqua
282 683 379 748 etiarn
395 683 496 764 ipsius
511 681 742 748 Anaximandri
758 684 918 748 sententia
933 682 1086 764 sequitur.
1111 679 1191 745 Cum

85 793 173 856 enim
205 791 366 857 infinitum
399 790 487 856 dicat
519 811 648 857 omues
680 811 742 857 res
774 791 959 874 amplecti
979 790 1029 856 'ct
1060 788 1192 873 guber·

87 901 227 984 uare1),
250 901 286 967 id
308 903 353 965 ita
370 906 491 966 tantum
510 902 652 984 intellegi
664 906 779 985 potest,
803 901 832 966 si
843 899 1001 966 infinitum
1017 905 1067 966 est
1078 906 1191 964 natura

86 1009 253 1093 quaedam
277 1030 342 1076 uua
362 1015 395 1076 ct
417 1009 562 1093 simplex,
595 1009 716 1092 ubique
750 1011 801 1076 sui
830 1010 952 1076 similis.
994 1009 1142 1090 Namque
1164 1011 1192 1073 si

87 1126 137 1185 est
159 1119 277 1185 mixtio
300 1139 319 1184 c
341 1117 480 1184 diversis
495 1118 591 1185 rebus
614 1118 863 1185 siveclcmeutis
886 1119 1074 1204 composita,
1098 1120 1135 1199 si,
1158 1126 1193 1184 ut

87 1229 190 1311 aliqui
213 1233 340 1312 putant,
364 1230 396 1293 in
418 1249 523 1294 rerum
544 1231 722 1295 secretione
741 1234 842 1295 totum
857 1229 949 1311 quasi
971 1226 1191 1310 absumituril,

87 1358 139 1404 res
168 1359 212 1404 ex
244 1339 316 1421 ipsc
349 1344 436 1404 ortos
465 1358 526 1404 nee
559 1339 717 1420 corporali
749 1357 809 1404 uec
830 1337 1037 1420 intellegibili
1066 1338 1192 1403 ratione

89 1448 212 1530 poterit
222 1447 375 1530 amplecti
387 1452 421 1512 et
432 1447 631 1530 gubernare3
647 1466 709 1512 uon
722 1446 883 1531 corporali
893 1446 1028 1528 ratione,
1040 1444 1192 1529 quoniam

88 1577 153 1622 uon
176 1558 380 1623 extrinsecus
407 1575 460 1621 res
487 1555 722 1640 circumcludit;
756 1575 816 1622 uec
844 1574 922 1621 vero
947 1554 1045 1622 etiam
1068 1554 1192 1621 ratione

89 1665 306 1749 intellegibili,
339 1667 488 1747 quoniam
509 1664 574 1729 ianr
602 1685 665 1730 uou
699 1671 748 1731 est
778 1664 931 1748 aliquid
953 1684 1074 1747 uuum,
1106 1662 1192 1747 quod

90 1793 148 1856 per
170 1793 285 1839 omncs
307 1793 358 1839 res
377 1776 536 1858 pertineat
566 1793 686 1858 easque
708 1777 880 1855 contiueat,
913 1772 971 1839 sed
992 1780 1093 1838 totum
1112 1773 1193 1840 abiit

91 1883 123 1945 in
146 1901 200 1948 res
224 1882 380 1964 singulas,
401 1900 488 1964 quac
511 1901 545 1948 se
568 1887 705 1966 tangunt
719 1882 850 1965 quidem
872 1901 977 1965 neque
999 1889 1106 1948 autem
1127 1884 1191 1948 ullo

90 1991 221 2056 viuculo
246 2010 305 2073 per
326 2009 437 2056 omncs
453 1993 632 2076 permeanti
654 1991 901 2074 coniunguntur.
946 1991 1004 2057 Sin
1028 1998 1135 2060 autem
1157 1993 1192 2055 in

92 2101 270 2166 secretione
292 2120 396 2166 rerum
419 2101 521 2166 solum
543 2101 655 2183 aliqua
676 2121 735 2167 suu
752 2108 844 2185 parte
866 2101 1055 2183 absumitur,
1075 2121 1127 2168 res
1151 2121 1192 2166 ex

91 2211 160 2294 ipso
184 2216 273 2276 ortas
295 2211 494 2276 extrinsecus
523 2210 652 2293 quidem
674 2211 896 2294 amplectetur,
928 2211 986 2278 scd
1017 2213 1063 2277 ita
1090 2211 1190 2276 solum

92 2340 145 2387 cas
166 2321 288 2404 poterit
309 2319 499 2403 gubernare,
520 2327 556 2386 ut
580 2341 636 2386 eas
658 2322 811 2404 amplexu
834 2340 892 2387 suo
920 2341 958 2388 uc
981 2322 1014 2386 vi
1036 2328 1191 2387 coerceat.

92 2431 205 2514 Neque
237 2436 345 2496 autern
368 2429 524 2496 credibile
550 2436 609 2513 est,
643 2429 919 2496 Anaximandrum
953 2437 1076 2497 tantum
1098 2449 1190 2513 repu-

93 2542 256 2620 gnantiam
279 2540 407 2606 omnino
429 2560 493 2606 nou
515 2538 814 2606 animadversurum
837 2540 946 2606 tuisse.

192 2649 243 2715 Ad
258 2647 396 2715 eundem
418 2651 525 2715 locum
539 2648 689 2733 pertinet,
713 2649 799 2732 quod
817 2655 904 2716 recte
916 2655 1025 2716 mouet
1036 2649 1191 2731 Zellerus,

94 2758 134 2822 ad
147 2758 354 2825 efficiendam
377 2779 483 2825 rerum
499 2760 707 2825 secretionem
723 2758 845 2841 requiri
867 2779 1013 2826 caussam
1028 2758 1191 2842 quandam

95 2874 283 2951 moventem,
318 2869 417 2935 veluti
449 2870 663 2952 Anaxagorae
697 2875 869 2934 mentem
903 2868 956 2934 vel
988 2868 1192 2952 Empedoclis

94 2995 256 3043 amorem
281 2984 319 3044 et
340 2977 595 3054 discordiam3
629 2979 725 3043 talem
758 2984 865 3044 autern
893 2996 1040 3044 caussam
1065 2998 1192 3045 moven-

95 3091 154 3151 tem
178 3087 424 3154 Anaximander
452 3107 517 3153 non
548 3087 740 3171 agnosdtr).
796 3087 944 3169 Denique
975 3085 1054 3154 addi
1075 3093 1191 3171 potest,

95 3193 135 3258 ad
147 3195 374 3280 philosophiae
395 3202 534 3263 aetatem
557 3203 622 3262 tam
646 3197 787 3280 priscam
802 3198 905 3280 magis
916 3196 1192 3264 accommodatum

95 3303 205 3384 videri,
227 3324 383 3373 summum
410 3325 517 3373 rerum
551 3305 744 3406 principium
775 3307 808 3372 iu
829 3311 945 3372 natura
966 3296 1106 3389 quadam
1129 3327 1194 3373 uua

192 3534 219 3597 l)
238 3531 357 3585 Aristot.
376 3530 460 3598 Phys.
478 3529 528 3597 IlI,
548 3533 575 3587 4.
599 3531 668 3586 2031>
691 3533 738 3586 10:
768 3571 821 3601 „..
844 3527 910 3597 αὑτὴ
937 3532 992 3586 τῶν
1013 3524 1101 3587 ἄλλων
1124 3532 1192 3587 εῖναι

97 3626 169 3680 δοκεῖ
185 3622 279 3698 (ἀρχὴ)
299 3630 345 3680 καὶ
364 3631 539 3698 περιέχειν
556 3622 686 3682 ἅπαντα
705 3631 760 3681 καὶ
773 3619 882 3682 πάντα
901 3628 1089 3698 κνβερνᾶν“,
1110 3646 1192 3699 quem

98 3721 183 3800 locum
202 3723 238 3778 ad
256 3723 499 3778 Anaximandrum
518 3725 661 3794 pertinere
680 3742 766 3794 supra
786 3742 814 3794 p.
833 3725 866 3777 31
887 3724 1147 3780 demonstravimus.

190 3821 219 3888 2)
239 3819 281 3875 (li.
298 3819 487 3876 Teichmiiller
505 3821 524 3874 1.
542 3821 562 3874 l.
581 3838 610 3890 p.
628 3822 671 3875 56.

190 3917 220 3988 e)
237 3917 356 3972 miset.
375 3917 457 3987 ruys.
476 3917 526 3986 111,
546 3919 571 3972 4.
596 3915 667 3976 meu
688 3917 734 3972 ro:
759 3911 809 3988 „ot
833 3881 930 3984 recep
951 3906 1138 3988 (intellegitur
1159 3915 1190 3971 ιι

98 4003 214 4082 ἄπειρον)
233 4007 312 4084 ἀρχή,
331 4009 389 4066 ἀλλ’
408 4010 474 4080 αὑτὴ
494 4013 548 4068 τῶν
566 4006 655 4067 ἄλλων
677 4014 745 4068 εἶναι
764 4014 904 4068 δοκεῖκαὶ
922 4017 1062 4084 περιέχειν
1083 4008 1191 4068 ἅπαντα

98 4111 139 4160 acl
153 4104 241 4164 πάντα
260 4111 401 4181 κυβερνᾶν,
422 4107 458 4170 cie
470 4113 560 4181 φασὶν
578 4105 655 4164 ὅσοι
676 4107 719 4181 μὴ
732 4112 868 4164 ποιοῦσι
888 4108 978 4181 παρὰ
996 4107 1032 4164 τὸ
1051 4103 1192 4182 ἄπειρον

99 4195 193 4266 ἄλλας
210 4209 326 4274 αἰτίας,
347 4202 423 4262 οἷον
439 4207 520 4262 νοῦν
538 4199 554 4274 ἢ
574 4209 703 4279 φιλίαν·
723 4211 769 4261 καὶ
785 4207 856 4263 τοῦτ’
874 4209 944 4263 εἶναι
962 4206 993 4263 τὸ
1012 4214 1105 4263 θεῖον·
1123 4203 1192 4262 ἀθά·

99 4314 174 4356 ναιον
189 4299 243 4374 γὰρ
261 4307 307 4357 καὶ
323 4299 493 4376 ἀνώλεθρον,
513 4299 549 4365 ὡς
567 4309 655 4377 φησὶν
673 4301 992 4377 ὀᾍναξίμανδρος“.
