2850 4904
637 370 801 424 ⁸182

228 543 305 610 telis
327 543 497 608 verborum
519 535 844 624 ‘denominataeque
863 535 992 607 svart?
1019 543 1209 620 eontinetnr3
1230 539 1321 606 verbe

226 645 470 732 ’σωματικόν
488 674 528 716 τι
549 647 593 714 τὸ
611 645 653 716 ἓν
672 647 890 716 ὑποτιθενται
911 651 1022 716 τοῦτο’
1043 652 1115 718 loeo
1127 650 1320 716 suntdristo-

229 761 300 828 telis
337 761 508 828 verborum
538 755 602 825 “dv
623 753 823 845 ποιήσαντες
844 756 883 824 ud
909 754 949 824 ὃν
971 751 1118 842 euripid,
1149 766 1182 825 et
1209 758 1321 838 relique

230 871 360 954 reliquis
383 871 565 938 Aristotelis
587 871 694 936 verbis
715 870 920 956 respondent.
963 868 1091 936 Deinde
1122 868 1233 935 iisdem
1259 887 1320 931 ver·

230 979 279 1046 bis
300 979 452 1046 universa
473 980 586 1046 horum
608 978 815 1064 physicorum
838 978 984 1044 doetriua
1006 985 1040 1044 et
1061 976 1252 1060 generaliter
1271 973 1321 1038 de·

231 1087 338 1156 tinitur
357 1095 390 1155 et
411 1090 443 1156 iu
465 1087 547 1156 duas
568 1109 644 1156 suus
666 1088 793 1173 speeies
816 1087 983 1169 dividitur,
1005 1109 1055 1169 eo,
1088 1085 1176 1169 quod
1196 1083 1229 1149 hi
1244 1083 1320 1166 phy·

231 1197 289 1264 sioi
313 1217 442 1264 omnes
469 1196 650 1278 (πάντες)
684 1196 723 1263 id
745 1196 845 1282 quod
866 1202 929 1264 est
951 1217 1066 1262 nuum
1085 1201 1204 1277 atque
1223 1211 1321 1258 unum

230 1305 387 1390 quidem
420 1326 566 1389 eorpus
596 1307 776 1373 omnibus
800 1305 1022 1373 subiectum
1044 1324 1168 1388 ponere
1189 1302 1322 1368 dieuntur

232 1423 364 1498 tumque
396 1415 458 1499 ipsi
491 1435 512 1482 a
539 1414 664 1483 duabus
684 1413 779 1482 huius
801 1417 945 1498 eorporis
968 1412 1080 1482 formis
1102 1409 1266 1480 venabulis
1283 1401 1323 1471 ‘oi

231 1521 291 1604 μὲν
317 1557 352 1570 -
375 1519 460 1602 τινὲς
482 1522 529 1588 δὲ’
558 1523 715 1591 induas
750 1523 993 1590 dividuntur
1022 1529 1171 1606 partes,
1204 1520 1323 1584 alteram

233 1653 354 1712 eorum,
378 1632 435 1716 qui
458 1632 537 1700 iliud
558 1653 656 1700 nuum
679 1653 797 1717 eorpus
819 1653 916 1698 unum
939 1654 980 1699 ex
1002 1631 1182 1711 elementis,
1204 1628 1324 1694 alteram

234 1761 353 1822 eornm,
385 1741 442 1825 oni
473 1749 621 1810 naturam
654 1741 817 1825 quandam
851 1741 990 1808 mediam
1013 1760 1086 1807 esse
1107 1741 1216 1805 velint.
1258 1735 1326 1802 Inde

234 1857 341 1918 entem
366 1849 570 1934 apertissime
593 1853 744 1934 sequitur,
773 1858 807 1918 ut
830 1851 1014 1936 Simplicius
1036 1848 1219 1915 Aristotelis
1238 1846 1327 1912 verba

232 1951 285 2024 ‘dn
307 1951 504 2048 rrnrrjorrvtse
524 1954 564 2024 ud
579 1952 618 2026 da
639 1962 736 2042 σῶμα
757 1950 839 2026 κτλ.)
860 1962 980 2046 pariter
1001 1957 1046 2026 ad
1068 1964 1235 2038 utramque
1254 1953 1327 2038 phy-

236 2069 376 2136 sicorum
400 2075 534 2153 purtem,
569 2069 612 2136 ad
636 2064 684 2136 ‘oi
705 2067 776 2152 μέν’
806 2077 838 2137 et
859 2069 903 2136 ed
922 2062 973 2132 ‘oi
993 2058 1057 2144 δὲ’,
1082 2066 1243 2149 pertinere
1263 2082 1326 2128 een·

235 2185 316 2260 seat,
338 2183 502 2262 tanqum
524 2182 687 2247 notionem
707 2183 847 2264 genens,
870 2179 959 2263 quod
981 2177 1092 2245 statim
1112 2177 1178 2242 suis
1194 2173 1326 2258 partibus

235 2287 422 2372 enpliootnr.
477 2287 584 2372 Atque
615 2285 691 2352 inde
726 2291 835 2370 petet,
869 2283 1034 2368 Simplicii
1067 2280 1260 2346 sententiam
1292 2276 1326 2341 de

236 2393 420 2463 Aristotelis
451 2396 514 2462 looi
546 2395 672 2462 ratione
703 2396 917 2478 grammatice
948 2413 1019 2460 eam
1048 2410 1131 2473 esse,
1155 2409 1249 2472 quem
1270 2385 1325 2469 ipsi

235 2511 333 2573 antea
353 2503 573 2591 exposuimus.

335 2611 401 2680 Sed
423 2613 571 2697 quumvis
592 2610 746 2678 husones
777 2629 819 2676 ex
841 2609 930 2676 hisee
952 2607 1115 2694 Simplieii
1138 2609 1245 2676 verbis
1266 2606 1327 2673 sine

236 2719 302 2790 uilo
332 2719 532 2788 dubitatione
559 2725 679 2805 pateat,
712 2725 820 2786 tamen
843 2721 877 2784 in
900 2721 1048 2802 sequenti
1070 2721 1176 2786 ultera
1197 2718 1328 2801 dispute-

235 2827 333 2897 tionis
357 2836 449 2914 porte
473 2835 547 2896 sunt
569 2826 739 2912 quaedam,
760 2846 845 2910 quae
858 2848 931 2894 enm
944 2848 984 2894 ea
998 2827 1106 2894 videri
1121 2829 1245 2913 possint
1257 2845 1328 2909 pug-

235 2957 323 3012 nare,
344 2944 441 3021 atque
462 2959 575 3004 revera
597 2957 671 3005 eum
693 2958 734 3003 en
754 2943 910 3021 pugnant,
934 2937 963 3003 si
979 2937 1027 3002 ita
1040 2944 1117 3002 sunt
1139 2932 1328 3020 explicanda,

174 3067 178 3074 ’
236 3053 270 3113 nt
302 3046 344 3112 ab
379 3045 538 3128 omnibus,
568 3045 626 3129 qni
656 3047 696 3111 iis
730 3044 896 3127 hueusque
927 3046 979 3111 usi
1013 3052 1096 3126 sunt,
1133 3045 1330 3128 aeeipiuntur.

236 3154 344 3235 Quare
367 3153 408 3221 de
431 3153 491 3224 irae
514 3153 742 3240 disputationis
765 3159 859 3238 parte
886 3174 996 3219 rorans
1018 3173 1165 3220 seorsum
1187 3171 1330 3236 quaeren-

235 3261 311 3329 dum
334 3271 393 3346 est,
428 3270 465 3330 ut
485 3261 617 3329 tandem
638 3261 692 3328 hio
714 3262 872 3345 Simplioii
894 3265 995 3344 loeus,
1018 3283 1040 3327 a
1062 3261 1173 3327 multis
1193 3261 1330 3328 laudatus
1407 3259 1408 3352 ]

234 3370 405 3438 anemine
428 3377 536 3438 entem
558 3371 749 3456 explicatus,
784 3371 927 3436 omnium
960 3372 1101 3456 partium
1129 3370 1330 3455 explicatione
1407 3365 1408 3408 Ψ

237 3487 356 3564 pateat.
400 3481 592 3564 Priusquam
622 3486 731 3548 antem
758 3480 802 3546 ad
820 3480 933 3563 ipsam
958 3481 1208 3565 explieationem
1228 3497 1331 3562 aggre-

237 3588 373 3667 diamur,
396 3589 436 3656 de
457 3609 492 3656 re
514 3589 655 3672 quadum
682 3589 813 3655 videtur
846 3589 1121 3673 praemonendum
1144 3610 1228 3671 esse,
1261 3605 1331 3670 quoe

237 3695 280 3762 ad
303 3696 552 3782 intellegendam
578 3697 739 3783 Simplicii
758 3697 952 3764 sententiam
975 3698 1168 3780 gravissime
1190 3703 1248 3764 est
1288 3695 1331 3759 nt-

238 3807 322 3872 enim
355 3813 488 3891 propter
518 3807 782 3890 inelegantiorem
806 3805 896 3871 illam
918 3812 1015 3888 atque
1037 3806 1226 3890 ambiguam
1248 3803 1331 3870 ratio
1407 3811 1408 3836 ³

238 3934 311 3981 nem
333 3913 403 3980 eins
428 3913 609 3981 Aristotelis
642 3915 714 3998 leui,
747 3911 790 3980 ad
823 3935 919 3997 qnam
945 3914 1027 3980 haee
1050 3913 1215 3998 Simplicii
1237 3912 1331 3996 dispu-

236 4028 317 4093 tatio
340 4028 489 4110 pertinet,
517 4024 602 4092 dnae
623 4024 717 4093 huius
741 4023 971 4110 disputationis
994 4031 1114 4109 partes,
1149 4024 1289 4091 seeundo
1306 4025 1332 4086 et

238 4137 342 4217 tertia,
361 4133 408 4200 ita
429 4141 635 4218 comparatae
657 4141 742 4215 sunt,
778 4141 823 4215 ut,
847 4135 874 4200 si
897 4155 954 4219 per
976 4154 1012 4200 se
1034 4135 1124 4200 solae
1146 4138 1332 4217 spectantur,

239 4246 310 4329 pari
336 4245 404 4310 fere
421 4246 490 4310 iure
513 4244 637 4329 dupliei
660 4244 755 4311 modo
778 4245 936 4328 explicari
959 4246 1092 4328 possint.
1139 4243 1256 4322 Quare,
1271 4261 1332 4308 eum
