2862 4910
776 357 830 412 886

254 546 294 592 oa
315 526 413 594 etiam
436 528 596 596 intereunt
618 531 711 598 fatali
734 534 940 602 necessitads
958 536 1047 619 lege3
1070 539 1234 604 solvunt
1257 541 1352 604 enin

253 637 334 702 sibi
365 639 546 705 invicem
576 660 737 724 poenam
777 643 955 709 iniuriae
988 646 1165 711 secundum
1201 646 1351 732 temporis
1414 687 1415 740 i

252 745 432 814 ordinem.⁴‘
491 748 570 815 Cum
603 750 859 835 Theophrastus
892 753 977 835 quod
1009 755 1158 833 sciamus,
1193 777 1263 822 non
1295 758 1352 820 nisi

252 854 332 922 haee
365 857 468 940 ipsius
491 857 710 942 Theophrasti
744 864 845 929 rerba
866 861 1003 947 adserat,
1033 885 1099 930 non
1132 866 1203 932 sine
1240 887 1350 931 caussa

252 964 459 1042 coniciamus,
481 969 597 1032 eumin
621 970 663 1035 iis
675 973 843 1054 putavisse
854 972 1046 1038 sententiam
1069 975 1175 1040 inesse
1192 975 1350 1058 inprimis
1414 979 1415 1054 ζ

252 1075 438 1156 notabilem,
460 1096 544 1160 quae
566 1079 736 1161 aptissime
758 1079 840 1164 ipsis
863 1082 1099 1147 Anaximandri
1124 1085 1236 1148 verbis
1260 1104 1351 1150 enun-
1414 1068 1415 1092 ¹

250 1187 394 1251 tiaretur.
438 1185 522 1251 Nam
536 1186 623 1271 quod
645 1188 678 1253 in
701 1188 764 1254 fine
787 1187 928 1272 additur,
948 1226 983 1234 -
999 1212 1073 1256 num
1097 1181 1237 1275 abipso
1252 1193 1351 1258 Theo·

252 1296 387 1379 phrastc
410 1315 451 1361 an
476 1315 496 1359 a
511 1293 691 1378 Simplicio,
714 1295 902 1379 ambiguum
925 1303 974 1363 est
990 1335 1031 1344 —
1046 1297 1128 1364 haec
1141 1299 1252 1366 verbis
1269 1301 1351 1364 dicta

250 1425 322 1473 esse
345 1404 523 1489 poeticis,
551 1403 628 1470 inde
656 1424 720 1469 non
746 1404 823 1471 licet
847 1406 1046 1490 concludere,
1076 1408 1349 1474 Anaximandrum

250 1515 358 1599 ipsum
380 1515 461 1581 haee
483 1516 584 1581 verba
606 1514 751 1598 intellegi
773 1516 917 1582 voluisse
939 1517 1171 1600 significatione
1182 1520 1349 1600 translate,

250 1646 313 1691 non
337 1625 450 1708 magis,
474 1644 570 1707 quam
592 1624 678 1706 inde,
700 1625 787 1707 quod
808 1625 1001 1692 Aristoteles
1024 1628 1080 1692 illa
1102 1627 1260 1710 Platonis,
1282 1627 1348 1694 ‘res

249 1735 447 1820 participare
469 1734 561 1800 ideas
583 1740 616 1798 et
636 1733 729 1800 ideas
751 1754 858 1800 rerum
880 1738 1079 1821 exemplaria
1100 1726 1196 1816 esse',
1228 1745 1346 1802 trans-

249 1844 425 1910 lationes
442 1845 625 1928 poeticas
640 1846 785 1928 appellat
798 1850 832 1925 ¹),
855 1846 1010 1927 sequitur,
1024 1851 1059 1910 ut
1071 1847 1128 1910 illa
1139 1847 1239 1912 verba
1253 1848 1347 1931 ipsius

249 1953 395 2019 Platonis
425 1955 587 2020 sententia
620 1973 683 2018 non
724 1955 787 2018 nisi
817 1954 1047 2020 translationes
1079 1957 1153 2020 sint.
1197 1955 1293 2034 Quod
1322 1955 1347 2019 si

250 2063 297 2128 ita
318 2084 353 2129 se
376 2061 484 2145 habet,
506 2069 616 2127 nostro
639 2063 709 2127 iure
734 2063 899 2144 sumimus,
920 2062 978 2126 illa
992 2063 1229 2131 Anaximandri
1252 2065 1347 2130 verba

249 2173 380 2239 omnino
403 2171 537 2255 propria
558 2191 618 2238 sua
640 2191 679 2235 ac
701 2171 841 2237 naturali
869 2173 1029 2236 sententia
1050 2174 1246 2256 accipienda
1269 2193 1345 2253 esse,

250 2289 282 2348 et
304 2302 344 2349 ea
366 2283 474 2359 etiam,
496 2300 579 2363 quae
603 2301 675 2346 curn
696 2280 757 2346 hac
779 2281 940 2347 sententia
962 2284 1145 2348 necessario
1178 2283 1346 2350 coniuncta

249 2391 324 2470 sint,
346 2391 389 2457 ad
410 2388 646 2457 Anaximandri
669 2391 863 2457 sententiam
885 2391 1055 2475 pertinere.

348 2501 489 2565 Primum
511 2500 608 2582 igitur
629 2498 663 2563 in
675 2499 755 2581 ipsis
769 2497 833 2562 illis
848 2498 957 2564 verbis
972 2497 1052 2563 haec
1070 2499 1156 2566 inest
1177 2501 1344 2566 sententia:

245 2605 372 2678 ‘rerum
383 2610 583 2693 singularum
598 2614 701 2674 ortum
720 2607 908 2674 iniuriam
930 2625 1018 2673 esse
1032 2609 1345 2692 etprincipiige·
1413 2623 1414 2634 ¹

249 2721 428 2787 nerantis
450 2721 489 2784 in
512 2739 572 2784 res
594 2724 807 2801 generatas
827 2724 864 2782 et
889 2715 1019 2782 harum
1035 2719 1072 2782 in
1095 2719 1344 2804 principium,

248 2838 346 2912 atque
370 2827 523 2912 principii
535 2825 663 2909 quidem
677 2828 710 2890 in
725 2846 776 2892 res
788 2833 969 2910 generatas,
993 2826 1081 2908 quod
1096 2848 1152 2892 eas
1164 2848 1205 2894 ex
1219 2849 1291 2896 sese
1301 2829 1344 2893 di·
1413 2871 1414 2876 1

247 2941 380 3020 miserit,
391 2958 497 3003 rerum
512 2943 620 3003 autem
636 2938 670 3001 in
682 2937 887 3020 principium,
911 2938 997 3018 quod
1010 2937 1205 3004 secesserint
1224 2958 1267 3004 ex
1280 2941 1344 3004 eius
1413 2985 1414 2988 ,

246 3051 368 3114 unitate
392 3067 491 3129 seque
504 3047 555 3112 sui
578 3046 817 3122 iurisfecerint3
842 3045 937 3111 huius
951 3053 1056 3111 autem
1070 3047 1207 3114 iniuriae
1218 3056 1251 3114 et
1263 3049 1343 3133 prin·
1413 3093 1414 3140 4

248 3157 367 3241 cipium
385 3163 416 3222 et
438 3176 489 3222 res
508 3157 632 3222 solvere
648 3155 767 3221 debere
778 3175 928 3238 poenam,
951 3162 1047 3237 atque
1069 3176 1121 3222 res
1135 3158 1266 3239 quidem
1277 3157 1342 3243 prin

247 3267 334 3348 cipio
345 3267 403 3346 ita,
413 3271 447 3330 ut
457 3285 515 3331 suo
526 3283 674 3347 quaeque
685 3270 830 3347 tempore
848 3264 881 3328 in
892 3265 961 3330 eius
974 3265 1130 3330 unitatem
1139 3272 1343 3345 revertantur,

246 3374 438 3460 principium
470 3375 566 3440 rebus
603 3374 659 3455 ita,
684 3381 720 3438 ut
741 3393 797 3438 eas
823 3375 856 3437 in
882 3393 954 3440 sese
975 3365 1137 3457 recipiat'.
1182 3376 1251 3442 lam
1272 3393 1341 3440 vero

245 3483 288 3549 ad
309 3484 449 3550 iniuriae
475 3484 638 3549 notionem
665 3482 791 3566 etipsa
819 3484 867 3549 rei
892 3484 1029 3550 veritate
1054 3491 1087 3550 et
1109 3486 1271 3551 communi
1293 3484 1341 3548 ho·

245 3595 366 3659 minum
389 3593 543 3678 opinione
565 3595 713 3677 pertinet,
736 3599 771 3657 ut
793 3593 836 3658 sit
857 3593 952 3671 actio,
975 3593 1068 3660 cuins
1084 3613 1200 3660 caussa
1223 3597 1256 3660 in
1271 3614 1339 3676 qua·

244 3701 319 3766 dam
342 3702 412 3767 sive
444 3702 649 3787 adpetitione
672 3702 740 3768 sive
760 3701 927 3767 voluntate
960 3704 1066 3786 posita
1102 3704 1154 3768 sit.
1199 3704 1294 3788 Ergo,
1315 3701 1339 3766 si

243 3810 521 3900 Anaximandrum
537 3813 687 3896 ponimus
711 3811 848 3876 iniuriae
860 3812 1016 3877 vocabulo
1028 3811 1159 3895 propria
1173 3832 1232 3879 sua
1244 3811 1340 3896 signi·

244 3917 394 3984 ficatione
416 3940 509 3986 nsum
532 3939 614 4003 esse,
637 3940 709 3985 eum
735 3926 860 4003 oportet
880 3920 1070 4005 credidisse,
1096 3941 1255 4003 caussam,
1283 3937 1339 4004 qua
1412 3979 1413 3990 ,

243 4036 391 4095 movente
422 4030 617 4114 principium
650 4050 691 4095 ox
722 4049 793 4095 sese
831 4039 1014 4096 secerneret
1046 4032 1209 4096 contraria
1243 4047 1338 4113 eoque

347 4247 374 4316 1)
393 4247 511 4302 Arctos.
530 4248 653 4318 metaph.
675 4249 697 4318 1,
715 4251 738 4306 9.
758 4251 830 4303 aar·
844 4251 887 4302 20.
