2850 4904
763 365 815 418 184

236 534 479 602 Anaximandro
502 535 694 601 sententiam
716 531 920 617 proponat'¹),
935 532 1122 615 ostendens,
1137 533 1229 613 illam,
1241 553 1328 616 quam

236 642 436 729 Porphyrius
464 641 650 709 Aristotelis
681 640 789 708 verbis
819 636 875 706 “dv
908 640 1107 726 ποιήσαντες
1140 636 1178 707 τὸ
1200 634 1233 706 ὃν
1252 632 1329 705 erl)

236 752 395 820 contineri
428 750 622 834 contendat,
652 750 863 835 physicorum
893 749 1086 817 divisionem
1110 771 1185 816 non
1206 770 1330 815 conve-

235 864 322 930 nire
356 883 440 930 cum
474 861 675 928 orationis
697 862 821 926 forma
842 860 888 926 ab
912 859 1134 926 Aristotele
1154 858 1331 926 adhibita

237 971 352 1040 Altera
384 978 486 1053 parta,
516 989 601 1055 quae
632 969 690 1036 illa
710 969 819 1054 priore
841 971 965 1046 nititur,
1000 989 1120 1054 magna
1142 989 1219 1050 sanc
1239 969 1330 1034 disse

237 1080 327 1148 rendi
358 1080 541 1148 subtilitate
573 1078 782 1162 demonstrat,
816 1081 920 1164 ipsam
943 1079 1121 1164 Porphyrii
1154 1078 1195 1145 de
1223 1079 1331 1144 Anaxi·

237 1190 372 1257 mandre
395 1191 587 1257 sententiam
614 1209 746 1273 prorsus
770 1209 917 1273 pugnare
942 1209 1015 1255 cum
1038 1188 1154 1272 aliqua
1176 1189 1332 1264 sententia,

237 1319 321 1384 quae
353 1298 435 1383 ipsis
468 1296 653 1365 Aristotelis
686 1298 795 1364 verbis
826 1304 938 1382 aperte
971 1299 1183 1364 contineatur.
1237 1298 1332 1380 Atque

238 1409 326 1493 prior
349 1408 406 1474 illa
427 1407 660 1492 disputationis
682 1427 757 1491 pars
779 1413 812 1472 et
836 1406 922 1490 qued
937 1406 980 1472 ad
996 1407 1198 1474 intellectum
1212 1406 1333 1490 etquod

238 1518 281 1584 ad
298 1519 467 1585 veritatem
490 1520 614 1596 attinet,
649 1518 781 1584 omnino
801 1519 973 1601 perspicua
995 1524 1055 1583 est.
1100 1515 1272 1583 Obscurior
1291 1519 1333 1578 cst

237 1630 340 1694 altera
362 1647 447 1714 pars,
470 1647 553 1710 quae
575 1627 690 1711 incipit
711 1649 732 1693 a
750 1625 859 1692 verbis
880 1624 951 1690 ‘uei
971 1623 1085 1708 μέντοι
1107 1616 1277 1706 κοινῶς)3);
1298 1621 1333 1688 de

238 1735 299 1802 hae
321 1735 420 1820 igitur
441 1736 506 1803 iam
529 1735 755 1803 disserendum
779 1741 836 1802 est.

337 1846 399 1912 Pro
420 1846 709 1930 argumentationis
732 1843 944 1911 fundamento
971 1843 1161 1930 Simplicius
1185 1844 1264 1910 hanc
1285 1864 1333 1927 po

146 2037 148 2042 Ι
239 1957 287 2021 nit
311 1954 584 2040 propositionem:
612 1953 682 2019 ‘eui
703 1953 816 2036 μέντοι
837 1955 980 2030 κοινῶς
1001 1953 1096 2036 περὶ
1116 1955 1195 2016 τῶν
1215 1975 1333 2036 προει-

238 2059 385 2144 ρημένων
406 2054 580 2145 ἐπήγαγεν,
614 2055 664 2126 ὅτι
687 2056 727 2125 τοὶ
749 2053 829 2125 illle
850 2062 988 2145 γεννῶσι
1008 2056 1167 2148 μανότητι
1189 2061 1242 2127 καὶ
1261 2083 1334 2125 ποκ-

239 2160 374 2254 νότητι’.
419 2168 511 2248 Quae
526 2173 705 2257 propositio
728 2177 763 2237 ut
783 2179 870 2238 recte
892 2172 1113 2256 intellegatur,
1129 2176 1266 2240 omnium
1279 2169 1334 2257 pri-

238 2301 324 2346 mum
348 2279 381 2346 id
401 2280 620 2362 quaerendum
644 2287 701 2362 est,
736 2284 789 2365 qui
824 2281 1037 2366 intellegendi
1070 2284 1135 2348 sint
1168 2281 1203 2364 ii,
1239 2280 1335 2365 quia

240 2388 410 2473 Simplicio
428 2383 478 2452 ‘ci
501 2380 749 2475 προειρημένοι)
771 2393 988 2477 appellantnr;
1021 2391 1056 2456 id
1080 2392 1167 2457 enim
1187 2410 1250 2458 non
1271 2407 1333 2473 pro-

240 2499 327 2565 tinus
361 2504 505 2583 apparet.
549 2497 621 2577 Qua
654 2501 842 2582 quaestione
877 2500 986 2566 saluta
1014 2499 1243 2585 explicandum
1273 2497 1335 2574 erit,

240 2627 304 2694 qua
328 2607 453 2675 ratione
475 2627 587 2674 verum
609 2608 661 2689 sit,
698 2607 784 2690 quod
815 2607 1000 2692 Simplicius
1027 2607 1235 2676 Aristotelem
1266 2606 1335 2672 dicit

240 2714 391 2782 dehisce
416 2713 676 2782 communiter·
698 2714 933 2798 praedicare
957 2713 1089 2800 (κοινῶς
1113 2710 1258 2799 ἐπάγειν)
1273 2733 1334 2780 earn

239 2824 459 2908 generationis
474 2824 620 2907 formam,
643 2843 726 2907 quae
749 2826 781 2890 in
804 2825 1055 2892 condensatione
1080 2831 1112 2890 et
1134 2824 1335 2891 rarefactione

239 2934 409 3008 consistat;
443 2953 581 3016 namque
604 2932 639 2999 id
661 2935 759 3000 etiam
786 2934 968 3002 videbimus
994 2954 1058 3001 non
1083 2936 1231 3019 protinus
1253 2952 1333 3018 apor-

241 3049 308 3109 tum
331 3062 410 3109 esse.

339 3149 433 3229 Quod
454 3151 592 3236 primum
614 3151 658 3218 ad
672 3152 864 3218 vocabulum
884 3145 937 3214 ‘oi
953 3151 1174 3236 προοιρηένοι’
1198 3151 1335 3238 pertinet,

153 3245 155 3250 ’
239 3259 275 3325 id
305 3259 477 3340 dupliciter
509 3267 615 3345 potest
647 3262 767 3327 referri.
813 3261 862 3328 Ac
892 3262 996 3346 primo
1029 3260 1159 3345 quidem
1193 3260 1335 3344 adspectu

242 3370 427 3436 necessario
448 3368 576 3436 videtur
602 3368 805 3436 referendum
830 3390 901 3436 esse
916 3369 974 3469 'ad
995 3375 1097 3436 totam
1120 3370 1205 3437 hanc
1225 3369 1336 3435 Aristo·
1408 3357 1409 3416 ³

243 3479 317 3545 telis
341 3479 518 3545 orationem
549 3471 599 3542 ‘oi
621 3474 760 3561 μὲνγὰρ
784 3472 819 3544 ἓν
843 3502 1039 3565 ιτοιηοαντες
1070 3472 1103 3544 τὸ
1134 3471 1172 3544 dv
1192 3467 1334 3560 σώματὰ

240 3587 349 3672 druna,
372 3580 393 3673 ἢ
413 3589 481 3652 τῶν
502 3589 602 3670 τριῶν
621 3611 654 3652 τι
676 3581 789 3676 {idtio
802 3581 820 3655 '.
865 3588 959 3668 Quod
982 3589 1012 3655 si
1026 3590 1171 3672 sumitur,
1192 3581 1336 3668 οὶντροει-

344 3773 371 3844 1)
391 3773 565 3844 Simplicium
584 3774 676 3844 ipsum
695 3775 749 3830 hoc
766 3775 850 3829 modo
869 3775 904 3830 de
913 3774 1065 3844 Porphyrii
1084 3775 1195 3830 ratione
1213 3773 1334 3830 iudicare.

239 3875 319 3941 potet
349 3888 382 3926 ex
413 3871 490 3926 hisee
517 3871 609 3926 verbis
638 3890 723 3942 snpra
741 3889 768 3941 p.
791 3873 840 3925 li'l
863 3872 999 3927 laudetis:
1029 3865 1216 3944 „Heprpdptoe
1234 3869 1274 3929 ὠς
1290 3865 1334 3922 τοῦ

134 3959 138 3966 ’
238 3969 497 4038 Ἀριστοτέλους
515 3963 809 4040 ἀντιίῐιοιροῦντος
822 4008 849 4025 ..
870 4009 876 4022 .
891 3965 1118 4039 Ἀναξίμανδρον
1130 3970 1220 4036 λέγειν
1234 3961 1334 4039 (printed

341 4065 369 4134 2)
388 4065 420 4118 ln
437 4063 498 4118 ‘xol
515 4061 624 4136 μέντοι’
655 4067 796 4136 particula
814 4070 860 4120 καὶ
878 4065 1018 4137 significet
1036 4066 1103 4120 novi
1123 4065 1280 4136 argumenti
1296 4059 1334 4116 nd·

241 4160 391 4230 ditionem;
419 4165 515 4233 μέντοι
545 4166 639 4217 autem
663 4163 717 4218 hoc
738 4163 799 4218 loco
826 4181 869 4217 au
876 4167 935 4233 get
963 4161 1168 4217 adfirmationis
1187 4165 1215 4216 et
1233 4158 1334 4216 certitu·

242 4256 315 4312 dinis
334 4258 400 4328 vim,
419 4259 497 4313 velut
515 4259 539 4312 si
557 4258 645 4313 latine
663 4259 767 4314 dicitur
786 4264 832 4328 „et
850 4260 935 4315 vero“
953 4259 998 4314 vel
1021 4263 1070 4330 „et
1087 4275 1153 4313 vero
1173 4258 1282 4314 etium.“
