2864 4910
623 370 676 428 899

93 544 270 612 Ciceronis
291 543 432 624 locum¹i
456 541 627 626 adponere,
662 563 726 626 quo
747 544 776 608 is
799 543 840 609 de
862 545 980 612 Ionicis
1003 545 1205 630 philosophis
1253 613 1254 616 ,

94 656 129 718 in
154 657 342 719 universum
372 653 418 718 ita
443 654 599 735 loquitur3
626 653 696 730 „Ab
715 653 849 736 antiqua
874 655 1204 739 philosophiamque

92 762 140 827 ad
165 763 345 844 Socratem,
368 764 423 844 qui
437 761 638 845 Archelaum,
660 763 875 846 Anaxagorae
888 763 1091 848 discipulum,
1115 764 1204 831 audi·

93 879 182 946 erat,
206 872 356 937 numeri
378 878 579 955 motusque
602 873 823 938 tractabantur
846 880 878 937 et
898 873 984 939 unde
1006 875 1115 938 omnia
1140 875 1206 940 ori-

94 989 214 1046 rentur
242 1001 345 1064 quovc
368 981 563 1060 reciderent3
597 981 850 1064 studioseque
879 983 926 1046 ab
950 981 1012 1047 his
1035 983 1203 1048 siderum

94 1091 406 1173 magnitudines,
441 1092 666 1174 intervalla,
700 1111 837 1158 cursus
876 1093 1205 1175 anquirctantun

95 1207 131 1264 et
154 1206 274 1266 cuncta
298 1199 461 1266 coelestia.

205 1312 234 1375 8.
279 1309 374 1389 Quod
406 1310 449 1376 ad
472 1311 634 1376 stellarum
666 1317 786 1376 motum
809 1313 931 1393 attinet,
964 1312 1205 1378 Anaximander

97 1420 285 1486 omnibus
319 1420 451 1485 stellis
479 1427 620 1484 motum
643 1407 903 1508 circamundi
921 1441 1039 1498 axem,
1070 1424 1143 1486 soli
1166 1429 1205 1486 et

96 1532 218 1594 lunae
241 1537 366 1594 autem
388 1537 594 1613 practerea
616 1531 918 1594 conversionem
937 1551 1004 1614 per
1021 1533 1203 1596 circulum

97 1640 307 1706 zodiacum
330 1641 484 1705 tribuit.

100 1835 305 1844 —-—-———..—

99 1955 204 2009 cuitus.
242 1953 316 2010 Haec
334 1972 378 2008 res
398 1955 509 2010 videtur
528 1954 656 2009 adbiberi
675 1973 754 2024 posse
774 1955 809 2009 ad
822 1955 1014 2024 explicandam
1026 1975 1206 2012 numerorum

100 2052 216 2105 illorum
236 2052 459 2122 discrepantiam.
496 2052 566 2106 Nam
586 2053 609 2106 si
628 2053 766 2123 ponimus,
785 2053 1026 2108 Anaximandrum
1056 2055 1207 2124 putavisse,

100 2149 190 2202 solem
210 2166 227 2202 a
245 2151 339 2202 terrae
356 2149 483 2218 margine
502 2148 606 2202 XXVII
623 2154 716 2202 terrae
734 2149 820 2202 radiis
840 2149 942 2202 abesse
954 2151 1132 2219 (quamquam
1154 2152 1207 2205 hoc

101 2246 257 2298 absurdum
275 2244 337 2314 est),
356 2245 421 2299 solis
440 2246 560 2299 annulus
579 2263 635 2299 non
654 2243 758 2298 XXVII
777 2246 825 2300 sed
844 2245 963 2299 XXVIII
988 2247 1116 2316 partibus
1136 2248 1204 2302 mai-

100 2359 179 2395 orem
200 2359 259 2394 esse
278 2346 388 2411 oportet
410 2360 493 2410 quam
512 2347 604 2396 terrac
624 2343 780 2397 circuitum.
818 2345 912 2410 Atque
931 2343 995 2396 inde
1013 2346 1101 2412 patet.
1127 2345 1204 2398 illam

100 2455 284 2491 numerorum
303 2437 520 2508 discrepantiam
539 2439 656 2494 fortasse
680 2457 712 2492 eo
732 2439 866 2508 explicari
885 2457 973 2508 posse,
1004 2441 1078 2508 quod
1103 2441 1169 2494 solis
1188 2461 1205 2496 a

102 2540 197 2590 terrae
215 2534 371 2604 margine
395 2533 530 2588 distantia
553 2539 581 2588 et
603 2534 725 2588 eiusdem
750 2552 767 2587 a
788 2539 881 2588 terrae
906 2537 1031 2587 centro
1060 2535 1205 2604 distantia,

102 2650 119 2685 a
137 2649 194 2700 qua
212 2631 307 2684 annuli
325 2632 491 2702 magnitudo
510 2631 695 2700 pandatione
714 2631 847 2685 distincta
866 2631 930 2684 sint.
968 2630 1037 2684 (tum
1056 2633 1138 2686 lunae
1156 2651 1204 2686 an·

102 2729 187 2781 nulus
207 2727 272 2780 XIX
295 2729 423 2797 partibus
441 2729 531 2782 maior
550 2745 608 2782 esse
627 2727 738 2782 dicatur
757 2743 841 2795 quam
861 2732 946 2794 terra,
974 2728 1004 2782 in
1023 2729 1075 2784 hac
1095 2747 1206 2798 quoquc

103 2841 135 2878 rc
155 2824 292 2893 suspicari
312 2824 386 2891 licet,
405 2824 646 2878 Anaximandrum
666 2824 760 2877 lunam
779 2823 920 2892 putavisse
940 2822 1030 2876 XVIII
1052 2831 1145 2878 terrae
1163 2843 1207 2880 ra·

102 2921 158 2974 diis
179 2939 196 2974 a
220 2924 313 2974 terrae
339 2921 466 2991 margine
489 2921 594 2974 distare
619 2926 648 2974 et
671 2921 743 2974 hanc
765 2921 800 2974 ob
823 2938 947 2974 caussam
964 2921 1047 2976 lunae
1072 2922 1205 2976 annulum

103 3018 169 3072 XIX
197 3017 324 3086 partibus
344 3023 435 3071 torrae
454 3018 573 3072 circuitu
597 3019 730 3072 maiorem
753 3018 885 3086 posuisse.
928 3018 978 3071 His
1007 3016 1157 3086 disputatis
1182 3017 1205 3069 si

103 3115 321 3183 consideramus,
340 3120 433 3170 terrac
451 3115 627 3170 latitudinem
655 3116 740 3184 triplo
766 3114 900 3167 maiorem
925 3131 983 3168 esse
1008 3132 1091 3182 quarn
1110 3115 1206 3168 altitu·

104 3212 209 3273 dinem,
229 3215 258 3266 et
275 3212 309 3265 ab
328 3211 381 3266 hac
398 3229 429 3266 re
439 3211 558 3281 profecti
570 3211 767 3265 distantiarum
786 3227 915 3264 numeros
928 3209 1069 3277 sumimus,
1089 3211 1136 3263 sed
1157 3211 1206 3278 ita,

104 3313 136 3361 ut
155 3325 218 3362 cum
240 3308 392 3377 Hippolyto
412 3326 546 3376 ponamus
573 3308 639 3362 solis
665 3309 799 3362 annqum
818 3325 881 3361 curn
901 3308 1004 3360 annulo
1024 3308 1105 3360 lunae
1131 3323 1204 3361 com·

103 3404 210 3471 parari,
229 3403 279 3456 hos
298 3404 449 3473 accipimus
469 3421 613 3457 numeros:

255 3506 347 3554 terrae
366 3501 486 3554 latitudo
506 3501 631 3554 continet
648 3497 666 3553 8
684 3503 776 3554 terrae
794 3499 972 3561 altitudinem

255 3597 337 3651 lunae
357 3615 373 3651 a
391 3601 468 3651 terra
486 3597 620 3650 distantia
640 3600 664 3650 6.
685 3600 700 3649 3
720 3601 812 3649 terrae
831 3595 1007 3664 latitudinem

254 3695 320 3747 sciis
339 3713 355 3748 a
373 3700 449 3748 terra
468 3694 602 3748 distantia
622 3695 647 3746 9.
667 3695 682 3746 3
702 3694 784 3747 lunae
802 3693 966 3761 distantiam

105 3790 154 3859 qui
175 3790 284 3844 numeri
303 3791 343 3844 sic
359 3790 442 3859 positi
460 3790 552 3843 videri
570 3790 677 3858 possint
695 3789 834 3858 quandam
855 3789 978 3842 indicare
1004 3789 1102 3842 seriem
1121 3808 1138 3843 a
1156 3808 1204 3843 nu-

105 3904 183 3940 mero
202 3887 325 3940 ternario
350 3885 578 3955 proticiscentem.
616 3885 689 3939 Num
715 3885 863 3939 verisimile
890 3886 941 3953 sit,
968 3869 1204 3940 dnaximandrum

105 3983 157 4036 tali
177 3982 296 4050 quadam
317 3983 388 4036 serie
408 4001 486 4036 usum
507 4000 573 4049 esse,
595 3981 624 4036 id
643 3999 739 4035 rursus
758 3983 862 4051 pondct
881 3982 920 4062 ab.
937 3983 995 4035 eius
1014 3983 1131 4037 scicntia
1149 4003 1205 4038 ma-

105 4079 266 4134 thematica.
304 4079 358 4133 Sed
374 4083 462 4134 totam
488 4079 560 4132 hanc
582 4079 800 4148 disputationem
820 4079 924 4144 addidi,
951 4097 1005 4132 non
1033 4081 1107 4148 quod
1126 4082 1153 4133 in
1174 4099 1206 4135 ca

107 4177 214 4245 aliquid
233 4177 303 4231 certi
322 4177 412 4232 inesse
431 4181 569 4246 putarem,
590 4175 637 4228 sed
657 4175 779 4243 nequid
799 4175 922 4230 omisisse
941 4176 1059 4230 viderer.

211 4275 236 4342 l)
257 4273 337 4327 Tusa.
357 4273 390 4341 V,
409 4275 434 4326 4.
