2860 4906
631 389 684 444 275

107 566 300 632 Aristoteles
320 585 376 631 eos
399 565 562 650 physicos,
585 567 638 647 qui
663 585 760 632 unam
788 563 952 646 quandem
973 571 1121 631 naturam
1145 585 1211 630 cor·

107 697 238 760 porcam
272 675 420 741 omnibus
455 675 551 741 rebus
575 674 754 740 subiectam
786 694 859 741 esse
885 695 925 740 ex
962 674 1088 757 hacque
1124 681 1212 740 motu

108 786 248 869 quodam
274 786 371 852 insito
394 805 501 850 rerum
517 784 752 850 multitudinem
775 786 923 868 generari
934 790 1086 866 statuant,
1110 787 1156 850 ita
1179 785 1211 850 in

108 894 172 962 duo
192 894 357 961 distribuit
381 915 510 978 genero,
535 901 570 958 nt
592 894 712 960 alteros
735 914 786 959 res
806 901 940 959 naturae
953 893 1116 960 subiectae
1139 913 1211 958 con-

107 1005 299 1072 densationc
322 1013 355 1071 ct
374 1005 596 1084 rarefaotionc,
620 1005 740 1070 alteros
758 1005 990 1071 contrariorum
1010 1006 1055 1071 illi
1077 1011 1211 1071 naturae

108 1115 278 1181 insitorum
302 1117 479 1183 secretione
491 1134 647 1198 generare
669 1114 773 1196 dicat3
796 1123 894 1197 etque
909 1116 942 1180 in
958 1115 1019 1181 hoc
1034 1114 1211 1200 posteriore

108 1245 226 1307 genere
249 1245 345 1290 unum
379 1225 471 1308 ponit
491 1223 767 1288 Anaximandrum
779 1223 812 1297 ¹).
856 1222 984 1289 Deinde
1012 1222 1096 1289 idem
1120 1243 1212 1288 accu-

106 1332 209 1400 ratius
243 1335 341 1399 ctiam
364 1331 523 1398 dicituro
545 1330 781 1414 Theophrasto,
808 1330 968 1412 siquidem
996 1330 1212 1415 'theophrasti

107 1450 192 1518 sunt,
215 1463 299 1525 quae
323 1463 343 1508 a
365 1442 535 1525 Simplicio
559 1440 599 1506 de
621 1440 681 1506 hac
702 1461 737 1506 re
753 1439 951 1520 sorihuntur;
976 1441 1004 1504 is
1028 1442 1114 1505 eninr
1126 1441 1211 1504 Ana-

106 1551 312 1618 ximandrum
343 1552 442 1618 refert
469 1571 574 1616 rerum
597 1548 838 1633 generationem
872 1569 936 1614 non
969 1550 1079 1631 eliqua
1110 1549 1211 1634 ipsius

105 1662 260 1746 principii
292 1663 539 1728 commutatione
571 1659 629 1725 sed
663 1679 700 1724 eo
724 1657 862 1738 efficere,
892 1658 978 1741 quod
1012 1658 1210 1742 eprincipio

105 1881 265 1961 nantur2).

208 1991 393 2074 Sequuntur
407 1989 593 2055 Aristotelis
607 1990 808 2072 interpretes,
823 1993 920 2071 atque
935 1988 1065 2072 quidem
1083 1993 1211 2071 praeter

105 2099 322 2186 Simplicium,
350 2098 442 2164 cuius
465 2097 545 2163 duos
569 2099 655 2162 locos
678 2097 742 2162 iarn
765 2097 976 2179 attulimus⁸),
1011 2096 1210 2162 'themistius
1246 2141 1251 2152 -

105 2212 139 2275 in
162 2209 380 2293 explicatione
404 2207 474 2272 eins
496 2207 679 2272 Aristotelis
701 2206 774 2282 loci,
798 2225 893 2289 quem
916 2207 1026 2289 paullo
1049 2212 1123 2270 ente
1144 2208 1210 2271 leu-

104 2319 295 2401 davimus⁴),
320 2323 352 2384 et
373 2316 572 2400 Philoponus
607 2316 639 2380 in
662 2316 891 2381 commentario
919 2317 951 2380 in
977 2315 1114 2381 eundem
1139 2316 1210 2379 Ari-

103 2516 306 2526 ———

209 2647 236 2716 1)
254 2647 373 2701 Aristot.
392 2645 476 2714 Phys.
496 2645 564 2707 1,4.
587 2645 655 2700 187ν
670 2649 711 2700 12.
733 2646 794 2700 Vid.
814 2647 906 2700 locum
926 2663 1012 2715 supra
1027 2663 1055 2715 p.
1074 2649 1117 2716 61,
1139 2649 1161 2700 1.

206 2743 237 2813 2)
255 2742 377 2812 Simplic.
398 2743 479 2811 Phys.
499 2744 525 2811 6,
543 2761 568 2806 a,
587 2760 615 2812 p.
633 2761 683 2796 m.:
709 2727 802 2812 „odroc
822 2744 853 2796 δὲ
877 2738 925 2796 οὐκ
948 2740 1143 2816 ἀλλοιουμένου
1164 2745 1212 2796 τοῦ

103 2846 243 2910 στοιχείου
265 2837 315 2907 τὴν
336 2843 447 2908 γένεσιν
470 2846 552 2907 ποιεῖ,
575 2836 642 2892 ἀλλ’
662 2836 947 2910 ἀποκρινομένων
964 2840 1028 2894 τῶν
1048 2841 1212 2893 ἐναντίων

102 2935 157 2990 διά
183 2937 239 3003 τῆς
257 2933 371 2988 ἀϊδίου
389 2931 580 3003 κινήσεως.“
600 2937 671 2990 Ibid.
687 2937 761 3006 32‚b
780 2955 807 3006 p.
828 2955 899 3006 sup:
923 2935 1029 3006 „drcpoc
1049 2933 1209 3005 (licelinus,

102 3034 168 3086 καθ’
187 3029 222 3086 ὃν
240 3028 325 3086 οὐκέτι
345 3030 394 3100 τὴν
411 3031 566 3104 μεταβολὴν
584 3035 630 3100 τῆς
651 3029 712 3100 ὕλης
730 3036 876 3102 circuitum,
899 3027 959 3086 οόιε
983 3033 1041 3086 κατ’
1065 3028 1212 3086 ἀλλοίωσιν

101 3132 149 3185 τοῦ
171 3127 361 3200 ὑποκειμένου
378 3127 425 3188 τάς
442 3135 564 3199 γενέσεις
582 3126 769 3184 ἀποδιδόασιν
787 3131 869 3199 (hanc
881 3127 1026 3184 ἀλλοίωσιν
1044 3131 1103 3198 ipse
1114 3130 1209 3199 paullo

101 3233 170 3282 ante
190 3225 318 3280 definivit
337 3221 478 3280 πύκνωσιν
496 3230 540 3278 καὶ
553 3221 700 3296 μόνωσιν),
720 3225 787 3281 ἀλλά
801 3226 868 3280 κατ’
887 3228 1050 3296 ἔκκρισιν·
1071 3220 1210 3284 ἐνούσας

100 3320 165 3392 γάρ
187 3319 245 3380 τάς
263 3316 499 3388 ἐναντιότητας
521 3323 556 3376 ἓν
579 3323 623 3392 τῷ
640 3320 856 3394 ὑποκειμένῳ
881 3320 1006 3394 ἀπείρῳ
1029 3316 1098 3376 όντι
1121 3321 1210 3392 [τινὶ]

102 3415 233 3490 σώματι
254 3418 473 3487 ἐκκρίνεσδαί
490 3434 582 3489 φησν
599 3415 877 3490 Ἀναξίμανδρος.
904 3415 1086 3486 ἐναντιότητες
1105 3420 1140 3474 δέ
1157 3421 1209 3471 εἰσι

102 3511 216 3586 θερμὸν
237 3509 357 3584 ψυχρόν,
375 3511 456 3584 ξηρὸν
472 3509 567 3585 ἀγρόν,
587 3519 631 3568 καὶ
651 3518 680 3568 αἱ
697 3511 800 3570 ἀλίαι.“
833 3515 895 3570 Vid.
916 3535 1001 3586 supro
1020 3535 1048 3586 p.
1067 3519 1129 3585 262,
1149 3521 1173 3570 3.

206 3610 235 3679 3)
255 3610 317 3665 vid.
336 3615 395 3665 not.
415 3615 503 3664 antec.

206 3709 235 3776 4)
254 3707 386 3762 Themist.
412 3707 495 3776 Phys.
515 3708 536 3775 1,
560 3711 584 3762 4.
613 3710 672 3770 124,
687 3711 718 3762 21
741 3708 798 3778 Sp:
826 3693 919 3772 „advoc
942 3707 969 3776 (ὁ
986 3705 1210 3782 Ἀναξίμανδρος)

102 3800 192 3858 οὐκέτι
220 3797 361 3856 ἀλλοιώσει
388 3804 484 3874 χρῆται
515 3801 584 3874 πρὸς
606 3802 655 3871 τὴν
679 3809 791 3875 γίνεσιν
812 3807 867 3860 τῶν
892 3806 997 3877 ἐφεξῆς,
1024 3802 1081 3858 ἀλλ’
1105 3808 1210 3876 ίκκρί·

103 3904 231 3952 νεσδαί
248 3915 335 3970 φησι
356 3897 413 3958 τάς
432 3895 672 3966 ἐναντιότητας
690 3900 745 3960 τάς
764 3899 1034 3974 ἐνυπαρχοόσας,
1053 3899 1147 3972 ὥσπερ
1166 3907 1210 3956 καὶ

102 3999 127 4048 οἱ
147 3992 433 4067 πολλάςάποδέμενοι
453 3993 500 4054 τάς
516 3991 610 4066 ἀρχάς,
629 3996 659 4050 ἓν
679 3997 709 4049 δὲ
723 4002 811 4052 αἴτιον
828 3995 859 4050 τὸ
879 3993 1048 4065 ποιητικόν.“
1069 3998 1209 4067 utsupra

102 4110 127 4161 p.
150 4093 212 4152 108.
234 4095 257 4144 1.
293 4090 419 4145 Eandem
437 4109 497 4145 rem
516 4092 612 4161 paullo
631 4099 703 4162 post,
723 4093 806 4163 Phys.
826 4094 847 4161 l,
866 4096 891 4148 h.
914 4095 1029 4163 131,16,
1046 4095 1149 4164 tangit,
1169 4095 1210 4149 di-

103 4205 181 4242 cens:
208 4227 232 4254 „.
251 4227 257 4239 .
279 4227 285 4240 .
303 4183 433 4240 τάναντία
455 4183 574 4245 ἀπαντες
592 4185 680 4260 ἀρχάς
700 4191 828 4244 ποιοῦσιν
847 4232 852 4243 .
874 4230 879 4241 .
901 4233 906 4244 .
927 4195 972 4244 καὶ
995 4187 1049 4260 γὰρ
1069 4197 1210 4262 Παρμενί-

104 4284 173 4352 δης.
195 4325 201 4337 .
222 4281 254 4337 τὸ
275 4281 383 4354 θερμὸν
401 4291 477 4337 ποιεῖ
494 4288 539 4337 καὶ
558 4283 588 4338 τὸ
611 4284 720 4357 ψύχρὸν
739 4281 834 4358 ἀρχάς,
855 4328 861 4340 .
882 4328 888 4340 .
909 4291 954 4340 καὶ
970 4281 1161 4357 Ἀναξαγόρας
1180 4289 1211 4340 ἐν
