2850 4904
767 350 819 404 170

235 541 381 588 caussam
419 522 608 586 Aristoteles
645 521 728 586 hanc
764 523 974 603 posteriorem
1010 521 1166 588 orationis
1201 520 1320 584 sormam

235 630 384 714 elegerin
417 651 488 696 cum
524 630 609 696 enim
643 633 789 714 proxime
821 631 902 696 duas
932 631 1140 714 physicorum
1171 629 1320 696 doctrinae

235 761 307 806 esse
329 739 467 806 dixisset
488 741 617 816 formae,
649 747 757 823 partes
780 739 987 824 physicorum
1012 739 1061 804 his
1085 738 1247 804 doetrinae
1267 740 1320 803 ior·

236 850 297 914 mis
320 849 507 916 differentes
536 851 582 915 ita
611 851 643 914 in
665 851 734 915 eius
757 857 862 915 mente
884 850 1051 933 proximae
1072 849 1231 915 debebant
1251 869 1320 928 esse,

236 968 270 1024 ut
292 961 334 1024 ab
358 959 408 1025 his
443 960 525 1043 ipsis
557 959 742 1026 indicandis
775 959 933 1042 inciperet
958 981 998 1024 ao
1029 966 1096 1024 tnm
1129 959 1252 1026 demum
1276 979 1320 1041 gc-

236 1070 323 1134 neris
345 1070 475 1135 notione
501 1090 557 1136 eas
579 1069 737 1136 definiret.

335 1179 402 1246 Sed
419 1180 520 1246 verba
540 1180 595 1246 ilia
616 1201 680 1246 non
703 1186 840 1262 possunt
862 1181 964 1247 solum
987 1181 1110 1263 pariter
1133 1179 1174 1245 ad
1194 1171 1241 1242 ‘ni
1259 1168 1320 1259 μέν’

235 1297 268 1354 et
288 1289 332 1354 ad
351 1283 401 1353 ‘oi
422 1281 473 1354 δὲ’
495 1290 670 1374 pertinere,
697 1309 807 1356 verum
834 1291 1018 1356 necessario
1045 1289 1088 1354 ad
1111 1295 1259 1371 utrosque
1278 1309 1320 1352 rc-

236 1401 371 1466 serenda
393 1407 479 1476 snut;
504 1400 537 1464 id
558 1399 644 1481 qnod
667 1401 715 1466 sic
736 1406 814 1484 puto
841 1399 1063 1466 demonstrari.
1107 1399 1145 1464 Si
1168 1399 1263 1464 verba
1279 1392 1323 1460 “iv

236 1503 434 1591 norvicense
455 1505 493 1573 cd
520 1502 558 1572 tir
578 1510 676 1591 σῶμα
697 1507 735 1572 τὸ
757 1507 984 1590 ὑποκείμενον,
1014 1503 1034 1593 ἢ
1055 1509 1123 1571 τῶν
1144 1514 1241 1590 τριῶν
1260 1500 1323 1588 rei*

236 1608 319 1682 dito
341 1611 427 1685 nri.'
455 1639 516 1685 non
540 1620 583 1686 ad
606 1626 759 1702 utrosque
781 1619 954 1702 pertinent
976 1618 1141 1701 quandem
1152 1618 1322 1701 significant

236 1727 464 1809 differentiam,
486 1748 551 1810 qna
570 1729 661 1812 prior
683 1728 890 1812 physicorum
913 1749 990 1811 pars
1013 1728 1054 1793 ob
1076 1730 1180 1794 altera
1201 1727 1322 1801 differat

237 1837 329 1902 cuius
350 1836 555 1903 differentiae
576 1857 673 1919 quam
696 1842 844 1919 oporteat
865 1857 943 1907 esse,
959 1838 1132 1912 rationem,
1166 1843 1259 1902 antea
1287 1834 1324 1898 vi-

238 1946 386 2028 dimus¹).
429 1945 498 2011 Hoc
519 1954 627 2012 autem
649 1946 678 2012 si
699 1946 859 2030 ponimus,
881 1967 953 2012 cum
975 1967 1038 2012 non
1063 1966 1139 2012 una
1160 1947 1258 2012 solum
1278 1965 1324 2026 ge-

237 2057 326 2120 neris
348 2055 533 2121 differentia
553 2056 596 2120 sit
618 2055 675 2121 sed
695 2055 789 2136 dnae,
816 2075 899 2137 qnae
922 2057 968 2120 ita
988 2055 1072 2121 inter
1093 2075 1167 2122 sese
1190 2054 1324 2126 habeant,

206 2205 208 2210 .
239 2172 274 2230 nt
305 2165 409 2230 altera
429 2165 524 2230 alteri
557 2167 599 2230 sit
631 2165 805 2246 contraria,
837 2165 991 2248 seqnitur,
1018 2171 1053 2231 ut
1084 2167 1178 2230 alteri
1203 2163 1326 2248 physici,

239 2275 294 2357 qui
326 2274 476 2339 dicuntur
509 2267 559 2336 ‘ot
590 2267 650 2356 δέ’,
687 2274 872 2341 differentia
898 2274 1074 2340 definiendi
1107 2274 1173 2340 sint
1195 2274 1242 2340 illi
1261 2294 1327 2338 con·

239 2386 349 2465 traria,
383 2392 417 2450 ut
446 2384 553 2466 igitur,
590 2386 741 2467 quoniam
764 2385 994 2450 contrariorum
1019 2390 1189 2467 utrumqne
1211 2384 1327 2448 alterins

238 2493 384 2577 implicat
399 2493 614 2576 negationem,
640 2489 771 2560 dicendi
793 2493 859 2558 sint
877 2486 935 2556 ‘oi
958 2485 996 2555 ti»
1016 2493 1067 2580 μὴ
1088 2486 1125 2558 ἓν
1147 2486 1329 2577 ποιήσαντες

237 2605 332 2683 σῶμα
352 2598 391 2664 τὸ
414 2586 521 2685 enon„
549 2595 569 2686 ἢ
594 2643 628 2652 -
654 2592 697 2690 ἦῆ
743 2602 824 2668 Onm
846 2611 952 2669 autem
975 2605 1204 2669 contrariorum
1226 2610 1328 2668 natura

239 2732 278 2777 ea
299 2711 351 2794 sit,
372 2719 408 2778 ut
430 2720 599 2794 utrumqne
622 2734 732 2778 eornm
762 2733 825 2778 nou
857 2713 959 2778 solum
982 2711 1116 2778 alterius
1137 2714 1328 2796 negationem

239 2822 403 2887 contineat
420 2842 531 2887 verum
555 2823 661 2903 ipsum
683 2821 780 2887 etiam
804 2822 847 2888 sit
868 2820 1036 2904 aliquid,
1061 2820 1148 2904 quod
1171 2823 1204 2886 in
1228 2819 1328 2888 eodem

239 2930 372 3019 quidem
392 2937 539 2996 versetur
560 2950 678 3012 genere
713 2936 810 3011 atque
837 2928 981 3007 alteram,
1016 2928 1073 2994 sed
1101 2930 1143 2994 ab
1167 2929 1261 2996 hocce
1280 2947 1330 2992 sna

239 3041 342 3123 ipsius
364 3038 523 3120 qualitate
545 3039 687 3103 omnium
709 3038 850 3104 maxime
873 3037 1035 3103 diversum
1059 3039 1111 3119 sit,
1144 3037 1223 3104 haec
1245 3034 1327 3100 diffe-

239 3148 344 3213 rentia
376 3147 557 3212 accuratius
591 3145 776 3212 definienda
810 3153 868 3213 est.
912 3148 982 3212 Iam
1012 3167 1089 3212 vero
1124 3149 1222 3213 facile
1253 3150 1329 3230 patet

240 3278 312 3323 eam
346 3256 465 3340 triplici
501 3257 627 3326 ratione
658 3257 825 3322 informari
857 3276 961 3340 posse.
1007 3256 1088 3323 Cum
1110 3258 1197 3323 enim
1219 3257 1329 3340 priores

240 3366 367 3451 physici
389 3386 452 3432 non
476 3385 539 3431 una
560 3365 702 3447 simplici
724 3367 854 3432 notione
876 3366 935 3434 sed
958 3368 1060 3434 tribus
1082 3368 1265 3434 notionibus
1285 3363 1330 3428 de·

247 3541 443 3548 ——-—-

241 3665 340 3733 ausim,
365 3665 497 3735 quoniam
523 3665 552 3718 in
571 3664 689 3734 legendo
709 3664 833 3718 animum
853 3664 888 3719 ad
911 3665 984 3718 hanc
1004 3682 1064 3718 rem
1084 3682 1142 3718 non
1161 3660 1280 3725 attendi:
1307 3658 1331 3708 iu

241 3761 401 3832 praesentia
428 3761 510 3815 unius
537 3765 649 3816 tantum
676 3762 791 3815 memini
820 3761 883 3830 loci,
912 3762 960 3831 qui
989 3761 1094 3830 legitur
1121 3762 1153 3816 in
1171 3753 1331 3814 Parmenidis

242 3858 410 3928 fragmentis
429 3876 455 3912 v.
478 3860 538 3925 126,
556 3857 692 3912 Mullach:

342 3960 391 4021 „at
409 3954 462 4027 γὰρ
487 3951 653 4028 στεινότεραι
672 3962 822 4022 πεποίηντο
849 3952 935 4026 πυρὸς
957 3951 1087 4023 ἀκρίτοιο,
1113 3957 1146 4005 αἱ
1170 3953 1196 4006 d'
1219 3953 1263 4006 ἐπὶ
1284 3952 1331 4002 nois

244 4050 364 4122 rourdc‘t
392 4055 421 4108 in
450 4053 551 4122 quibus
578 4054 671 4108 verbis
701 4047 864 4122 στεινότεραι
893 4047 1053 4122 (στεφάναι)
1083 4067 1172 4120 genus
1195 4047 1332 4107 continent,

244 4151 319 4223 qnod
337 4150 451 4205 vocibus
470 4154 498 4203 nt
518 4180 549 4190 -
570 4155 598 4203 nt
619 4151 649 4204 δὲ
670 4151 698 4208 in
719 4151 788 4206 duas
806 4155 901 4222 partes
919 4149 1064 4204 dividitur.

346 4249 372 4320 1)
390 4247 419 4304 P.
440 4249 499 4304 168.
