2864 4904
619 371 670 450 rr'r

187 569 257 634 Iam
279 567 484 653 pervenimus
497 567 541 633 ad
553 588 626 634 eum
637 568 753 652 looum,
778 567 834 651 qui
852 568 1102 653 explicationem
1118 587 1192 634 oon-

71 679 167 745 tinet
191 679 262 744 eius
286 677 471 744 Aristotelis
494 677 566 762 loni,
589 697 652 760 quo
675 677 704 744 is
726 679 864 761 primum
887 677 1085 772 prineipium
1107 677 1192 744 inter

72 805 198 851 aorem
219 792 252 850 et
274 786 384 868 ignem
412 783 553 850 medium
576 789 741 850 memorat.
785 783 848 861 Qui
877 784 1007 868 quidem
1030 786 1192 871 Simplicii

75 897 378 981 locuspropter
409 894 630 986 ambiguam
662 893 831 978 plurium
863 897 1064 962 verborum
1095 898 1191 964 rela-

73 1007 235 1071 tionem
256 1005 292 1070 in
313 1004 515 1070 difficillimis
538 1011 595 1086 est,
626 1003 673 1070 ita
694 1009 729 1070 nt
753 1005 825 1070 sine
848 1004 1102 1089 diligentissima
1124 1004 1189 1072 sin-

74 1117 237 1200 gularum
259 1116 400 1198 partium
429 1114 695 1199 interpretatione
722 1113 853 1179 omnino
881 1133 946 1180 non
968 1115 1073 1199 possit
1098 1114 1192 1182 intel·

73 1225 158 1308 legi.
218 1224 342 1290 Pendet
373 1231 481 1289 autem
514 1222 595 1290 haee
629 1223 693 1289 looi
727 1222 922 1306 ambiguitas
954 1223 996 1290 ab
1028 1223 1100 1308 ipso
1133 1223 1191 1289 illo

75 1333 274 1400 Aristotelis
297 1335 376 1415 loeo,
409 1333 531 1418 quippe
561 1353 625 1416 quo
660 1332 688 1400 is
719 1333 844 1399 ratione
876 1332 1008 1399 dioendi
1037 1353 1113 1400 usus
1148 1334 1192 1400 sit

74 1463 203 1528 parum
226 1443 368 1528 eleganti
390 1462 569 1527 parumque
591 1441 634 1508 ad
656 1441 889 1508 sententiarum
912 1441 1058 1509 ordinem
1081 1442 1189 1527 dispo-

76 1554 161 1636 sita;
187 1558 221 1618 et
246 1552 368 1619 idoiroo
400 1551 558 1636 explioari
588 1571 652 1617 non
680 1557 796 1635 potest,
831 1558 1005 1635 antequam
1027 1555 1097 1638 ipse
1120 1553 1191 1618 Ari-

76 1663 214 1728 stotelis
235 1663 325 1728 loeus
348 1663 446 1728 luerit
468 1661 660 1746 explicatus.
704 1661 811 1740 Quare
837 1661 867 1728 is
896 1662 986 1728 loeus
1010 1642 1190 1729 aoouratius

74 1777 200 1856 postea
219 1771 347 1837 demum
362 1771 521 1855 explioari
546 1771 675 1856 poterit,
699 1771 825 1854 hioqne,
847 1777 883 1837 ut
904 1773 1013 1837 omnia
1026 1771 1190 1857 Simplicii

77 1883 120 1949 de
150 1883 398 1949 Anaximandro
430 1882 616 1949 testimonia
649 1885 682 1948 in
714 1903 778 1948 uno
811 1888 986 1966 conspeetu
1020 1887 1190 1966 ponantur,

77 2011 213 2058 summa
240 1997 363 2057 tantum
391 1994 460 2058 eius
483 1992 593 2076 oapita
613 2011 839 2076 proponemus.
885 1990 965 2057 Oum
998 1989 1099 2074 igitur
1132 1991 1189 2057 illo

82 2101 277 2166 Aristotelis
297 2101 366 2165 loeo
388 2099 424 2182 ii,
446 2100 502 2182 qui
524 2119 682 2166 summum
697 2099 892 2184 prinoipium
916 2119 1012 2165 unum
1025 2098 1189 2182 quoddam
1294 2143 1297 2148 ,

78 2206 200 2273 dioaut
223 2227 339 2290 eorpus
358 2208 507 2274 omnibus
530 2208 625 2273 rebus
648 2207 836 2285 subiectum,
860 2207 893 2272 in
916 2205 980 2271 duo
1003 2206 1192 2274 dividantur

79 2337 220 2401 genera,
243 2317 379 2383 alterum
401 2336 520 2400 eornm,
552 2317 607 2400 qui
636 2316 672 2383 id
692 2336 808 2400 eorpus
836 2337 934 2382 unum
958 2337 975 2383 e
996 2316 1100 2383 tribus
1124 2317 1186 2384 ele·

78 2427 214 2510 mentis,
230 2427 367 2494 alterum
386 2446 505 2509 eorum,
521 2427 578 2510 qni
596 2433 744 2492 naturam
762 2425 925 2508 quandam
942 2427 1046 2492 inter
1060 2446 1189 2492 aerem

80 2543 118 2601 et
141 2538 276 2620 ignem
298 2535 463 2602 mediam
486 2555 557 2602 esse
579 2535 690 2619 velint,
713 2535 909 2620 Simplicius,
933 2533 974 2600 de
996 2534 1056 2600 hoo
1079 2543 1189 2620 poste-

80 2646 170 2713 riore
198 2667 318 2730 genere
348 2646 521 2727 disserens,
556 2645 696 2730 primum
722 2644 778 2726 ait,
809 2644 896 2727 quod
931 2644 1124 2730 principium
1147 2645 1189 2710 ab

80 2755 263 2821 Aristotele
286 2754 346 2821 hoo
369 2755 439 2821 looo
463 2755 590 2821 dieatur
611 2753 753 2842 medium
775 2754 860 2820 inter
885 2773 994 2820 aerem
1016 2759 1049 2820 et
1070 2754 1188 2838 ignem,

1 2921 2 2927 ,
80 2862 170 2929 idem
193 2863 237 2930 ab
259 2883 298 2929 eo
319 2863 394 2930 aliis
416 2864 498 2929 loeis
520 2865 603 2930 inter
624 2883 733 2930 aerem
756 2868 788 2928 et
803 2882 921 2945 aquam
942 2861 1084 2928 medium
1106 2861 1187 2943 dioi;

80 2977 113 3036 et
135 2973 211 3056 ipse
230 2972 381 3039 continuo
403 2979 476 3057 post
502 2961 623 3056 ιἄλλην
643 2971 717 3037 τινὰ
738 2964 838 3057 φύσιν
860 2963 1014 3053 σώματος
1036 2971 1127 3053 παρὰ
1147 2972 1189 3036 τὰ

81 3071 249 3161 στοιχεῖα’
279 3082 432 3166 appellat,
466 3081 526 3148 hoo
554 3082 746 3148 vocabulum
777 3081 971 3165 simpliciter
1003 3080 1037 3144 iu
1059 3081 1188 3146 illorum

81 3191 230 3274 priorum
263 3190 368 3256 loourn
391 3211 551 3275 reponens
560 3192 594 3272 ¹):
639 3191 732 3272 Tum,
771 3190 811 3256 de
833 3189 944 3284 huius
952 3189 1107 3275 prinoipii
1130 3203 1210 3262 au·'.

82 3308 171 3367 otore
194 3320 364 3384 quaerens,
388 3301 429 3367 ab
452 3301 681 3367 Alexandro
705 3300 789 3366 hano
809 3289 921 3383 ‘dalea
941 3299 1014 3364 τινὰ
1034 3291 1189 3382 σώματος

82 3405 183 3496 φύσιν
206 3410 299 3488 παρὰ
319 3410 360 3472 τὰ
380 3410 538 3490 στοιχεῖα’
569 3411 682 3488 (utitur
704 3403 791 3475 enim
813 3409 874 3475 hoo
895 3409 1066 3488 vooabu10)
1090 3408 1187 3474 tribui

83 3519 164 3586 dioit
185 3520 438 3596 Anaximandro,
471 3519 687 3604 Porphyrium
715 3524 832 3604 antem,
864 3517 1020 3604 singulari
1047 3518 1188 3601 quadam

83 3628 172 3696 illius
201 3630 388 3695 Aristotelis
419 3630 484 3695 loni
501 3630 783 3714 'interpretatione
815 3633 965 3706 utentem,
1000 3628 1041 3694 ab
1064 3627 1188 3692 Anaxi·

83 3737 220 3804 mandre
232 3744 345 3822 putare
364 3739 559 3822 principium
575 3737 642 3804 dioi
658 3757 802 3824 eorpus
825 3736 945 3804 rebus
967 3737 1201 3802 subieotnm'

184 4013 212 4082 1)
232 4011 328 4082 Simpl.
346 4012 429 4082 Phys.
449 4015 492 4082 32,
510 4032 535 4068 a.
554 4033 590 4068 m.
622 4013 722 4077 „Tarte
745 4013 776 4067 δὲ
802 4008 867 4066 ἄλλο
892 4034 915 4066 u.
940 4014 994 4068 τῶν
1016 4015 1098 4085 τριῶν
1122 4010 1187 4068 ὑπέ-

86 4115 174 4178 θεντο,
194 4103 212 4162 ὅ
232 4109 289 4162 ἐστι
308 4108 414 4181 πυρὸς
431 4111 496 4181 μὲν
515 4103 725 4182 πυκνότερον
742 4107 846 4181 ἀέρος
864 4109 900 4164 δὲ
918 4104 1089 4181 λεπτότερον,
1116 4103 1132 4177 ἢ
1153 4108 1189 4170 ὠς

86 4200 249 4265 {adstote
267 4213 384 4278 φησίν,
412 4204 514 4278 ἀέρος
539 4208 603 4280 μὲν
621 4204 834 4277 πυκνότερον
860 4204 984 4267 ὕδατος
1009 4207 1045 4261 δὲ
1070 4201 1185 4260 λεπτό-

86 4306 218 4373 τερον“.
256 4303 326 4359 Vide
344 4304 430 4359 etiam
450 4308 507 4360 not.
526 4323 583 4374 seq.
