2850 4904
641 371 691 424 173

107 543 272 624 minatur,
302 549 408 610 tamen
431 548 487 609 aut
516 563 556 610 ex
578 542 659 627 ipsis
681 548 738 610 aut
760 563 777 608 e
803 541 941 627 plurium
972 543 1115 609 locorum
1141 563 1224 610 eom-

107 652 292 736 paratione
325 656 413 718 eerto
446 653 659 736 cognoscitur.
719 650 785 718 Sed
823 651 913 718 hisee
952 651 1151 735 argumentis
1184 671 1225 718 ex

106 759 259 826 aliorum
292 761 434 828 locorum
470 762 709 846 comparatione
743 761 853 844 petitis
886 780 971 826 nunc
1004 781 1066 826 non
1099 763 1224 842 utimur,

107 871 286 952 qnoniam,
317 870 345 936 si
379 888 488 936 verum
521 871 778 952 essevolumus,
808 868 895 952 quod
918 869 1057 936 diximus
1078 877 1226 938 naturam

107 979 204 1046 inter
239 999 347 1046 aerem
379 984 411 1044 et
444 978 551 1062 ignem
579 977 717 1044 mediam
754 983 862 1044 nostro
898 979 968 1044 loco
1000 979 1097 1045 certis
1120 980 1225 1046 verbis

107 1088 154 1153 ab
181 1088 361 1155 Aristotele
383 1087 625 1154 Anaximandro
660 1086 771 1168 tribui,
804 1086 838 1151 id
873 1106 913 1152 ex
945 1086 1019 1172 ipsa
1045 1087 1139 1155 huius
1162 1090 1225 1156 loci

107 1199 248 1266 ratione
282 1196 379 1265 debet
411 1196 616 1282 perspicuum
642 1215 725 1263 esse.
769 1195 1000 1280 Apparitnrum
1024 1203 1131 1266 autern
1154 1219 1225 1266 esse

107 1310 234 1393 opinor
255 1307 316 1374 hoc
337 1307 443 1375 modo.

222 1416 384 1500 Diximus,
417 1418 445 1484 si
466 1416 565 1484 verba
597 1414 640 1481 ad
664 1408 716 1479 ‘oi
736 1405 809 1496 μέν’
836 1415 988 1500 adposita
1009 1415 1228 1501 significarent

108 1527 340 1594 differentiam
364 1525 534 1610 quandam,
571 1545 637 1610 qua
658 1526 783 1610 priores
805 1524 934 1610 physici
956 1526 998 1592 ab
1021 1527 1141 1608 alteris,
1173 1527 1228 1609 qui

109 1637 184 1704 illis
208 1637 366 1704 vocabulo
386 1628 434 1700 ‘oi
458 1634 504 1700 δὲ’
529 1641 740 1720 opponuntur,
765 1633 943 1719 differrent,
963 1634 1005 1700 ad
1028 1634 1086 1702 hos
1108 1637 1226 1703 alteros

109 1753 228 1814 utente
250 1745 434 1812 addendam
457 1764 528 1812 esse
549 1742 765 1810 differentiam
787 1743 837 1810 illi
860 1743 1063 1821 contrariam,
1086 1743 1127 1810 de
1150 1743 1225 1810 hac·

110 1878 180 1941 que
203 1855 388 1922 differentia
422 1861 612 1939 quaerentes
644 1875 727 1938 quae
764 1861 859 1938 esset,
898 1875 961 1921 non
983 1875 1079 1921 unam
1101 1861 1225 1922 tantum

110 1969 177 2036 sed
202 1975 268 2034 tres
289 1968 477 2048 invenimus,
500 1986 583 2049 quae
601 1964 729 2049 'pariter
744 1965 790 2032 illi
807 1971 916 2032 essent
938 1965 1129 2032 contrariae.
1157 1966 1226 2031 lam

109 2099 196 2146 vero
217 2077 354 2160 amplius
378 2081 578 2159 quaerentes,
611 2095 784 2157 quamnam
812 2095 852 2142 ex
879 2073 928 2140 his
951 2074 1054 2141 tribus
1077 2074 1226 2142 differen-

110 2191 175 2254 tiis
198 2185 391 2253 Aristoteles
423 2183 586 2269 putandus
622 2185 666 2250 sit
698 2184 837 2250 voluisse
871 2185 1025 2268 intellegi,
1058 2183 1086 2248 si
1119 2186 1223 2269 ipsum

109 2297 206 2366 hunc
229 2295 412 2360 Aristotelis
448 2295 553 2360 locum
585 2313 644 2377 per
675 2313 710 2360 se
743 2295 846 2360 solum
873 2299 1064 2378 spectamus,
1087 2295 1224 2378 primunr

112 2411 153 2474 in
179 2405 379 2472 orationis
402 2404 527 2470 forma
549 2404 679 2470 omnino
700 2401 783 2468 nihil
805 2423 877 2470 esse
900 2403 1133 2486 cognoscimus,
1160 2423 1224 2486 quo

110 2517 199 2584 haec
223 2515 370 2597 quaestio
404 2511 566 2579 diudicari
589 2513 707 2597 possit3
743 2533 814 2580 oum
838 2512 923 2578 enirn
950 2513 1039 2596 prior
1059 2512 1116 2580 illa
1136 2513 1224 2580 diffe-

111 2625 226 2692 rentia
254 2624 394 2690 etribus
427 2622 610 2688 notionibus
636 2623 745 2688 iuncta
767 2621 818 2704 sit,
846 2622 1037 2688 Aristoteles
1060 2642 1131 2688 eam
1153 2642 1224 2706 pro-

111 2735 281 2820 positione
299 2725 347 2796 ‘oi
368 2730 428 2814 μὲν
449 2726 508 2816 γὰρ
536 2725 572 2796 ἓν
593 2725 803 2817 ποιήσαντες’
835 2751 899 2796 111
929 2731 977 2798 ita
1012 2732 1121 2798 verbis
1152 2751 1224 2817 pro·

111 2843 256 2922 nuntiat,
281 2851 326 2925 ut,
350 2842 384 2908 in
407 2861 546 2925 quanam
569 2830 672 2907 trium¹
686 2841 812 2907 illarum
835 2840 1000 2907 notionum
1013 2842 1118 2925 ipsam
1133 2839 1225 2907 diffe-

111 2954 244 3020 rentiae
277 2953 340 3018 vim
377 2953 514 3038 positam
551 2971 623 3018 esse
649 2953 795 3026 voluerit,
830 2951 895 3017 ullo
923 2950 1017 3017 modo
1043 2953 1145 3036 possit
1177 2951 1225 3016 di-

111 3063 247 3146 gnosci;
290 3066 322 3128 et
358 3060 441 3128 hanc
476 3061 517 3128 ob
550 3081 698 3128 caussam
728 3064 761 3126 in
795 3061 859 3127 illis
896 3062 997 3128 tribus
1030 3061 1224 3130 differentiis

112 3172 210 3238 nulla
240 3176 298 3250 est,
331 3191 415 3253 quae
449 3190 527 3255 prae
557 3171 687 3254 reliquis
710 3169 834 3237 duabus
857 3172 952 3254 quasi
974 3171 1112 3254 quadam
1136 3172 1226 3253 cogi·

113 3281 251 3345 tationis
274 3282 464 3346 necessitate
488 3281 586 3365 priori
609 3286 797 3366 opponatur.
843 3279 937 3358 Quod
952 3278 1070 3348 deinde
1092 3278 1137 3346 ad
1158 3299 1224 3345 res

113 3392 251 3471 attinet,
284 3409 324 3454 ex
347 3388 436 3456 hisce
460 3389 525 3455 iarn
546 3395 642 3455 antea
664 3391 882 3473 cognovimus,
917 3391 1054 3475 primam
1077 3387 1225 3455 differen-

114 3501 207 3582 tiam,
242 3519 322 3576 cam,
359 3497 446 3582 quod
476 3499 571 3564 alteri
603 3498 731 3584 physici
764 3499 958 3566 fortasseid
980 3497 1070 3582 quod
1092 3505 1224 3566 estnon

113 3629 218 3676 unum
240 3607 299 3674 sed
319 3608 413 3693 plura
435 3628 554 3693 ponere
579 3607 778 3692 dicerentur,
814 3609 856 3674 ab
880 3608 1053 3674 Aristotele
1083 3608 1225 3691 intellegi

113 3739 183 3785 non
206 3719 361 3802 potuisse,
384 3726 557 3802 propterea
589 3717 677 3801 quod
700 3717 734 3784 id
767 3738 838 3784 cunr
870 3717 981 3800 aliqua
1007 3717 1100 3782 huius
1122 3718 1225 3802 ipsius

114 3829 183 3894 loci
206 3826 369 3894 sententia
391 3833 607 3911 pugnaturum
622 3832 721 3908 esset;
743 3833 839 3911 atque
861 3827 938 3892 iude
962 3828 1113 3910 sequitur,
1136 3831 1181 3920 ut,¹
1197 3827 1225 3892 si

115 3938 252 4003 omnino
274 3937 417 4019 aliquam
439 3936 610 4018 intellexit,
628 3937 867 4004 alteramutram
884 3937 1077 4018 reliquarum
1089 3934 1224 4002 duarum

115 4047 309 4131 intellegere
331 4046 493 4125 debuerit3
526 4052 632 4112 utrum
658 4052 765 4112 autem
791 4045 996 4127 intellexerit,
1029 4053 1064 4112 ut
1090 4066 1153 4111 nou
1184 4065 1225 4110 ex

116 4156 276 4221 orationis
305 4156 419 4239 forma,
442 4157 489 4222 ita
518 4176 577 4224 uec
607 4177 625 4222 e
655 4157 751 4222 rebus
774 4155 839 4222 ullo
862 4155 958 4221 modo
981 4161 1088 4240 potest
1109 4153 1224 4220 conici.

117 4263 188 4330 Sed
210 4263 293 4331 hanc
316 4267 418 4348 ipsam
442 4266 482 4331 ob
506 4285 663 4348 caussam,
694 4265 780 4348 quod
804 4284 863 4330 nec
892 4284 909 4330 e
940 4265 1044 4330 forma
1066 4264 1224 4330 orationis
