2864 4910
747 325 800 376 376

229 517 348 573 rames,
372 504 460 562 rotae
484 497 622 562 similem
644 496 726 562 dieit
736 496 770 576 1).
810 496 897 579 Ergo
919 498 951 560 in
973 495 1030 560 illo
1053 494 1142 559 Tatii
1163 496 1235 559 loeo
1255 493 1324 558 nihil

229 613 288 684 est,
310 627 373 690 quo
396 609 526 691 probari
540 607 653 690 possit,
677 607 754 672 solis
776 606 884 671 orbem
908 603 1142 670 Anaximandri
1172 604 1324 668 sententia

229 716 360 801 planum
383 736 455 782 esse
477 713 700 800 oylindrum¹).

269 829 277 842 ¹
331 842 449 907 Verum
466 849 501 908 ut
512 842 608 906 nullis
621 849 765 908 veterum
778 840 971 906 testimoniis
986 841 1151 924 probatur,
1174 841 1219 904 ita
1233 839 1323 904 etiam

231 971 289 1035 per
316 972 350 1017 se
372 953 500 1018 omnino
527 951 738 1036 improbabile
772 957 831 1034 est,
864 950 1140 1014 Anaximandrum
1167 949 1322 1014 stellarum

332 1225 359 1294 1)
378 1224 468 1292 Quam
486 1242 584 1278 manca
600 1229 628 1278 et
648 1225 756 1278 ineerta
774 1223 849 1278 Tatii
868 1223 902 1278 de
922 1223 1135 1277 Anaximandro
1154 1222 1265 1276 scientia
1283 1221 1323 1285 sit,

233 1321 472 1377 Teiohmuellerus
491 1321 576 1376 etiarn
596 1321 626 1388 (l.
646 1321 664 1373 l.
683 1339 710 1390 p.
723 1323 756 1374 18
775 1322 828 1389 sq.)
847 1321 921 1374 clare
941 1320 1073 1385 ostendit,
1089 1335 1322 1390 'quamquamsen

234 1421 352 1474 tentiam
373 1418 435 1482 looi,
455 1418 563 1486 dequo
584 1418 699 1488 egimus,
719 1435 775 1472 non
794 1419 878 1486 plane
897 1416 1068 1470 intellexisse
1087 1416 1209 1470 videtur.

337 1516 366 1584 2)
384 1513 482 1568 Tatius
502 1519 567 1583 post
589 1515 691 1582 loenm,
713 1514 748 1569 de
772 1531 827 1583 quo
851 1514 967 1585 egimus,
992 1515 1032 1568 sie
1056 1513 1168 1584 pergit:
1198 1511 1279 1581 „urle
1294 1509 1322 1562 δὲ

233 1609 269 1670 ὡς
286 1607 343 1664 ἀπὸ
364 1605 557 1680 σάλπιγγος
576 1612 613 1664 ἐκ
631 1613 749 1663 κοίλου
766 1605 874 1664 τόποι
900 1615 954 1663 καὶ
974 1610 1092 1663 στενοῦ
1118 1611 1268 1681 ἐκπέμπειν
1280 1602 1322 1693 ιοὐ·

232 1705 281 1761 τὸν
299 1705 329 1761 τὸ
349 1709 410 1779 φῶς
429 1703 540 1776 ὥσπερ
559 1708 772 1778 πρηστῆρος.“
810 1707 867 1762 Hos
889 1701 1000 1769 ‘rrvdc'‚
1028 1725 1098 1776 quos
1116 1706 1214 1760 Tatius
1236 1723 1252 1759 a
1271 1704 1321 1773 pri·

232 1805 336 1870 oribus,
355 1805 385 1858 id
403 1810 454 1864 est,
476 1805 511 1858 ab
524 1805 735 1860 Anaximandro
745 1805 903 1876 distinguit,
922 1803 1160 1860 Teiehmuellerus
1179 1805 1209 1873 (l.
1219 1805 1236 1856 l.
1247 1821 1272 1872 p.
1282 1803 1321 1867 20)

235 1920 292 1956 non
311 1902 380 1956 alios
399 1919 457 1956 esse
470 1907 553 1971 putat
571 1903 625 1956 nisi
644 1903 734 1972 ipsum
746 1902 997 1958 Anaximandrum.
1016 1901 1071 1956 Sed
1083 1901 1211 1971 quamvis
1222 1904 1322 1970 praeter

234 2000 309 2053 huno
328 2000 442 2068 eiusque
461 1999 612 2068 discipulos
634 2018 690 2054 non
708 1999 791 2054 facile
810 1999 945 2068 invenias,
970 1999 1006 2054 ad
1030 2017 1111 2068 quem
1138 2000 1215 2053 locus
1232 1996 1320 2052 referri
1394 1977 1395 1996 ¹

232 2095 330 2166 possit,
354 2101 447 2150 tamen
471 2097 540 2151 haee
566 2114 610 2151 res
633 2097 746 2152 omnino
772 2097 880 2151 incerta
908 2101 958 2151 est.
995 2097 1067 2150 Nam
1091 2095 1167 2150 Tatii
1186 2095 1270 2150 verbe
1285 2094 1318 2146 ita

233 2192 352 2246 obseura
370 2196 443 2253 sunt,
462 2195 495 2245 ut
512 2209 563 2260 per
575 2209 603 2245 se
622 2192 681 2246 sola
702 2196 807 2246 certam
824 2192 1088 2260 interpretationem
1107 2190 1205 2262 lugere
1229 2199 1256 2244 et
1273 2189 1322 2242 sine

234 2288 401 2343 adiumentis
421 2288 535 2342 aliunde
554 2288 767 2343 advenientibus
786 2307 842 2343 non
861 2289 988 2360 intellegi
1006 2306 1087 2358 posse
1105 2287 1262 2342 videantur.
1279 2285 1320 2338 Et

234 2386 309 2439 enim
326 2385 449 2455 primum
467 2402 531 2440 oum
550 2379 669 2455 σάλπιγξ
685 2386 722 2440 sit
740 2389 769 2439 et
787 2381 882 2438 εὐθεῖα
900 2390 930 2439 et
947 2378 1077 2456 καμπύλη
1096 2384 1209 2453 (Pollux
1222 2383 1270 2438 On.
1282 2379 1322 2446 lV,

236 2484 352 2550 11,85),
376 2487 441 2537 utra
466 2482 519 2536 hoe
542 2482 604 2536 loeo
626 2481 820 2552 intellegenda
844 2482 905 2536 est?
933 2481 1050 2549 Deinde,
1069 2497 1132 2535 eum
1160 2482 1202 2534 sol
1221 2481 1321 2535 dieatur

233 2581 324 2634 lucem
344 2579 473 2634 emittere
490 2577 542 2639 ‘dr
561 2573 618 2633 ἂπό
639 2575 793 2648 σάλπιγγος
811 2580 841 2633 ἐκ
857 2581 949 2632 κοίλου
967 2573 1053 2632 τόποι
1072 2581 1119 2630 καὶ
1131 2573 1248 2647 ararad,
1264 2593 1322 2630 num

234 2671 361 2746 σάλπαγξ
387 2677 462 2731 idem
487 2677 662 2748 intellegitur
683 2683 768 2747 atque
791 2675 806 2732 ὁ
829 2680 919 2738 κοῖλος
942 2681 987 2730 καὶ
1007 2674 1102 2736 στενὸς
1120 2670 1220 2744 τόπος,
1242 2673 1279 2728 ita
1295 2675 1323 2724 ut

234 2773 281 2828 hio
298 2773 374 2827 illius
395 2773 578 2828 similitudine
597 2774 775 2829 illustretur?
800 2793 836 2829 au
855 2768 975 2843 σάλπιγξ
1001 2778 1044 2828 est
1069 2791 1113 2828 res
1140 2773 1176 2827 ab
1195 2773 1246 2826 hoe
1262 2786 1322 2824 osvo

236 2875 264 2924 et
284 2876 402 2940 angusto
422 2871 483 2924 loco
503 2870 622 2935 diversa,
648 2871 737 2925 veluti
757 2870 898 2940 quoddam
917 2871 999 2924 huius
1019 2870 1080 2924 cavi
1098 2870 1153 2924 loci
1176 2869 1323 2928 foramen,

235 2967 276 3020 ita
296 2972 327 3020 ut
347 2965 420 3020 idem
438 2971 523 3035 atque
541 2960 623 3024 αὐλός
641 2965 800 3037 significet?
819 2984 855 3021 an
874 2966 995 3035 denique
1012 2966 1049 3020 ad
1062 2963 1322 3037 lautparvpertinet

235 3063 275 3116 ita
295 3067 326 3114 ut
345 3061 490 3132 significet,
510 3063 600 3116 luoem
625 3081 659 3116 ex
678 3067 796 3133 augusto
821 3065 882 3117 loeo
908 3061 1028 3130 quadam
1053 3063 1134 3131 quasi
1159 3059 1322 3116 vehementia

236 3156 347 3210 efflari?
386 3156 513 3224 Denique
538 3157 567 3210 in
592 3157 684 3211 verbis
712 3155 882 3228 ιἐκπέμπειν
904 3152 988 3209 αὐτὸν
1012 3152 1073 3226 (τὸν
1095 3151 1181 3224 ἥλιον)
1205 3154 1234 3209 τὸ
1256 3152 1323 3224 poic’

236 3259 332 3308 utrum
351 3254 530 3322 ‘nometipsos'
550 3255 674 3323 pertinet
693 3255 729 3309 ad
752 3250 836 3307 αὐτὸν
854 3272 890 3308 an
909 3253 945 3307 ad
964 3249 995 3306 τὸ
1015 3253 1094 3325 iptio?
1118 3253 1148 3307 id
1167 3257 1216 3314 est,
1240 3257 1323 3306 utrum

236 3352 295 3421 ipse
315 3349 357 3404 sol
376 3355 558 3419 comparatur
581 3368 644 3405 enm
667 3351 800 3420 πρηστῆρι
828 3369 864 3405 an
887 3351 935 3404 lux
961 3369 977 3404 a
1000 3351 1058 3404 sole
1079 3349 1202 3404 emissa?
1220 3377 1250 3400 -.
1267 3363 1323 3400 uam

237 3451 323 3517 prout
340 3453 390 3500 aut
408 3446 461 3502 hoe
484 3452 533 3502 eut
556 3448 626 3501 illud
650 3449 795 3518 accipitur,
824 3448 977 3518 πρηστῆρος
1000 3445 1169 3518 significatio
1198 3447 1252 3501 alia
1268 3444 1323 3499 erit.

237 3543 291 3598 Sed
309 3544 391 3597 huius
410 3544 464 3598 loci
482 3562 539 3598 non
558 3549 607 3609 est,
626 3545 695 3600 haee
713 3546 869 3600 accuratius
888 3545 1027 3615 persequi.
1064 3543 1136 3598 Mihi
1155 3543 1265 3613 quidem
1276 3557 1324 3594 uon

236 3641 432 3695 veridissimile
450 3641 569 3699 videtur.
589 3640 713 3707 Tatium,
731 3659 794 3695 eum
813 3636 897 3695 αἰιλὸν
914 3641 986 3696 falso
998 3641 1186 3695 intellexisset
1204 3639 1324 3694 tibiam.

237 3759 289 3810 pro
308 3758 340 3794 eo
359 3742 510 3795 memoriae
528 3759 623 3796 errore
641 3741 744 3796 dixisse
763 3735 904 3810 σάλπιγγα
928 3745 956 3794 et
979 3741 1009 3794 iu
1032 3740 1127 3793 verbis
1150 3738 1245 3793 allatis
1262 3736 1325 3789 hano

238 3837 297 3892 fere
316 3839 403 3892 latere
423 3839 602 3892 sententiam:
620 3837 724 3892 ‘solem
742 3856 757 3892 e
775 3855 844 3892 cavo
865 3842 894 3892 et
916 3842 1035 3907 angusto
1060 3836 1121 3890 loeo
1140 3840 1279 3904 tamquam
1296 3849 1323 3886 ex

238 3934 311 3988 tibia
329 3933 388 3988 sive
407 3932 501 3987 fistula
520 3934 575 4002 (vel
594 3938 738 4002 tamquam
756 3951 807 4002 per
825 3932 948 3987 fistulam
961 3963 995 3972 —
1013 3951 1078 3987 nam
1096 3933 1146 3987 ille
1156 3949 1238 3986 cavus
1256 3930 1323 3984 loeus

240 4035 268 4085 et
278 4029 482 4083 Anaximandri
502 4031 567 4084 solis
586 4029 708 4085 nnuulus
729 4034 758 4084 et
776 4030 858 4084 huius
877 4030 973 4084 annuli
996 4023 1113 4100 στόμιον
1130 4028 1256 4099 intellegi
1272 4042 1324 4095 pos·

239 4126 287 4194 sit)
306 4124 395 4178 lucem
423 4124 561 4193 emittere,
589 4124 720 4180 similiter
744 4130 829 4195 atque
847 4126 928 4180 folles
956 4125 1060 4195 (aerem
1087 4141 1139 4194 per
1162 4125 1258 4180 tibiam
1275 4122 1324 4176 sire

239 4221 362 4277 fistulam
382 4220 536 4289 emittant).
