2882 4902
794 375 829 428 14

259 569 311 616 res
333 569 373 614 ex
395 553 512 615 natura
532 547 678 614 subiecta
699 545 749 629 (ἐκ
770 548 833 611 τοῦ
853 541 1084 632 ὑποκειμένου)
1106 549 1256 634 generari
1281 548 1365 615 velle

261 657 428 741 quadarn
450 656 578 742 ipsius
594 657 905 733 commutatione,
922 658 1057 725 alterum
1073 659 1366 726 contrariorum

260 767 498 846 secretione,
520 765 625 848 eddit;
661 817 720 846 „...
748 761 883 845 ἐνούσας
910 764 969 852 γὰρ
998 763 1056 846 τὰς
1081 762 1313 854 ἐναντιότητας
1336 765 1366 832 ἐν

259 878 306 963 τῷ
329 871 534 960 ὑποκειμένῳ
554 867 735 963 ἀπείρῳ
753 874 961 961 ἐκκρίνεσθαί
978 899 1078 964 φησιν
1096 870 1365 963 Ἀναξίμανδρος,

260 989 429 1071 πρῶτος
458 975 584 1064 αὐτὸς
613 977 732 1071 ἀρχὴν
755 976 953 1069 ὀνομάσας
982 983 1027 1052 τὸ
1057 982 1365 1071 ὖντοκείμενον“.

262 1097 361 1163 Cuius
384 1095 514 1180 quidem
536 1097 599 1162 loci
623 1098 652 1162 si
675 1095 913 1163 consideramus
933 1097 1090 1164 rationem
1106 1099 1364 1183 grammaticam,

261 1209 370 1277 statim
393 1205 513 1290 duplex
535 1207 674 1272 occurrit
706 1207 940 1290 interpretatio.
984 1203 1130 1291 Namque
1156 1209 1299 1292 primum
1322 1208 1366 1272 ita

261 1315 407 1399 intellegi
427 1323 542 1446 potest,
577 1323 612 1382 ut
630 1307 764 1401 (ἀρχὴν
786 1318 946 1401 pertineat
965 1316 1007 1383 ad
1029 1313 1283 1403 praedicatum
1293 1311 1365 1384 ὄνο-

261 1416 400 1510 petrae,
427 1420 479 1489 τὸ
502 1417 736 1506 ὕποκείμενον’
768 1433 823 1491 aut
824 1447 874 1492 em
897 1427 940 1492 sit
927 1429 1135 1508 tobicctum‚
1166 1429 1244 1504 sive,
1279 1429 1364 1512 quod

263 1533 414 1602 hocloco
437 1534 604 1618 idemtest,
643 1536 756 1618 (focile
786 1536 872 1602 enim
893 1538 1104 1603 sententiat
1078 1545 1125 1603 rta
1146 1547 1299 1623 mutatur,
1332 1545 1364 1602 nt

263 1665 358 1712 casus
379 1646 504 1729 obliqui
527 1651 693 1712 vertantur
723 1647 756 1711 in
787 1648 903 1726 rectos)
930 1647 1123 1723 subiectum,
1157 1649 1208 1714 eui
1239 1648 1363 1713 Anaxi-

263 1755 397 1822 mander
411 1757 533 1839 primus
548 1775 663 1822 nomen
683 1745 786 1840 ἀρχῆς
808 1756 1016 1841 imposuerit;
1039 1757 1157 1824 deinde
1173 1758 1229 1840 ita,
1251 1764 1290 1824 ut
1310 1753 1363 1822 ‘vri

261 1855 493 1948 ὑποκείμενον>
514 1866 675 1951 pertineat
697 1865 739 1931 ad
761 1865 992 1951 praedicatum,
1017 1886 1080 1931 vox
1101 1857 1233 1952 ‘deppae'
1254 1874 1363 1933 autern

262 1975 420 2041 rationem
441 1975 558 2041 habeat
579 1975 726 2058 subiecti,
750 1975 836 2058 qnod
853 1977 909 2041 ille
933 1977 1054 2060 primus
1076 1976 1196 2042 dixerit
1217 1972 1254 2040 ci
1280 1976 1362 2040 ὑπο-

262 2083 420 2167 κείμενον.

363 2195 507 2278 Utraque
518 2194 741 2280 interpretatio
753 2214 855 2279 perse
867 2215 970 2278 aeque
982 2195 1160 2280 probabilis
1174 2202 1230 2262 est.
1252 2197 1363 2261 Primo

264 2304 394 2387 quidem
411 2304 523 2371 obtutu
546 2326 596 2389 ea,
618 2326 714 2390 quam
729 2306 836 2392 priore
852 2306 921 2372 loco
937 2306 1111 2392 posuimus,
1135 2307 1317 2390 simplicior
1334 2312 1363 2370 et

263 2414 305 2480 ad
329 2414 550 2498 quotidianum
573 2415 725 2498 loquendi
749 2423 780 2481 et
797 2415 961 2499 cogitandi
985 2436 1078 2482 usum
1093 2416 1221 2482 videtur
1237 2437 1361 2482 aocom·

263 2523 423 2590 modatior
455 2543 541 2603 esse,
576 2530 607 2590 et
640 2532 771 2611 propter
801 2525 973 2590 articulum
1007 2532 1081 2591 ante
1114 2514 1363 2608 ‘effossura-»020³

264 2633 413 2721 positum,
438 2635 591 2700 omissum
614 2643 721 2701 antem
744 2642 818 2700 ante
838 2625 984 2719 (ἀρχὴν,
1008 2643 1040 2701 et
1062 2635 1139 2719 quia
1167 2631 1205 2698 τὸ
1227 2629 1363 2700 ὑποκεί-

262 2767 369 2828 μενον,
401 2743 521 2829 quippe
554 2744 639 2827 quod
669 2745 829 2829 significet
856 2765 921 2810 rem
944 2765 1002 2830 per
1024 2765 1059 2810 se
1082 2752 1295 2821 constantem,
1333 2751 1362 2810 et

262 2845 360 2939 ἀρχή,
394 2854 514 2940 quippe
537 2874 619 2937 quae
641 2875 705 2920 non
728 2875 795 2920 rem
818 2874 929 2939 perse
952 2862 1151 2920 constantem
1173 2855 1231 2921 sed
1253 2857 1361 2940 potius

262 2967 309 3031 rei
328 2985 385 3050 per
408 2985 443 3030 ee
473 2964 649 3030 constantis
669 2964 736 3028 vim
759 2964 920 3047 quandam
941 2985 979 3030 ac
1008 2966 1237 3049 proprietatem
1259 2965 1361 3048 signi·

263 3076 344 3158 ficet,
367 3075 414 3140 ita
433 3072 518 3140 inter
539 3094 574 3140 se
590 3073 717 3156 habent,
740 3082 775 3139 ut
790 3073 871 3139 illud
886 3095 945 3140 sua
960 3075 1064 3160 ipsius
1079 3081 1195 3140 natura
1212 3073 1360 3156 subiecti,

261 3184 324 3250 hoe
351 3192 457 3250 autem
493 3182 670 3268 praedicati
702 3183 859 3280 rationem
890 3183 1010 3250 habere
1040 3184 1199 3250 videatur.
1243 3184 1362 3249 Verum

263 3295 366 3360 altera
387 3312 513 3376 quoque
536 3293 760 3376 interpretatio
783 3301 815 3358 et
838 3313 909 3359 oum
934 3294 1042 3376 graeci
1069 3293 1226 3359 sermonis
1249 3313 1308 3358 usu
1334 3299 1363 3358 ct

264 3423 336 3468 cum
358 3401 499 3469 naturali
521 3402 646 3468 ratione
669 3401 834 3485 cogitandi
857 3403 986 3468 omnino
1010 3402 1166 3469 convenit.

364 3513 505 3578 Primum
529 3513 633 3595 enim,
656 3513 804 3594 quamvis
826 3513 1026 3579 articulus
1049 3520 1138 3578 ante
1161 3511 1363 3597 praediea-

264 3629 341 3688 tum
363 3623 465 3689 rarior
487 3621 538 3696 sit,
563 3629 694 3706 propter
715 3621 820 3706 ipsam
841 3621 1021 3706 praedicati
1045 3622 1217 3704 rationem,
1241 3621 1362 3704 quippe

225 3745 229 3752 ·
265 3733 350 3817 quod
367 3733 553 3818 plerumque
569 3750 631 3795 non
645 3737 744 3797 totum
763 3731 821 3797 sed
841 3732 951 3813 aliqua
966 3733 1068 3797 solnm
1086 3751 1145 3797 sua
1158 3738 1250 3816 parte
1268 3730 1362 3794 intel·

264 3843 398 3929 legatur,
420 3842 602 3908 necessario
617 3847 724 3906 tamen
741 3840 879 3925 ponitur,
903 3842 932 3906 si
952 3843 1051 3921 notio,
1074 3860 1157 3923 quae
1174 3839 1362 3924 praedicato

267 3952 455 4029 continetur,
478 3969 542 4016 non
564 3969 759 4016 commune
782 3949 938 4033 aliquid
960 3951 1131 4034 signifieat,
1154 3948 1240 4033 quod
1259 3949 1362 4015 solum

265 4059 376 4144 aliqua
397 4081 456 4128 sua
477 4065 569 4146 parte
591 4080 696 4142 neque
711 4067 819 4126 autem
834 4068 901 4126 toto
915 4080 974 4126 suo
989 4061 1112 4126 ambitu
1128 4060 1274 4126 subiecto
1289 4079 1363 4125 oon·

265 4169 384 4253 veniat,
405 4186 514 4236 verum
537 4167 567 4235 si
589 4168 752 4252 significat
779 4189 896 4234 unum
919 4167 1077 4252 aliquid
1100 4169 1363 4251 omnibusque

265 4279 436 4348 numeris
458 4278 700 4363 definitum·
721 4279 806 4363 qnod
837 4285 955 4345 totum
987 4278 1130 4346 subiecto
1152 4278 1362 4359 contineatur,
