2850 4904
621 387 675 441 213

90 579 273 644 pronomen
293 561 396 623 τοῦτο
419 559 606 643 adpositum
621 566 682 640 est3
710 579 773 643 quo
790 563 987 644 pronomine·
1001 554 1039 624 τὸ
1051 549 1202 643 ἄπειρον,

91 691 164 736 oum
187 671 296 753 ipsum
319 668 352 732 in
375 670 520 734 oratione
543 676 731 752 antegressa
753 669 893 748 noudum
917 676 1127 737 memoratum
1149 674 1198 755 sit,

91 778 141 843 ad
171 777 371 862 cognitam
413 777 539 862 ipsius
578 778 780 844 notionem
815 779 961 856 retertur,
998 785 1109 861 estque
1144 773 1203 843 ‘ro

90 877 235 970 ἄπειρον
254 887 366 950 τοῦτο’
402 887 488 954 idem
510 894 608 970 atquo
634 886 767 954 ‘notum
789 887 871 953 illud
893 876 1120 972 infinitum''¹);
1156 888 1203 954 ita

89 1004 202 1063 autem
223 995 381 1081 appellari
413 1017 478 1062 non
504 1003 612 1077 potest
638 994 702 1061 nisi
724 995 766 1074 id,
795 995 881 1080 quod
912 997 954 1062 ab
976 1016 1041 1062 uno
1068 1004 1201 1081 tantum,

90 1113 159 1188 aut,
183 1108 209 1172 si
232 1106 423 1186 apluribus,
448 1106 489 1170 ab
513 1105 656 1171 omnium
677 1105 783 1189 primo
803 1105 942 1190 positum
966 1107 1016 1188 sit,
1038 1113 1094 1172 aut
1116 1106 1201 1189 quod

91 1216 135 1281 ob
158 1213 256 1280 aliam
280 1210 443 1296 quandam
470 1229 620 1277 caussam
642 1230 722 1295 prae
758 1213 874 1278 ceteris
911 1214 1041 1278 omniuo
1074 1211 1202 1295 insigne

91 1323 147 1390 sit.
192 1322 311 1388 Verum
342 1322 381 1386 τὸ
403 1310 543 1403 ἄπειρον
565 1323 663 1386 τοῦτο
693 1322 803 1388 statim
835 1324 867 1388 in
899 1322 1013 1389 eodem
1045 1323 1202 1389 vocabulo

91 1433 279 1499 accuratius
301 1432 401 1498 etiam
423 1431 574 1498 delinitur
597 1453 644 1510 eo,
668 1431 754 1514 quod
777 1432 962 1516 adponitur,
984 1425 1022 1496 (ὅ
1043 1455 1128 1509 τινες
1152 1430 1204 1496 λε’-

91 1565 188 1626 γουσι
209 1536 268 1628 τὴν
289 1532 422 1624 ἀρχήν’;
446 1541 479 1606 in
501 1560 566 1624 qua
579 1540 786 1627 adpositione
808 1541 1133 1608 animadvertendum
1146 1549 1205 1625 est,

91 1652 185 1718 aliud
208 1671 290 1734 esse,
311 1645 370 1739 τὴν
391 1650 490 1736 ἀρχὴν
511 1651 619 1717 dicere
640 1640 808 1733 ‘dnsrpov'
832 1659 864 1718 et
884 1646 943 1737 τὴν
964 1648 1065 1734 ἀρχὴν
1092 1651 1201 1718 dicere

89 1761 152 1826 ‘vd
174 1749 346 1841 dnscoov'3
389 1781 464 1826 nam
490 1759 547 1827 illo
569 1759 702 1826 dicendi
734 1759 828 1827 modo
861 1766 986 1826 tantum
1017 1781 1088 1834 oum
1117 1760 1204 1842 prin-

92 1871 175 1955 oipii
209 1871 340 1937 notione
374 1869 462 1936 notio
496 1869 614 1935 infiniti
643 1878 809 1953 tamquam
845 1870 1005 1953 quaedam
1038 1870 1205 1936 attributio

93 1981 312 2062 coniungitur,
346 1979 407 2045 hoo
434 1986 543 2045 autem
565 1979 660 2045 modo
690 1979 722 2044 in
754 1979 828 2064 ipsa
860 1979 1014 2064 principii
1047 1978 1205 2044 infinitate

94 2091 235 2154 maxime
256 2088 329 2172 ipsa
350 2087 506 2173 principii
530 2088 579 2154 vis
594 2090 732 2172 ponitur.
778 2087 1007 2172 significantur
1029 2087 1130 2171 igitur
1151 2089 1205 2154 illo

46 2278 48 2282 f
93 2200 254 2266 vocabulo
288 2217 352 2263 non
387 2216 497 2262 omnes
532 2196 565 2279 ii,
599 2195 656 2279 qui
681 2215 786 2262 rerum
807 2196 1002 2281 principium
1035 2196 1207 2262 statuerint

94 2310 158 2376 inf
165 2307 309 2374 initum
335 2327 416 2390 osse,
445 2306 502 2373 sed
521 2307 555 2371 ¹ii
578 2313 712 2389 tantum,
744 2307 800 2389 qui
832 2306 1030 2391 principium
1065 2304 1207 2373 dixerint

95 2419 136 2484 id
158 2418 263 2500 quod
295 2417 400 2484 esset
422 2417 634 2494 infinitum,
666 2417 723 2498 qui
750 2415 849 2498 igitur
882 2416 915 2479 in
950 2415 1024 2500 ipsa
1056 2413 1205 2498 principii

96 2528 256 2594 infinitate
290 2526 429 2593 maxime
464 2525 567 2611 ipsam
604 2524 756 2609 principii
788 2526 854 2590 vim
891 2525 1066 2610 posuerint.
1117 2525 1206 2590 Haeo

94 2643 206 2703 autem
222 2636 341 2713 omnia,
365 2655 449 2720 quae
471 2636 527 2701 illo
542 2636 699 2701 vocabulo
712 2635 868 2714 contineri
890 2633 1037 2711 vidimus,
1058 2634 1205 2699 inunum

96 2744 375 2810 Anaximandrum
390 2743 518 2810 eadunt.
544 2743 687 2809 Primum
700 2745 801 2836 enim,
829 2744 899 2827 ipso
915 2742 1090 2809 Aristotele
1113 2749 1206 2823 teste,

96 2855 243 2939 plerique
278 2853 405 2935 quidem
441 2853 567 2938 physici
602 2852 797 2937 principium
828 2853 1014 2918 statuebant
1048 2851 1205 2918 infinitum

96 2983 177 3038 esse,
213 2963 300 3046 quod
332 2962 461 3046 quidem
485 2963 645 3030 infinitum
668 2962 863 3047 principium
897 2961 954 3026 alii
987 2981 1112 3046 aquam,
1147 2960 1205 3026 alii

96 3093 215 3150 acrem,
238 3072 294 3138 alii
306 3080 454 3139 naturam
476 3072 560 3139 inter
576 3072 656 3139 haee
673 3072 813 3138 mediam
828 3073 1006 3157 ponebant3
1021 3091 1205 3154 —quorum

96 3205 137 3248 ne
160 3182 234 3265 quis
258 3181 368 3248 credat
390 3183 494 3248 nullos
525 3183 568 3249 ad
598 3189 741 3249 nostrum
774 3184 879 3249 locum
913 3185 1081 3268 pertinere,
1111 3201 1205 3265 repn-

97 3292 230 3359 tandum
247 3299 305 3376 est,
329 3293 416 3376 quod
430 3313 529 3378 supra
539 3293 830 3360 demonstravimus
846 3286 884 3356 τὸ
902 3287 992 3375 παρὰ
1003 3289 1043 3354 τὰ
1057 3293 1206 3371 στοιχεῖα

97 3409 130 3468 et
150 3395 190 3464 τὸ
212 3395 334 3483 pacet
359 3401 446 3483 apud
467 3402 672 3468 Aristotelem
696 3401 830 3468 eandem
853 3423 920 3468 rem
943 3402 1140 3486 significarc3
1165 3439 1205 3447 --

98 3510 156 3576 sed
179 3512 302 3576 nullum
324 3514 464 3577 omnium
496 3513 615 3578 seimus
642 3518 770 3596 praeter
799 3532 895 3577 unum
918 3510 1205 3588 Anaximandrum,

98 3620 152 3702 qui
168 3619 366 3703 principium
387 3619 507 3686 dixerit
529 3619 570 3685 id
592 3621 698 3703 quod
718 3627 828 3687 esset
849 3620 1069 3686 infinitum.
1114 3621 1206 3685 Hune

99 3729 185 3794 enim
209 3730 311 3794 solum
336 3749 446 3795 omnes
476 3736 600 3795 veteres
629 3731 802 3813 scriptores
831 3729 906 3796 inde
937 3729 1205 3813 aTheophrasto

100 3859 162 3904 uuo
186 3858 242 3905 ore
264 3839 407 3904 referunt
429 3859 493 3904 non
515 3833 576 3922 τήν
597 3832 698 3926 ἀρχὴν
721 3837 841 3905 dixisse
855 3829 994 3922 ἄπειρον
1010 3838 1067 3904 sed
1082 3838 1204 3905 dixisse

100 4055 300 4062 --——--

160 4155 168 4170 ι
207 4187 234 4256 1)
252 4186 294 4240 De
312 4185 365 4240 hac
387 4186 592 4257 significatione
610 4169 879 4255 pronominis'oirtoc
905 4185 961 4239 vid.
981 4183 1069 4238 Math.
1090 4184 1136 4238 Gr.
1157 4184 1204 4237 Gr.
1308 4245 1313 4259 ι

100 4285 161 4348 470,
180 4285 210 4352 4;
230 4283 386 4340 Stallbuum
406 4283 442 4338 ad
461 4282 647 4338 Plat.Phaod.
663 4284 705 4344 69,
728 4283 756 4336 C.
777 4281 818 4336 uf.
837 4285 983 4350 praeterea
1002 4298 1087 4349 supra
1104 4299 1132 4349 p.
1147 4282 1205 4334 111.
