2864 4910
745 369 798 420 410

230 540 305 605 dum
328 539 525 604 ratiocinans
533 542 569 616 ¹J:
598 538 717 616 ,Omne
733 559 849 622 corpus
872 540 1112 606 naturaliter
1132 545 1280 607 movetur
1301 541 1329 603 in

229 650 369 732 aliquem
402 651 507 714 locum
534 656 566 714 et
599 651 836 714 naturaliter
870 651 904 714 in
937 649 1046 732 aliquo
1078 649 1149 714 loco
1181 648 1328 732 quiescit,

229 767 326 840 atque
341 759 375 822 in
394 757 506 822 eodem
522 757 664 840 quidem,
687 759 721 823 in
736 777 831 840 quem
847 761 1037 824 naturaliter
1055 765 1216 837 movetur3
1239 765 1329 839 atquc

230 869 257 932 si
281 867 367 949 quod
389 885 503 950 corpus
532 867 580 942 vi,
614 867 648 931 id
673 873 732 949 est,
766 887 908 932 caussa
931 874 1095 934 externa
1126 870 1159 932 in
1190 868 1328 950 aliquem

230 977 336 1040 locum
358 980 503 1039 movetur
524 975 557 1038 in
580 992 683 1056 eoque
705 977 742 1039 vi
766 976 914 1057 quiescit,
937 974 1022 1041 idem
1044 995 1160 1058 eorpus
1183 985 1329 1040 natura·

127 1117 129 1122 ·
229 1085 325 1149 liter
346 1086 384 1148 in
406 1084 525 1148 alium
546 1083 669 1148 locum
701 1091 847 1150 movetur
878 1087 911 1150 iu
943 1105 1047 1168 eoque
1069 1087 1220 1168 quiescit.
1264 1085 1327 1148 Iam

230 1215 306 1260 vero
329 1200 361 1258 et
383 1195 429 1258 illi
453 1192 645 1278 philosophi,
669 1193 844 1276 dequibus
866 1194 1020 1278 diximus,
1044 1201 1075 1260 et
1098 1196 1131 1259 in
1146 1196 1328 1261 universum

230 1324 372 1386 omnes,
394 1304 460 1385 qni
482 1303 659 1368 mnndum
681 1311 911 1387 generatum
933 1323 1019 1370 esse
1043 1305 1184 1376 volunt,
1215 1311 1326 1369 terram

229 1419 372 1478 statuunt
394 1419 425 1478 et
448 1413 484 1477 vi
509 1412 542 1476 in
564 1412 670 1478 medio
691 1413 805 1478 mundi
827 1413 898 1480 loco
923 1433 1085 1478 manere
1117 1420 1149 1478 et
1179 1415 1221 1478 vi
1244 1415 1327 1478 initio

231 1524 262 1586 in
285 1521 369 1586 hunc
392 1523 496 1587 locum
518 1530 753 1605 congestam
777 1542 874 1588 esse.
919 1523 1005 1588 Nam
1020 1543 1169 1589 caussam
1190 1523 1326 1605 quidem,

231 1651 295 1712 qua
317 1630 477 1696 efficiente
505 1637 591 1696 terra
613 1633 645 1696 in
670 1630 812 1696 medinm
838 1632 949 1697 mundi
975 1632 1082 1697 locum
1104 1637 1259 1714 congesta
1282 1632 1326 1706 sit,

230 1759 362 1805 omnes
384 1741 521 1806 dicunt
542 1742 730 1807 vorticem
761 1738 877 1824 (δίνην)
905 1761 985 1820 csse,
1017 1761 1058 1807 ea
1080 1741 1167 1807 ducti
1197 1741 1325 1816 ratione,

232 1849 318 1929 quod
339 1848 372 1913 in
394 1850 445 1929 iis,
467 1869 552 1931 quae
572 1849 695 1914 vortice
727 1852 994 1933 circumaguntur,
1026 1851 1114 1916 velut
1137 1849 1171 1914 in
1192 1868 1279 1932 aqua
1298 1855 1326 1912 et

231 1977 315 2040 aere,
345 1961 486 2023 maxima
508 1979 655 2041 quaeque
689 1969 721 2025 et
752 1961 947 2042 gravissima
977 1959 1011 2024 in
1045 1959 1178 2024 vorticis
1208 1965 1325 2042 partem

232 2067 370 2132 mediam
394 2070 595 2132 conveniant.
640 2070 689 2133 De
721 2088 839 2133 caussa
859 2075 976 2149 autem,
1010 2089 1067 2133 cur
1096 2074 1184 2133 terra
1214 2069 1248 2131 in
1271 2065 1325 2130 hac

232 2195 291 2240 sua
314 2176 390 2241 sede
414 2166 552 2258 riraneat,
575 2177 780 2243 dissentiunt.
825 2177 975 2260 Plerique
1004 2179 1090 2243 enim
1122 2196 1193 2242 eam
1227 2177 1260 2240 in
1290 2194 1324 2238 eo

232 2291 364 2367 ponunt,
389 2286 476 2367 quod
502 2293 631 2370 propter
653 2287 789 2369 figuram
811 2288 941 2370 planam
963 2307 1049 2368 aqua
1064 2286 1262 2352 sustineatur
1275 2289 1324 2349 aut

231 2412 316 2475 aere,
339 2395 426 2459 volnt
447 2394 579 2478 Thales,
605 2396 834 2477 Anaximenes,
867 2396 1089 2478 Anaxagoras,
1114 2395 1324 2464 Democritus

232 2502 346 2584 aliqui,
366 2503 636 2584 quemadmodum
653 2504 874 2589 Empedocles,
899 2506 933 2569 in
956 2524 1003 2582 eo,
1027 2504 1113 2586 quod
1130 2506 1227 2570 celeri
1249 2501 1323 2569 coeli

231 2612 439 2676 conversione
456 2613 490 2676 in
502 2632 560 2677 suo
583 2615 654 2678 loco
667 2610 858 2694 retineatur}
883 2613 1029 2678 nonnulli
1046 2613 1198 2695 denique,
1218 2631 1324 2694 quem-

230 2718 402 2783 admodum
423 2721 461 2784 in
484 2721 660 2804 antiquis
689 2721 989 2800 Anaximander,
1010 2722 1045 2786 in
1070 2742 1118 2798 eo,
1152 2721 1238 2804 quod
1260 2719 1323 2784 ubi-

232 2847 293 2909 que
317 2829 430 2894 eodem
452 2830 622 2896 intervallo
643 2851 663 2896 a
686 2831 820 2896 circuitu
845 2830 959 2896 distet“
973 2833 1010 2907 ²).

333 3090 359 3156 l)
379 3088 450 3142 Ibid.
470 3089 545 3142 2941>
560 3091 595 3141 30
613 3106 653 3157 sq.

331 3187 358 3251 2)
378 3185 422 3238 Ex
441 3203 492 3239 usu
511 3191 561 3252 est,
583 3186 764 3256 gravissimas
775 3187 862 3255 ipsius
882 3187 935 3241 loci
947 3192 1040 3255 partes
1054 3187 1109 3240 hnc
1121 3185 1321 3240 transscribere·

232 3281 381 3350 Postquam
400 3283 489 3352 igitur
507 3283 674 3337 Aristoteles
693 3283 798 3346 (iudea
817 3283 895 3336 2941>
908 3286 952 3351 30)
971 3284 1111 3352 exposuit,
1130 3301 1213 3337 omne
1231 3295 1322 3348 corpus

231 3379 445 3432 naturaliter
465 3380 494 3432 in
513 3380 636 3449 aliquem
655 3381 748 3434 locum
767 3381 873 3434 moveri
897 3385 926 3433 et
952 3380 981 3433 in
999 3380 1053 3434 hoc
1071 3380 1169 3434 eodem
1196 3381 1254 3433 loco
1272 3393 1321 3429 na·

231 3475 400 3529 turaliter
418 3475 568 3543 quiescere,
587 3493 638 3530 nec
655 3475 717 3530 fieri
735 3494 824 3545 posse,
853 3481 885 3528 ut
905 3493 1006 3544 eorpus
1026 3475 1141 3543 aliquod
1165 3475 1199 3528 vi
1222 3473 1321 3528 solum

232 3576 378 3626 moveatur
396 3576 425 3625 et
443 3571 576 3640 quiescat,
596 3573 636 3625 ita
655 3573 750 3642 pergit
767 3572 852 3641 (295⁸
867 3571 911 3641 ll:
937 3566 1021 3639 ,illd
1040 3571 1099 3642 μὴν
1116 3576 1143 3624 εἴ
1163 3575 1200 3640 γέ
1219 3571 1272 3623 ἐστι
1290 3573 1322 3618 zl-

232 3672 308 3734 νησίς
325 3687 364 3726 τις
384 3664 466 3720 κατὰ
488 3663 603 3738 φύσιν,
621 3664 670 3720 οὐκ
688 3661 724 3722 ἂν
741 3666 757 3734 ἡ
776 3673 888 3735 βίαιος
908 3674 949 3734 εἴη
967 3663 1043 3737 φορὰ
1061 3661 1153 3738 μόνον
1172 3660 1231 3720 οὔδ’
1248 3663 1271 3734 [ἡ
1286 3666 1321 3730 βί-

231 3783 290 3823 αιος
301 3761 400 3834 μόνον]
419 3760 563 3835 ἠρέμησις·
583 3760 647 3818 ὥστ’
667 3769 690 3817 εἰ
701 3771 748 3834 βίᾳ
766 3766 816 3819 νῦν
835 3763 850 3831 ἡ
867 3766 903 3834 γῆ
915 3768 1003 3835 μένεις
1021 3767 1067 3816 καὶ
1086 3763 1223 3830 συνῆλθεν
1242 3752 1320 3816 lutri

231 3867 322 3932 μέσον
340 3861 417 3931 [βίᾳ],
436 3866 610 3932 φερομένη
630 3858 686 3914 διὰ
705 3859 763 3928 τὴν
782 3862 929 3928 δίνησιν·
950 3856 1321 3929 ταύτηνγὰρτὴναίιίαν

233 3953 355 4017 πάντες
374 3963 501 4028 λέγουσιν
522 3960 552 4012 ἐκ
571 3959 625 4012 τῶν
643 3961 674 4012 ἓν
692 3965 747 4016 τοῖς
766 3956 858 4027 ὑγροῖς
875 3962 920 4010 καὶ
938 3962 1002 4026 περὶ
1019 3956 1068 4010 τὸν
1086 3953 1154 4026 ἀέρα
1168 3946 1320 4028 συμβαινόν-

232 4071 299 4109 των·
319 4058 350 4110 ἐν
365 4051 468 4115 τούτοις
484 4055 538 4125 γὰρ
558 4061 668 4127 φέρεται
688 4054 722 4108 τὰ
739 4060 823 4126 μείζω
841 4059 886 4108 καὶ
906 4053 938 4107 τὰ
958 4048 1090 4124 βαρύτερα
1109 4051 1182 4122 πρὸς
1199 4051 1230 4108 τὸ
1240 4055 1320 4122 μέσον

231 4156 277 4219 τῆς
295 4154 377 4219 δίνης.
402 4152 452 4206 διὸ
474 4150 510 4219 δὴ
529 4151 663 4218 καὶ·ιὴν
685 4154 749 4220 γῆν
767 4146 897 4218 πάντες,
915 4147 992 4204 ὅσοι
1013 4149 1071 4203 τὸν
1096 4146 1243 4219 οὐρανὸν
1259 4163 1320 4217 γεν-

233 4251 340 4312 νῶσιν,
358 4251 405 4302 lul
422 4247 453 4303 ui
480 4254 571 4319 μέσον
598 4253 741 4303 συνελθεῖν
766 4254 855 4320 φασίν
882 4248 1032 4315 (sententia
1056 4252 1099 4300 est
1118 4246 1199 4300 haec:
1228 4257 1320 4307 omnes,
