2864 4904
773 361 824 416 122

349 533 440 598 Unus
462 538 587 598 tantum
609 537 709 599 restat
737 533 827 600 locus
856 532 899 597 ab
923 519 1083 599 ⁸omnibus
1112 531 1275 617 prioribus
1294 528 1335 594 di·

247 661 368 718 versus,
393 643 447 725 qui
470 643 610 726 pertinet
633 641 676 707 ad
699 662 772 708 eum
793 642 980 708 Aristotelis
1002 644 1117 718 locum,
1148 663 1211 724 quo
1228 639 1337 707 solois

248 758 403 818 memorat
423 756 571 817 naturam
597 751 680 818 inter
702 759 844 833 aquarn
874 757 912 816 et
933 750 944 814 i
951 771 1064 834 gnem
1085 751 1224 817 mediam
1233 753 1263 830 ¹).
1303 749 1336 812 ln

249 860 343 925 huius
366 859 465 944 igitur
486 859 549 926 loci
571 860 789 944 explicatione
812 859 1001 944 Simplicius
1025 879 1083 944 pro
1113 880 1163 937 eo,
1194 859 1278 942 qnod
1300 857 1336 922 ab

249 969 431 1046 Aristotele,
454 968 573 1035 dicitur
583 969 704 1050 μεταξὺ
724 963 842 1045 ὕδατος
857 967 911 1032 καὶ
926 961 1041 1049 πυρός,
1064 969 1253 1052 simpliciter
1265 964 1338 1032 dicii

245 1075 300 1142 ‘ab
323 1067 462 1157 rrsrol’d'
494 1079 584 1143 nulla
606 1078 835 1144 elementorum
858 1077 1086 1160 designatione
1111 1077 1231 1149 addita.
1257 1073 1337 1158 qood

227 1185 335 1278 'idem
367 1185 587 1252 a'l'hemistio
615 1206 741 1269 quoquc
777 1183 918 1252 vidimus
945 1185 1024 1269 lieri,
1055 1187 1180 1269 hocque
1211 1206 1269 1250 non
1299 1182 1337 1247 ad

249 1295 528 1362 Anaximandrum
550 1296 608 1362 sed
629 1295 672 1362 ad
694 1295 873 1378 Diogenem
888 1297 1127 1379 Apolloniatem
1150 1289 1335 1379 refertbed

249 1426 323 1472 num
346 1406 426 1472 haec
449 1426 561 1472 revera
584 1413 690 1490 potest
704 1405 865 1490 Simplicii
890 1406 1050 1472 sententia
1065 1405 1164 1473 esse?
1184 1423 1254 1470 nom
1274 1421 1335 1467 cre
1419 1388 1420 1411 ¹

249 1515 351 1582 dibile
365 1522 432 1598 est,
455 1535 537 1598 eum,
569 1515 710 1599 quinon
742 1516 845 1581 solum
867 1495 1105 1598 reliqnis'loois
1128 1515 1277 1590 omnibus,
1307 1515 1336 1575 et
1419 1507 1420 1526 ¹

250 1623 301 1708 iis,
324 1623 379 1707 qui
401 1624 595 1692 antecedunt
622 1625 705 1691 huno
733 1626 838 1690 locum
870 1625 982 1707 etqui
1003 1644 1077 1690 eum
1098 1632 1276 1707 sequuntur,
1299 1619 1335 1684 τὸ

248 1733 368 1817 μεταξὺ
400 1733 442 1798 ad
475 1753 572 1798 unum
597 1733 872 1800 Anaximandrum
906 1732 1073 1815 rettulerit,
1106 1751 1215 1799 verum
1247 1733 1335 1798 etiam
1419 1723 1420 1746 ¹

249 1843 374 1909 dnobus
396 1843 476 1908 locis
499 1843 695 1934 antegressis
717 1841 830 1908 dedita
852 1862 953 1926 opera
976 1849 1008 1908 et
1030 1863 1048 1908 e
1067 1841 1285 1926 Theophrasto
1304 1843 1334 1904 ct

251 1973 291 2017 ex
315 1951 417 2035 ipsius
440 1952 598 2034 Diogenis
619 1951 750 2036 scriptis
773 1950 1051 2033 demonstraverit,
1079 1950 1236 2034 Diogenis
1256 1949 1332 2034 prin·

251 2059 371 2143 cipium
390 2081 507 2139 aerem,
531 2080 590 2126 neo
615 2080 691 2125 vero
712 2058 750 2124 τὸ
762 2055 883 2140 μεταξὺ
906 2077 987 2136 esse,
1010 2079 1095 2143 num,
1117 2061 1254 2142 inquam,
1277 2077 1336 2122 cre·
1419 2074 1420 2081 ¹

250 2169 352 2235 dibile
374 2176 432 2253 est,
456 2169 540 2235 bunc
559 2169 696 2235 eundem
709 2189 746 2234 eo
769 2174 921 2253 tempore,
944 2189 1015 2234 curn
1037 2167 1123 2234 huno
1144 2170 1246 2234 locum
1266 2165 1336 2232 scri-

251 2278 350 2361 beret,
372 2277 411 2341 τὸ
431 2277 552 2359 μεταξὺ
578 2276 744 2362 putavisse
771 2275 815 2341 ad
836 2276 1015 2359 Diogenem
1037 2275 1209 2360 pertinere,
1239 2274 1335 2360 paullo
1419 2281 1420 2302 ¹

250 2395 358 2455 autem
379 2394 452 2473 post
473 2387 556 2452 bano
578 2386 763 2472 opinionem
786 2406 896 2452 rursus
918 2386 1130 2472 deposuisse?
1156 2385 1225 2451 Hoc
1246 2384 1335 2467 igitur

251 2501 278 2565 si
299 2497 487 2564 incredibile
511 2503 569 2576 est,
591 2496 670 2562 nihil
691 2501 803 2579 restat,
823 2496 885 2562 nisi
898 2501 941 2561 ‚ut
962 2496 1014 2562 ille
1037 2496 1107 2579 ipse
1129 2495 1217 2561 locus
1238 2491 1334 2560 creda

250 2612 300 2672 tur
321 2607 427 2689 aliquo
453 2604 531 2671 vitio
554 2605 701 2673 adfectus
728 2624 808 2671 esse.
853 2606 957 2686 Atque
980 2624 1040 2686 ego
1071 2603 1202 2685 quidem
1222 2619 1335 2680 censeo,

178 2710 183 2720 '
249 2737 321 2782 cum
342 2717 403 2780 iste
425 2717 513 2781 locus
532 2735 615 2781 nunc
639 2717 684 2780 sie
706 2715 846 2798 legatur:
869 2707 934 2796 „dg
958 2713 1065 2798 Θαλῆς
1086 2711 1146 2795 μὲν
1168 2707 1253 2794 ὕδωρ
1274 2761 1280 2775 .
1301 2757 1334 2774 ..

248 2814 460 2907 Ἀναξιμένης
482 2819 517 2886 δὲ
538 2821 626 2906 ἀέρα,
653 2820 805 2905 Διογένης
839 2818 875 2886 δὲ
905 2819 943 2886 τὸ
964 2815 1118 2905 μέταξύιι,
1152 2821 1335 2906 Simplicium
1419 2844 1420 2867 ι

251 3004 446 3016 ,,,--,,,-

250 3107 484 3182 καὶμανούμινον
493 3106 526 3162 τὰ
536 3103 604 3161 ἄλλα
614 3103 779 3162 ἀποδιδόναι
795 3115 884 3178 φασίν
903 3108 954 3178 [sic
972 3108 1150 3164 scribendum
1168 3126 1220 3177 pro
1239 3102 1334 3178 preld,

249 3201 368 3261 αὐτόθεν
384 3201 487 3271 ἀληθὲς
505 3201 534 3258 τὸ
552 3199 730 3277 λεμόμενον.“
753 3205 843 3259 Locus
852 3209 948 3273 aperte
967 3209 1115 3274 corruptus
1134 3205 1195 3258 sine
1213 3203 1334 3257 librorum

251 3304 357 3358 auxilio
369 3321 425 3357 non
435 3307 511 3358 certo
521 3302 781 3371 emendaripotest3
801 3318 871 3370 quae
886 3301 947 3356 ausi
965 3319 1059 3355 snmus
1069 3306 1189 3362 mumre,
1207 3303 1278 3354 certe
1289 3295 1335 3350 loci

250 3400 405 3456 sententiae
426 3399 539 3454 omnino
558 3399 735 3468 respondent.
773 3397 854 3465 Quod
872 3397 1031 3467 Simplicius
1048 3397 1258 3452 Anaximandro
1275 3395 1299 3448 h.
1319 3392 1334 3444 l.

249 3497 496 3552 tribuerevidetur
515 3496 759 3551 condennationem
778 3499 806 3548 et
818 3494 1043 3562 accelerationem,
1063 3512 1146 3563 quem
1159 3488 1334 3564 generationis

250 3593 364 3649 modum
381 3593 443 3647 aliis
462 3593 530 3648 locis
548 3593 585 3647 ab
608 3610 639 3646 eo
660 3592 810 3654 abiudicat‚
833 3592 862 3645 id
885 3591 940 3646 alio
966 3592 1026 3646 loco
1048 3591 1206 3646 accuratius
1227 3587 1333 3658 explica·

250 3687 335 3744 bitur.

351 3787 375 3852 l)
393 3784 476 3853 Phys.
490 3783 511 3850 l,
521 3785 546 3838 6.
567 3782 636 3838 18910
651 3786 680 3838 2:
701 3784 801 3852 dequo
813 3784 876 3838 loco
887 3801 971 3852 supra
989 3800 1016 3853 p.
1026 3784 1070 3848 64,
1083 3783 1100 3834 2
1113 3787 1142 3836 et
1158 3783 1207 3836 115
1218 3781 1335 3836 diximus.

348 3883 375 3948 2)
394 3881 491 3951 Simpl.
510 3881 593 3951 Phys.
612 3883 656 3950 44,
675 3899 700 3950 s,
723 3885 796 3950 part.
816 3881 879 3935 inlr
906 3882 949 3950 „ot
971 3884 1041 3951 μίαν
1064 3873 1151 3950 φύσιν
1174 3876 1335 3932 oneramur

249 3983 306 4036 τοῖς
324 3977 464 4046 ἐναντίοις,
484 3977 520 4030 δι’
540 3973 572 4045 ἣν
591 3976 622 4032 ἓν
639 3978 670 4031 τὸ
688 3979 746 4032 πᾶν
763 3979 866 4047 ἔλεγον,
885 3977 917 4030 ἐκ
940 3971 1035 4042 ταύτης
1052 3976 1172 4045 γεννῶσι
1193 3971 1226 4030 τὰ
1248 3967 1334 4037 πάντα,

251 4070 287 4132 ὡς
304 4074 393 4139 Θαλῆς
412 4073 469 4144 μὲν
487 4068 571 4142 ὕδωρ,
588 4067 763 4142 Ἡράκλειτος
786 4074 817 4128 cl
841 4073 905 4143 πῦρ,
925 4069 1110 4144 Ἀναξιμένης
1132 4071 1164 4126 δὲ
1183 4067 1259 4140 ἀέρα,
1281 4073 1334 4123 Δαι-

250 4172 331 4238 ysopa
351 4168 382 4222 dl
401 4166 436 4222 τὸ
454 4162 601 4239 μεταξὺ.“
639 4169 770 4238 Suspicor
796 4169 971 4238 Simplicium
989 4168 1145 4237 scripsisse:
1164 4195 1214 4238 „-
1233 4163 1335 4224 ’Amb-

249 4269 335 4335 μένης
354 4265 385 4319 cl
406 4260 473 4336 ἀέρα
490 4267 544 4318 acl
563 4269 706 4335 Διογένης,
723 4261 1051 4337 Ἀναξίμανδροςηδὲ
1069 4261 1100 4318 τὸ
1118 4257 1242 4336 μεναξὺ“.
