2864 4910
749 373 803 425 390

323 545 358 610 Si
382 542 585 610 Parmenidis
604 563 742 610 coronae
764 549 839 608 suut
863 544 958 608 orbes
980 544 1169 608 annulorum
1191 542 1323 620 similet,

224 654 305 720 haec
326 673 378 720 res
400 673 465 718 non
494 654 585 738 parvi
607 653 762 718 momenti
787 651 902 718 estad
926 651 1147 718 confirmanda
1169 672 1216 732 ca,
1242 671 1322 733 quae

224 764 265 829 de
276 763 377 848 ipsius
391 763 624 830 Anaximandri
635 761 782 829 doctriua
792 763 1040 846 disputavimus,
1052 769 1232 846 propterca,
1241 759 1323 842 quod

224 857 530 939 interParmenideu
540 880 573 938 et
581 873 855 938 Anaximandrum
866 873 974 953 aliqua
983 870 1189 938 necessitudo
1200 871 1323 935 videtur

225 981 433 1046 intercedere.
479 981 603 1046 Etenim
618 981 656 1044 l).
670 981 815 1046 Laertius
827 981 934 1059 refert,
951 979 1174 1047 Parmenidem
1187 1002 1207 1045 a
1222 980 1322 1045 Theo-

225 1091 358 1176 phrasto
381 1090 447 1156 dici
468 1089 746 1156 Anaximandrum
769 1089 933 1156 audivisse
956 1079 1167 1169 (ductionem.
1211 1088 1322 1168 Quam-

229 1218 326 1282 quam
349 1198 462 1264 audire
483 1199 612 1281 quidem
626 1199 903 1266 Anaximandrum
919 1221 983 1266 non
998 1199 1114 1284 potuit,
1136 1205 1247 1282 utpote
1263 1200 1320 1262 ianr

226 1315 396 1388 mortuum,
419 1314 594 1390 antequam
618 1310 689 1391 ipsc
711 1314 805 1374 natus
828 1318 923 1381 esset,
952 1315 1060 1374 tamen
1081 1308 1239 1392 Diogenis
1259 1327 1321 1372 vcr-

229 1419 281 1485 bis
302 1418 441 1483 arbitror
458 1417 582 1500 aliquid
606 1420 673 1482 veri
695 1418 842 1498 subesse;
873 1437 912 1484 ac
935 1416 1013 1482 mihi
1030 1417 1163 1499 quidem
1185 1437 1248 1482 uon
1269 1418 1320 1481 im·

227 1527 396 1613 probabile
424 1525 561 1602 videtur,
585 1526 775 1608 Diogenem,
803 1545 874 1591 cum
903 1526 1034 1609 legisset
1057 1513 1320 1609 ‘truncaturi
1412 1577 1413 1586 ,

227 1656 286 1720 pro
301 1636 362 1701 hoc
376 1636 474 1702 verbo
491 1635 665 1701 memoriae
681 1654 788 1701 errore
809 1635 981 1718 scripsisse
1001 1624 1169 1698 ‘dacium‘
1180 1639 1215 1710 ¹).
1246 1635 1321 1699 Nam

229 1743 437 1812 Parmenides
454 1744 487 1809 in
503 1763 562 1810 sua
574 1743 616 1810 de
627 1743 746 1810 mundo
762 1743 920 1826 opinabili
936 1743 1084 1808 doctrina
1098 1743 1246 1827 pluribus
1259 1764 1322 1827 par·

229 1857 314 1922 tibus
336 1875 408 1920 cum
430 1853 671 1919 Anaximandro
701 1852 833 1919 mirifice
859 1854 1028 1918 consentit.
1071 1853 1216 1918 Primum
1238 1855 1321 1928 enim,
1412 1905 1413 1922 ,

232 1985 315 2048 quae
342 1985 363 2030 a
388 1962 582 2030 Parmenide
615 1969 778 2046 ponuntur
812 1960 924 2027 mnndi
956 1962 1129 2046 opinabilis
1162 1964 1321 2034 elementa,

231 2075 368 2140 materia
389 2092 498 2138 crassa
519 2071 640 2154 frigida
662 2091 765 2155 opaca
787 2077 819 2136 et
840 2069 975 2136 materia
996 2091 1071 2138 rara
1086 2069 1196 2136 calida
1212 2070 1321 2146 lucida,

230 2175 253 2249 'a
274 2183 399 2248 duabus
427 2181 492 2246 illis
518 2180 752 2246 Anaximandri
779 2182 902 2246 naturis
929 2181 1099 2248 contrariis
1130 2201 1166 2247 ro
1196 2182 1250 2247 vix
1279 2178 1323 2242 di·

233 2314 329 2360 versa
350 2295 468 2370 sunt³).
501 2290 637 2364 Deinde,
662 2297 697 2356 ut
719 2291 801 2356 alias
815 2289 1044 2356 similitudines
1063 2297 1272 2372 praeteream,
1293 2286 1322 2350 in

233 2423 272 2468 ea
306 2423 341 2468 re
372 2401 502 2468 omnino
534 2421 607 2473 cunr
629 2400 872 2466 Anaximandro
900 2399 1067 2479 consentit,
1100 2398 1188 2481 quod
1220 2396 1322 2468 stellis,

232 2532 316 2594 quae
340 2511 445 2593 putari
467 2511 572 2576 solent
594 2511 626 2574 in
649 2509 739 2576 coelo
752 2507 877 2574 defixae
895 2527 979 2589 esse,
1000 2507 1137 2590 huicque
1159 2509 1247 2573 coelo
1267 2506 1322 2589 ipsi

233 2641 477 2686 nonsummum
504 2617 656 2702 adsignat
677 2619 792 2696 locum,
828 2617 888 2684 sed
913 2618 1035 2702 pariter
1066 2623 1164 2699 atque
1195 2617 1249 2682 ille
1275 2613 1322 2695 (de

234 2730 294 2795 bac
315 2750 349 2795 re
371 2731 479 2815 paullo
503 2736 575 2815 post
589 2727 737 2812 agemus)
761 2729 820 2794 bas
833 2729 945 2794 stellas
962 2728 1104 2793 omnium
1118 2727 1243 2792 infimas
1257 2745 1321 2790 esse

234 2847 335 2923 putat,
360 2859 460 2922 supra
482 2838 577 2903 hasce
600 2846 707 2903 autem
728 2839 836 2903 lunam
858 2844 890 2902 et
902 2837 1101 2920 superiorem
1118 2837 1216 2902 ctiam
1230 2835 1321 2900 solem

233 2949 332 3030 ponit.
376 2948 466 3013 Haec
486 2954 593 3012 autem
616 2967 667 3012 res
686 2967 724 3012 eo
738 2947 866 3028 gravior
882 2959 939 3026 est,
963 2945 1050 3028 quod
1065 2944 1146 3010 haec
1167 2946 1322 3010 stellarum

234 3057 409 3141 descriptio
423 3058 553 3123 omuino
566 3057 727 3122 contraria
742 3063 791 3121 est
805 3055 1084 3140 Pythagoreorum
1099 3055 1225 3132 rationi,
1248 3072 1322 3136 quae

236 3171 322 3229 certe
345 3165 376 3230 ei
405 3185 468 3228 nou
492 3172 562 3228 erat
584 3165 703 3246 ignota.
748 3161 854 3240 Quare
877 3181 941 3227 non
963 3161 1178 3245 improbabile
1200 3161 1323 3239 videtur,

337 3478 362 3542 1)
383 3477 415 3530 D.
435 3476 466 3530 L.
491 3475 540 3543 lx,
559 3476 608 3530 20:
641 3470 834 3546 »Θεόφραστος
861 3476 892 3528 ἓν
927 3476 956 3547 τῇ
985 3475 1103 3547 ἐπιτομῇ
1123 3470 1322 3546 Ἀναξιμάνδρου
1411 3457 1412 3480 ’

238 3578 326 3646 φησὶν
344 3571 485 3626 dxoicm‘t

337 3690 365 3754 2)
385 3687 528 3757 Sagaciter
548 3686 685 3741 Usenerus
712 3687 803 3750 (Anci.
824 3685 1007 3754 Theophrast
1026 3703 1054 3754 p.
1074 3684 1120 3753 42)
1149 3685 1184 3738 ad
1203 3681 1323 3753 Diogenis

239 3786 324 3840 verba
341 3783 550 3845 animadvertit,
570 3783 763 3852 Hippolytum,
790 3781 819 3834 in
839 3782 917 3835 cuius
941 3782 1032 3850 primo
1055 3781 1128 3836 libro
1150 3782 1269 3851 plurima
1286 3795 1323 3832 ve

237 3881 321 3951 stigia
333 3880 557 3948 Theophrastcae
576 3879 721 3933 doctrinae
740 3887 899 3944 cernantur,
918 3877 1112 3932 Parmenidem
1131 3896 1148 3932 a
1166 3877 1324 3947 Xenophane

238 3980 309 4048 (cap.
331 3981 360 4030 ll
388 3982 416 4031 et
436 3979 480 4044 14)
508 3977 661 4046 seiungere.
697 3975 728 4028 Si
752 3991 851 4030 revera
876 3975 1045 4044 Hippolytus
1068 3974 1098 4028 iu
1121 3974 1174 4030 hac
1198 3993 1229 4030 re
1246 3973 1323 4026 Theo·

237 4077 384 4145 phrastum
409 4074 545 4142 sequitur,
573 4089 742 4142 consequens
770 4077 822 4140 est,
850 4075 882 4126 nt
912 4072 935 4125 is
954 4071 1152 4126 Parmenidcm
1179 4087 1242 4126 oum
1270 4066 1324 4123 aliis

237 4171 411 4241 philosophia
429 4170 534 4225 arctius
552 4168 739 4224 coniunxerit.

338 4269 365 4335 3)
384 4267 448 4322 vid.
467 4283 552 4336 supra
570 4283 598 4334 p.
620 4267 680 4319 257.
