2862 4910
759 391 812 446 34⁸

320 564 349 626 3.
392 561 567 645 Postquam
588 561 773 628 summatim
797 563 957 629 maximas
979 563 1093 630 mundi
1119 570 1235 648 partes
1259 584 1330 647 pro-

220 674 384 758 posuimus
415 691 588 754 earumquc
621 677 654 737 et
683 678 786 738 ortum
820 678 853 737 ct
883 671 1132 756 dispositionem
1165 681 1331 738 monstra·

219 785 334 857 vimus,
360 781 423 846 iam
446 780 488 846 de
511 799 703 864 unaquaque
725 800 836 846 earum
862 781 1053 864 singillatim
1067 781 1249 848 dicendum
1272 791 1329 846 est.

219 892 416 974 Incipiemus
438 897 546 955 autem
568 909 589 953 a
610 894 708 972 terra,
736 891 815 972 quia
837 889 999 972 quaedam
1021 909 1144 972 eorum,
1173 911 1265 974 quae
1289 890 1330 955 ad

219 1008 337 1067 terram
360 1001 529 1082 pertinent,
556 1019 675 1082 magno
698 1006 791 1064 crunt
819 1000 890 1064 usui
916 1000 948 1063 in
973 1001 1164 1080 quaestione
1188 1000 1234 1066 de
1259 1020 1330 1065 cor·

218 1109 352 1196 poribus
375 1108 575 1174 coelestibus.

319 1218 453 1284 Terram
476 1219 573 1300 igitur
593 1209 833 1282 Anaximander
861 1216 895 1281 in
918 1216 1028 1282 media
1050 1219 1189 1283 collocat
1210 1217 1330 1282 mundi

219 1337 324 1414 parte,
347 1327 403 1392 ita
425 1335 466 1392 ut
488 1333 618 1393 terrae
641 1333 816 1392 centrum
839 1326 971 1406 ipsius
995 1327 1125 1392 mundi
1150 1337 1329 1393 centrum

220 1440 281 1514 sit,
316 1437 435 1519 ubique
457 1436 571 1502 eodem
593 1437 764 1503 intervallo
794 1457 815 1500 a
844 1437 981 1503 circuitu
1012 1436 1139 1503 distans
1148 1440 1181 1514 ¹).
1229 1437 1329 1516 Quod
1425 1505 1427 1522 ,

219 1545 262 1611 ad
284 1545 354 1611 eius
376 1545 518 1628 speciem
539 1545 664 1626 attinet,
687 1543 879 1610 Plutarchus
904 1546 937 1610 in
954 1544 1125 1610 Stromatis
1148 1566 1220 1610 eam
1246 1546 1328 1630 ipsis
1426 1527 1427 1544 i

219 1653 328 1720 verbis
360 1653 439 1719 dicit
467 1654 597 1738 ligura
630 1673 719 1720 esse
752 1653 929 1737 cylindri
961 1655 1172 1720 admodum
1202 1655 1326 1738 plani,

220 1764 332 1829 cuius
354 1762 522 1829 altitudo
543 1764 666 1846 triplo
688 1765 814 1828 minor
844 1765 901 1839 sit,
917 1762 1184 1844 latitudine²);
1209 1763 1329 1829 statuit

220 1871 318 1956 igitur
339 1891 420 1956 eam,
452 1879 488 1937 ut
517 1870 603 1938 idem
634 1871 711 1938 aliis
734 1871 843 1937 verbis
866 1871 982 1953 dicam,
1011 1872 1150 1937 similem
1174 1892 1248 1938 esse
1272 1892 1327 1936 ro

220 1989 286 2046 tac
309 1980 475 2046 solidae.
519 1979 569 2045 De
592 1998 656 2062 qua
679 1978 810 2062 quidem
834 1985 940 2044 terrae
961 1979 1065 2062 ligura
1087 1980 1326 2046 omnesviden-

220 2096 272 2155 tnr
297 2089 520 2171 consentire³).
571 2089 653 2153 Nam
688 2089 885 2172 Hippolytus
913 2088 1192 2154 Anaximandrum
1226 2090 1326 2155 refert

327 2351 353 2419 l)
372 2349 574 2405 Testimonium
599 2349 640 2404 rei
659 2349 908 2404 luculentissimum
935 2350 1010 2419 apud
1029 2351 1120 2419 ipsum
1138 2351 1325 2404 Aristotelem

221 2449 374 2518 invenitur,
400 2448 475 2502 Coel.
493 2447 529 2514 ll,
553 2450 592 2502 13.
612 2445 689 2500 uach
707 2450 739 2500 10
757 2465 807 2515 sq,
837 2465 893 2515 quo
922 2448 982 2502 loco
1007 2448 1254 2501 Anaximandrum
1284 2449 1325 2502 ait

219 2550 324 2600 terram
343 2544 436 2599 dicere
455 2561 516 2598 eam
535 2544 571 2598 cb
585 2545 710 2598 caussani
729 2545 758 2596 in
777 2561 827 2597 sua
839 2545 903 2598 sede
916 2561 1038 2612 manere,
1058 2544 1133 2612 quod
1153 2545 1190 2598 in
1209 2546 1323 2601 medio

219 2641 343 2696 mundo
359 2640 532 2695 collocata
551 2641 680 2709 ubique
698 2640 816 2694 eadem
835 2640 1010 2694 distantia
1023 2642 1205 2695 acircuitu
1219 2643 1322 2696 absit.

221 2738 313 2792 Locus
332 2738 391 2807 ipse
409 2737 504 2807 paullo
522 2743 586 2806 post
604 2737 756 2792 adferatur.
793 2737 932 2792 Similiter
944 2738 1123 2807 Hippolytus,
1143 2738 1255 2792 Relutt.
1264 2738 1287 2808 1,
1297 2741 1324 2806 6,

218 2839 323 2890 terram
342 2851 455 2888 manere
475 2834 544 2888 dicit
564 2831 626 2902 ,ded
646 2831 696 2899 τὴν
713 2833 815 2905 ὁμοίαν
832 2830 944 2889 πάντων
961 2829 1147 2888 ἀπόστασιν.“
1184 2835 1264 2889 Idem
1283 2841 1322 2890 te·

219 2933 310 2984 statur
329 2930 412 3002 Diog.
431 2931 525 2986 baert.
544 2932 580 2998 ll,
601 2935 629 2984 l:
656 2936 765 3002 ,μέσην
782 2932 813 2984 δὲ
834 2930 883 2999 τὴν
900 2933 954 3001 γῆν
972 2939 1081 2985 κεῖσθαι
1103 2936 1254 3002 κέντρου
1272 2928 1321 2985 τά·

218 3029 268 3086 ξιν
287 3028 487 3098 ἐπέχουσαν,
505 3025 592 3082 οὖσαν
610 3031 802 3100 οφαιροειδῆ.“

319 3126 348 3192 2)
367 3125 441 3178 Plut.
460 3126 535 3194 apud
553 3126 654 3180 Euseb.
675 3125 773 3195 Praep.
793 3127 844 3180 Ev.
866 3126 888 3194 l,
907 3129 933 3193 8,
953 3129 983 3180 2:
1022 3120 1174 3196 1,ὑπάρχειν
1199 3128 1234 3180 δέ
1252 3145 1320 3197 φησι

219 3224 257 3291 τῴ
275 3222 330 3292 μὲν
348 3217 467 3292 σχήματι
492 3219 541 3288 τὴν
569 3223 622 3291 γῆν
646 3224 892 3293 κυλινδροειδῆ,
918 3225 992 3293 ἔχειν
1018 3223 1047 3276 di
1073 3224 1206 3278 τοσοῦτον
1224 3218 1322 3292 βάθος,

219 3315 288 3372 ὅσον
306 3313 341 3373 ἂν
360 3323 400 3384 εἴη
418 3323 508 3389 τρίτον
524 3317 594 3387 πρὸς
612 3317 646 3372 τὸ
664 3313 791 3378 πλάτος.“

319 3418 346 3482 3)
364 3414 445 3482 Quod
464 3415 543 3486 Diog.
572 3415 664 3470 Laert.
693 3417 711 3470 l.
728 3417 746 3469 Ι.
776 3435 838 3471 eam
861 3417 931 3472 dicit
950 3417 1123 3484 σφαιροειδῆ,
1151 3418 1212 3471 siue
1233 3417 1322 3472 dubio

219 3531 298 3568 error
315 3518 355 3568 cst
375 3513 440 3566 inde
458 3512 609 3581 profectus,
627 3513 702 3582 quod
721 3513 914 3584 neglegentius
933 3513 1051 3567 formam
1071 3514 1258 3569 rotundam
1279 3517 1323 3569 iu·

220 3608 329 3662 tellexit
348 3608 467 3662 formam
486 3610 674 3680 globosam.

321 3704 558 3760 Teichmuellerus
574 3706 728 3776 Diogenem
748 3712 858 3761 secutus
877 3708 1018 3775 opinatur,
1039 3708 1240 3762 Anaximandri
1260 3729 1322 3764 scn—

220 3801 310 3854 tcntia
329 3806 434 3855 terram
452 3803 596 3872 globosam
616 3820 683 3871 esse,
722 3803 756 3857 ad
785 3804 911 3872 hancque
939 3804 1100 3873 opinionem
1118 3805 1263 3861 Plutarchi
1293 3815 1321 3862 ct

220 3895 392 3964 reliquorum
405 3899 575 3967 scriptorum
586 3900 747 3954 testimonia
765 3901 1022 3955 accommodans
1042 3901 1195 3967 contendit,
1215 3905 1322 3958 Anaxi-

220 3993 332 4047 mandri
360 3996 500 4049 seutentia
528 4000 635 4050 ternam
655 3997 800 4066 globosam
824 3997 945 4065 quidem,
973 3998 1020 4052 sed
1049 3998 1078 4050 iu
1106 4006 1227 4067 utroque
1253 4003 1322 4070 polo

219 4089 310 4143 multo
328 4091 484 4158 planiorem
502 4111 569 4157 esse,
599 4093 725 4162 hancque
746 4095 913 4148 sententiam
942 4095 1000 4149 iam
1027 4113 1115 4165 prope
1134 4098 1266 4151 accedere
1286 4099 1322 4153 ad

219 4204 290 4251 eam,
309 4204 365 4255 qua
383 4205 457 4242 nunc
474 4194 578 4244 terram
599 4191 695 4245 dicant
713 4193 852 4262 globum
880 4193 915 4246 iu
939 4194 1032 4261 polis
1052 4194 1322 4263 complanatum.

219 4282 298 4336 Stud.
321 4302 371 4338 zur
390 4284 486 4339 Geich.
515 4286 565 4340 der
583 4287 665 4358 Bcgr.
685 4304 712 4357 p.
732 4289 767 4341 35
786 4305 848 4343 cum
867 4293 925 4345 not.
945 4289 991 4358 **;
1013 4290 1063 4359 413
1082 4293 1125 4344 47.
1162 4291 1225 4345 Nou
1249 4309 1322 4362 opus
