2850 4904
595 374 647 426 189

78 541 159 606 rebit.
202 541 283 606 Utra
306 542 432 608 ratione
453 539 641 624 Simplicius
667 539 769 606 verba
790 541 845 606 illa
867 542 1037 625 acceperit,
1058 561 1168 608 rursus

79 651 114 714 cb
134 649 269 726 easdem,
292 671 374 733 quas
396 656 493 716 antea
515 649 665 732 diximus,
697 670 828 717 caussas
856 669 919 715 non
951 670 993 715 ex
1014 648 1076 715 hoe
1097 652 1167 716 loco

80 758 130 824 sed
150 761 249 826 solnm
272 781 314 826 ex
326 762 479 826 universa
501 762 570 827 cius
583 763 742 826 sententia
756 761 852 845 plane
875 758 1035 825 diudicari
1052 766 1166 844 potest.

168 870 234 935 Iam
263 869 450 955 Simplicius
483 867 562 950 περὶ
592 871 659 932 τῶν
690 866 938 953 προειρημένων
964 869 1169 935 Aristotelem

79 977 149 1044 dicit
166 977 304 1055 ’κοινῶς
325 963 510 1062 ἐπαγαγεῖν
538 999 609 1044 eam
632 980 848 1062 generationis
870 978 1014 1062 formam,
1036 998 1120 1061 quae
1135 979 1169 1044 in

81 1088 317 1156 condensatione
340 1096 372 1156 et
401 1091 617 1156 rarefactione
648 1088 814 1156 consistat.
860 1087 947 1166 Quid
967 1089 1008 1154 sit
1036 1081 1170 1164 ‘anavair

81 1191 225 1282 ἐπάγειν,
257 1220 298 1266 ex
320 1199 403 1285 ipsis
424 1201 593 1266 vocabulis
615 1205 719 1283 patct;
754 1197 916 1282 significat
938 1199 1024 1262 enim
1046 1198 1171 1281 aliquid

81 1327 167 1374 unum
187 1310 397 1375 communitur
419 1309 459 1374 de
483 1309 630 1393 pluribus
652 1308 849 1394 praedicare,
883 1307 952 1374 sive
975 1308 1055 1374 haec
1078 1309 1171 1392 plura

81 1417 164 1483 unius
191 1418 239 1484 rei
262 1421 427 1486 notionem
457 1419 603 1485 efficiunt
624 1422 691 1484 sive
714 1422 788 1484 sunt
809 1419 917 1502 plures
939 1437 1000 1500 res,
1032 1417 1171 1500 quaein

82 1525 135 1591 loo
164 1528 350 1612 praedicato
384 1528 627 1609 consentiantll.
680 1527 744 1593 Sed
773 1547 846 1593 oum
877 1520 910 1590 ci
938 1524 1171 1611 προειρημένοι

82 1635 239 1720 dupliciter
260 1638 405 1718 intellegi
419 1637 555 1722 possint,
577 1637 743 1720 quaeritur
756 1657 832 1702 num
856 1643 991 1720 utroque
1008 1638 1170 1702 intellectu

82 1743 117 1808 dc
136 1746 170 1812 iis
192 1747 404 1814 communitur
426 1747 482 1814 illa
496 1748 715 1830 generationis
739 1747 841 1813 forma
855 1746 1074 1828 praedicatum
1096 1767 1171 1812 nam

83 1854 107 1918 si
133 1875 191 1922 uno
211 1857 262 1923 vel
285 1856 387 1922 altero
407 1857 571 1923 intellectu
600 1857 641 1922 de
663 1858 703 1922 iis
727 1876 789 1922 non
815 1859 1023 1924 communiter
1044 1856 1171 1940 praedi-

83 1970 172 2046 catur,
197 1967 434 2033 consectarium
457 1972 516 2050 est,
549 1972 584 2031 nt
606 1965 667 2031 hoc
688 1967 852 2033 intellectu
874 1987 894 2032 a
917 1965 1082 2051 Simplicio
1107 1987 1171 2030 non

82 2071 153 2138 dicti
182 2076 253 2140 sint.
304 2073 447 2140 Primum
479 2075 577 2158 igItur
608 2076 638 2141 si
659 2075 851 2142 Aristoteles
881 2077 982 2143 verba
1001 2071 1057 2140 “iv
1078 2068 1172 2162 ποιή-

82 2203 185 2260 σοντες
205 2179 244 2248 τὸ
267 2176 305 2246 ὂν
326 2181 406 2248 κτλ]
432 2183 616 2268 significare
638 2186 740 2251 voluit
766 2185 1052 2252 differentiam
1074 2187 1173 2270 priori

83 2290 273 2375 physicorum
303 2296 388 2379 parti
421 2295 594 2378 propriam,
628 2294 859 2380 propositionis
889 2289 944 2359 ‘ci
973 2290 1114 2379 μὲνγὰρ
1136 2289 1172 2358 ἓν

83 2395 266 2489 ποιήσαντες
301 2439 333 2448 -
360 2439 397 2450 -
421 2389 522 2468 vitta
551 2403 688 2487 γεννῶσι
711 2399 890 2490 πυκνότητι
922 2403 976 2469 καὶ
1001 2404 1170 2488 μοινόιητι’

84 2508 157 2577 haec
178 2520 226 2579 est
248 2515 426 2580 sententia:
460 2534 608 2597 „omnes
631 2516 656 2580 ii
687 2513 850 2599 physici,
880 2516 935 2598 qui
958 2514 992 2580 id
1016 2514 1103 2599 quod
1124 2520 1173 2580 cst

83 2639 169 2686 unum
199 2630 321 2706 ponunt
353 2644 471 2708 corpus
503 2625 599 2690 rebus
623 2625 808 2700 subiectum,
841 2631 938 2707 atque
964 2624 1095 2707 quidem
1117 2629 1173 2690 aut

84 2749 170 2798 unum
192 2753 233 2799 ex
255 2735 424 2800 elementis
455 2741 511 2800 aut
532 2741 678 2800 naturam
702 2734 864 2817 quandam
887 2733 1035 2816 mediam,
1067 2753 1172 2800 rerum

83 2842 304 2938 multitudinem
315 2843 568 2911 condensationc
580 2850 613 2910 et
623 2829 836 2910 rarefactione
849 2843 1048 2928 gignunt“²).
1066 2843 1173 2922 Quare

85 2949 107 3013 si
119 2951 300 3037 Simplicius
322 2953 424 3020 verba
444 2948 501 3017 “dv
522 2948 775 3040 accucurrerunt
800 2946 839 3017 ὂν
860 2944 943 3018 κνλ.’
965 2951 1025 3018 hac
1048 2953 1174 3017 ratione

84 3062 198 3146 aceepit
220 3083 364 3146 ergoque
386 3058 465 3140 τούς
480 3062 738 3148 προειρημένους
759 3063 871 3129 referri
888 3063 988 3129 voluit
1010 3061 1052 3128 ad
1074 3066 1172 3127 totam

87 3313 128 3378 qni
145 3314 196 3370 hcc
214 3333 315 3386 corpus
336 3333 422 3372 unum
441 3335 476 3372 ex
495 3319 648 3386 elementis,
667 3335 703 3372 an
721 3318 750 3385 ii,
772 3317 819 3386 qui
837 3320 968 3372 naturam
986 3315 1106 3370 mediam
1125 3333 1173 3385 po-

84 3416 152 3482 nant,
169 3414 304 3468 incertum
323 3419 374 3484 est,
394 3417 526 3484 quoniam
545 3417 598 3470 hue
616 3420 682 3470 sunt
699 3415 771 3470 dnae
793 3432 879 3469 unum
904 3419 933 3469 et
951 3430 1051 3483 corpus
1069 3427 1173 3482 ponen-

85 3508 145 3564 tium
163 3512 274 3580 species.
312 3511 349 3566 Hi
373 3513 457 3566 alteri
475 3530 520 3568 res
539 3513 754 3569 condensatione
777 3516 806 3566 et
830 3511 1017 3567 rarefactione
1041 3527 1174 3580 generare

86 3603 221 3676 dicuntum
241 3609 338 3678 itaque
357 3609 386 3675 ii,
405 3609 440 3664 de
459 3609 560 3678 quibus
579 3610 648 3664 haec
665 3609 854 3680 generationis
877 3608 968 3664 foruna
985 3607 1175 3677 praedicatur,

85 3707 142 3756 sunt
159 3704 268 3773 quidem
287 3706 367 3771 tales,
386 3707 435 3775 qui
453 3705 483 3760 id
497 3707 571 3776 qnod
591 3712 633 3762 est
651 3712 679 3761 et
691 3725 778 3762 unum
796 3711 825 3760 et
838 3723 938 3775 eorpus
947 3709 1063 3774 ponant,
1079 3708 1174 3758 utrum

86 3803 168 3854 antem
186 3802 267 3855 simul
288 3802 308 3855 ii
327 3802 394 3870 sint,
421 3803 469 3872 qui
487 3803 541 3857 hoc
559 3819 659 3872 eorpus
684 3820 769 3856 unum
789 3819 823 3856 ex
844 3801 996 3869 elementis,
1020 3819 1056 3854 au
1074 3801 1103 3866 ii,
1125 3799 1174 3868 qui

86 3900 203 3952 naturam
222 3898 345 3952 mediam
364 3904 480 3969 ponant,
499 3917 596 3954 rursus
615 3901 752 3954 incertum
771 3903 874 3954 manet.

176 3996 200 4066 1)
220 3996 326 4050 Prioria
345 3997 463 4051 rationis
482 3998 640 4067 exemplum
658 3998 712 4051 hoc
731 4001 783 4051 est:
809 3997 876 4066 „qui
901 3995 1055 4066 prudenter
1078 3997 1105 4046 at
1124 3994 1172 4048 ho·

86 4094 154 4144 neate
172 4097 267 4162 agunt,
287 4093 472 4164 laudantur“;
495 4095 659 4164 posterioris
677 4094 742 4148 huc:
771 4097 815 4161 ,et
837 4093 886 4162 qui
905 4093 1059 4162 prudenter
1077 4096 1166 4161 agunt

87 4188 110 4238 et
126 4187 171 4254 qui
187 4187 311 4256 honeste,
328 4190 507 4246 laudantur“.

179 4288 207 4358 2)
228 4287 270 4342 of.
288 4305 373 4356 supra
391 4306 418 4357 p.
441 4290 500 4356 188,
517 4292 577 4342 not.
597 4291 620 4342 1.
