2882 4902
791 389 824 444 12

260 564 429 648 invenitur,
465 571 497 631 et
518 563 604 648 quod
626 564 711 645 apud
729 563 820 629 illum
842 560 1007 640 καλέσας
1038 563 1156 647 legitur
1184 583 1242 649 pro
1278 563 1361 630 Sim-

259 673 351 758 plicii
373 672 463 754 κομί
468 673 579 754 σαςῑ).
611 673 735 752 Quodsi
757 682 864 740 eutem
886 693 927 738 ex
949 674 1061 740 eodem
1083 673 1172 740 fonte
1187 672 1360 750 fluxerunt,

260 789 295 848 nt
316 781 490 848 diiudicari
512 784 624 866 possit,
661 790 731 849 uter
754 784 787 848 in
810 803 849 848 ea
878 803 921 862 re,
958 783 998 848 de
1031 803 1095 867 que
1123 782 1289 864 differunt,
1314 802 1361 848 se·

260 892 406 974 quendus
426 892 477 974 sit,
510 891 729 974 quaerendum
750 899 809 970 est,
843 897 913 958 uter
942 912 1050 957 eorum
1076 891 1110 956 in
1141 891 1236 957 huius
1259 890 1361 957 fontis

260 1021 320 1067 usn
336 1001 523 1084 diligentior
545 1001 645 1069 fuisse
666 1002 835 1085 magisque
857 1001 962 1085 ipsam
983 1001 1053 1066 eius
1076 1002 1217 1084 speciem
1241 1001 1362 1066 referre

261 1111 494 1177 existimandus
527 1113 578 1176 sit.
621 1111 653 1176 Is
690 1119 796 1177 eutem
830 1110 899 1203 sine
933 1109 1031 1176 dubio
1071 1119 1120 1176 est
1161 1109 1361 1195 Simplicius.

262 1221 472 1306 Hippolytum
495 1220 580 1286 enim
603 1221 684 1305 ipsa,
706 1241 789 1303 quoe
809 1221 850 1286 ab
875 1241 913 1286 ee
933 1219 1122 1298 referuntur,
1148 1219 1299 1306 produnt,
1324 1240 1363 1285 ex

261 1330 348 1397 fonte
373 1350 431 1396 suo
453 1329 643 1398 festinanter
676 1337 799 1397 tantum
829 1331 974 1414 insignes
1002 1330 1160 1413 quasdem
1182 1330 1360 1398 sententies

261 1441 444 1524 arripuisse,
469 1439 592 1505 ratione
614 1460 723 1506 oerum
745 1447 778 1505 et
800 1438 1039 1505 continuatione
1051 1437 1197 1522 neglecte
1206 1440 1240 1517 ²).
1280 1437 1362 1503 Sim·

261 1550 378 1635 plieius
400 1569 485 1624 vero,
510 1556 544 1615 ut
565 1570 606 1614 ex
639 1549 710 1634 ipso
733 1548 812 1615 setis
834 1555 931 1633 petet,
954 1556 1020 1614 toto
1041 1568 1080 1614 eo
1100 1549 1181 1632 loeo,
1205 1549 1300 1614 euius
1325 1549 1361 1631 is,

262 1661 542 1743 quemettulimus‚
567 1660 703 1746 parvule
722 1659 882 1743 quaedem
894 1657 978 1743 'pers
994 1665 1052 1736 eet,
1074 1659 1218 1724 consulto
1230 1657 1266 1722 id
1283 1658 1361 1742 agit,

261 1775 304 1848 ut,
327 1775 479 1834 accurate
500 1767 717 1835 doctrinarum
739 1767 898 1832 divisione
920 1766 1077 1848 adhibite,
1099 1787 1181 1849 quae
1204 1767 1360 1849 cuiusque

262 1876 448 1962 philosophi
476 1877 622 1943 doctrine
654 1897 801 1960 quaeque
825 1897 846 1941 a
867 1876 1001 1959 reliquis
1023 1875 1207 1942 differentia
1229 1876 1282 1959 sit,
1309 1896 1361 1941 ex·

263 1995 377 2072 ponet3
411 1997 507 2070 atque
531 1993 566 2052 ut
588 1985 624 2050 id
645 1985 802 2068 efficeret,
834 2005 898 2050 non
925 2006 1023 2051 unum
1045 1983 1147 2051 solum
1171 1984 1229 2051 sed
1251 1986 1361 2069 plures
1428 2009 1429 2024 ¹

264 2103 409 2163 auctores
432 2095 600 2173 consuluit,
622 2095 706 2160 inter
720 2115 755 2160 se
773 2094 982 2178 comparavit,
1004 2092 1205 2159 differentias
1228 2093 1361 2176 notavit,

264 2206 355 2272 euius
381 2205 540 2271 sententia
567 2225 644 2270 vera
671 2204 816 2290 putanda
844 2212 943 2288 esset,
976 2203 1152 2288 propositis
1181 2203 1361 2269 rationibus

265 2311 499 2396 diiudicaritil.
543 2313 728 2380 (lommnnis
757 2320 862 2380 autem
893 2313 949 2380 ille
982 2312 1053 2378 fons
1088 2313 1159 2379 sine
1188 2311 1287 2379 dubio
1316 2317 1362 2377 est

268 2463 410 2470 ...η-ω.-
417 2461 463 2467 ..--..

365 2545 388 2607 1)
408 2540 520 2596 Summe
538 2542 663 2596 locorum
679 2541 825 2596 consensio
845 2544 972 2611 apparet,
999 2541 1022 2595 si
1041 2540 1115 2594 inter
1133 2556 1163 2594 ss
1180 2543 1361 2610 opponuntur

264 2644 294 2698 in
312 2639 386 2694 hune
404 2637 530 2694 modum:

384 2735 469 2789 verbs
488 2735 640 2805 Simplicii:
983 2734 1066 2788 verbe
1084 2733 1243 2804 Hippolyti:

265 2828 501 2904 ,ξΑναξίμανδρος
526 2831 582 2903 μὲν
606 2827 765 2902 Πραξιάδου
866 2848 957 2893 „orror
978 2828 1089 2898 (nomen
1102 2829 1196 2900 peullo
1210 2833 1275 2884 unte
1292 2829 1360 2884 indi-

265 2924 401 2996 Μιλήσιος
414 2970 420 2983 .
433 2969 457 2982 ..
475 2923 564 3000 ἀρχήν
580 2947 608 2981 τε
628 2932 674 2982 καὶ
693 2944 762 2983 osor·
864 2932 956 2982 cutum
968 2927 1037 2996 erat)
1054 2925 1109 2997 μὲν
1121 2923 1209 2998 ἀρχὴν
1226 2929 1272 2978 καὶ
1294 2942 1361 2979 oroe-

262 3033 341 3097 χεῖον
354 3033 441 3095 εἴρηκε
460 3025 516 3079 τῶν
532 3021 620 3080 ὄντων
637 3023 668 3078 τὸ
689 3018 764 3078 ἔπει·
862 3029 942 3094 χεῖον
958 3029 1047 3094 εἴρηκε
1059 3023 1114 3076 τῶν
1130 3017 1217 3077 ὄντων
1236 3017 1267 3076 τὸ
1288 3016 1360 3075 ἄπει-

264 3141 321 3194 ρον,
339 3123 447 3193 πρῶτος
464 3115 698 3192 τοῦτοτοῖῗνομα
715 3141 763 3174 κο·
863 3139 921 3193 pou,
951 3123 1059 3192 πρῶτος
1079 3113 1200 3192 τοῦνομα
1219 3121 1362 3176 καλέσας

264 3224 366 3290 μίσας
383 3219 429 3286 τῆς
448 3215 558 3291 ἀρχῆς.“
863 3219 909 3284 τῆς
926 3214 1038 3290 &offic-‘⁴

365 3316 394 3387 2)
413 3313 530 3380 Sufficit,
553 3333 608 3371 nno
627 3315 753 3385 exemplo
778 3332 836 3369 rem
855 3315 1024 3385 probavisse.
1062 3313 1129 3369 Cum
1154 3313 1233 3366 initio
1252 3309 1362 3372 dixerit,

266 3395 359 3478 „ohwc
376 3407 464 3484 ἀρχὴν
476 3413 531 3484 ἔφη
549 3415 604 3468 τῶν
616 3407 703 3468 ὄντων
716 3407 803 3485 φύσιν
814 3410 873 3468 τινὰ
884 3414 932 3466 τοῦ
950 3409 1065 3482 ἀπείρου
1077 3410 1159 3479 κτλ.“,
1178 3409 1283 3463 dnubus
1304 3425 1360 3461 sen·

266 3511 363 3564 tentiis
376 3509 531 3564 interiectis
545 3510 596 3564 sit:
616 3494 708 3574 „oinos
719 3510 776 3580 μὲν
789 3507 878 3582 ἀρχὴν
895 3515 939 3562 καὶ
959 3515 1094 3580 στοιχεῖον
1107 3513 1194 3579 εἴρηκε
1212 3506 1266 3560 τῶν
1277 3498 1362 3558 ὄντων

265 3603 296 3661 τὸ
310 3599 424 3676 ἄπειρον
434 3608 515 3674 ml.“;
529 3607 558 3660 in
569 3607 669 3676 quibus
679 3606 803 3661 eiusdem
813 3606 967 3662 sententies
977 3605 1119 3676 repetitio,
1137 3620 1206 3674 quee
1220 3605 1361 3672 praetereo

267 3703 326 3757 sine
346 3702 402 3756 ulls
419 3703 614 3757 coniunctione
633 3705 814 3770 grammatice
831 3703 981 3765 induciter,
1002 3704 1132 3771 (numque
1150 3702 1179 3755 in
1198 3698 1361 3768 repetitione

266 3805 341 3855 certe
354 3799 500 3854 dicendum
512 3805 585 3854 eret:
600 3785 676 3860 οἷπος
687 3800 743 3872 μὲν
755 3791 821 3869 οὖν)
831 3800 1021 3854 festinantium
1032 3799 1060 3852 in
1074 3796 1220 3853 scribendo
1231 3793 1359 3849 ostendit.

366 3899 392 3963 3)
410 3896 469 3950 Iem
489 3898 584 3951 stetim
604 3897 693 3965 initio,
719 3914 746 3965 p.
765 3897 805 3950 sb
827 3902 897 3950 extr.
919 3900 948 3949 et
966 3897 1007 3949 lis
1033 3894 1102 3962 init,
1133 3893 1169 3947 de
1186 3891 1359 3962 Xenophenis

268 3992 396 4048 doctrine
415 3993 554 4048 disserens
577 3998 689 4062 prester
708 3992 931 4061 Theophrastum
950 3991 1095 4047 Nicolaum
1115 3990 1313 4043 Damascenum
1335 3990 1359 4039 st

267 4089 456 4144 Alexandrum
477 4090 601 4160 Aphrod.
620 4090 721 4152 adfert,
748 4089 846 4160 hisque
864 4089 995 4144 refutetis
1013 4086 1093 4143 illum
1113 4087 1221 4156 probet.
1260 4084 1359 4138 Rursus

267 4203 294 4255 p.
308 4189 350 4240 tie
370 4190 441 4242 extr.
460 4193 490 4242 et
508 4206 534 4257 p.
555 4189 600 4242 6b
618 4187 680 4241 init.
694 4186 880 4257 Theophrasti
899 4186 934 4240 de
953 4185 1077 4255 Diogene
1090 4183 1270 4254 Apolloniote
1287 4181 1358 4236 testi·

268 4283 391 4337 monium
421 4300 454 4337 ex
487 4285 557 4353 ipsis
584 4285 717 4355 Diogenis
746 4284 826 4337 libris
849 4301 945 4339 verum
972 4299 1032 4337 esse
1060 4280 1198 4350 ostendit,
1226 4279 1359 4334 diversam
