2862 4910
244 567 406 636 sententia
428 567 566 634 diximus
591 567 720 632 omnino
742 567 862 631 nullam
885 587 963 646 rem,
995 567 1079 632 siin
1105 566 1192 632 alins
1216 567 1264 633 rei
1290 567 1354 632 sor·
1417 629 1418 634 ,

244 700 328 744 mam
350 677 544 756 transiisset,
572 675 605 738 in
624 674 759 739 sormam
786 674 932 740 relictam
954 675 1075 754 redire,
1103 675 1164 741 sed
1185 684 1275 742 recta
1299 677 1353 740 via

244 787 278 852 in
301 784 496 870 principium
518 783 646 849 reverti.
1417 767 1418 776 ’

346 897 375 959 9.
404 893 484 959 Cum
513 891 750 958 Anaximandri
781 893 942 956 sententia
968 893 1058 958 nulla
1085 913 1154 974 res,
1180 899 1350 977 postquam

245 1009 278 1070 in
302 1006 400 1071 aliam
421 1005 556 1068 formam
578 1001 718 1082 transiit,
745 1002 780 1065 in
808 1002 943 1065 formam
970 1002 1118 1067 relictam
1143 1003 1264 1079 redcat,
1293 1003 1349 1067 sed

245 1127 334 1181 recta
355 1114 411 1178 via
432 1113 467 1176 in
486 1111 683 1195 principium
699 1116 889 1190 revertatur,
912 1129 1114 1192 consequens
1127 1119 1186 1188 est,
1208 1119 1244 1176 ut
1264 1111 1348 1176 dnae

245 1227 319 1291 illae
342 1231 477 1289 naturae
500 1222 691 1296 contrariae,
725 1239 807 1302 quas
830 1220 918 1286 solas
951 1240 992 1286 ex
1020 1221 1093 1304 ipso
1124 1223 1281 1304 principio
1304 1221 1347 1283 ui-

246 1335 352 1400 dimus
375 1331 510 1412 secerni,
539 1337 655 1396 natura
684 1329 807 1412 frigida
826 1337 924 1412 atque
948 1328 1082 1394 humida
1104 1337 1137 1395 et
1159 1336 1273 1395 natura
1294 1350 1344 1394 ua-

246 1443 315 1509 lida
336 1449 433 1524 atque
456 1442 563 1524 ignea,
585 1448 641 1504 ant
668 1440 759 1522 ipsae
786 1458 846 1521 per
871 1459 907 1504 se
929 1445 984 1502 ant
1012 1459 1071 1522 per
1092 1438 1220 1522 aliquas
1242 1459 1343 1504 rerum

246 1555 366 1618 tonnas
388 1549 513 1616 medias
537 1551 570 1614 in
592 1551 787 1633 principium
809 1550 1022 1614 resolvantur.
1046 1548 1106 1614 Est
1127 1568 1205 1614 vero
1227 1549 1342 1613 Anaxi-

246 1662 372 1728 mandri
388 1660 550 1726 sententia
561 1658 689 1735 haecce,
702 1664 882 1722 naturam
897 1657 1052 1740 igneam
1070 1677 1196 1740 perse
1214 1658 1342 1741 ipsam,
1417 1705 1418 1716 ,

246 1781 423 1838 naturam
456 1769 650 1834 humidam
672 1789 740 1852 per
771 1769 928 1850 aliquas
956 1769 1101 1833 formas
1133 1767 1279 1834 medias
1312 1767 1341 1830 in

247 1883 437 1966 principium
462 1881 587 1958 reverti,
611 1878 822 1959 harumque
846 1877 1052 1943 formarum
1067 1884 1215 1943 certum
1235 1897 1342 1955 queu-

247 1992 336 2056 dam
358 1988 537 2054 ordinem
554 2007 642 2053 esse
665 1986 889 2071 aprimaad
905 1987 1083 2050 altimam
1100 1984 1340 2070 progredien-

247 2109 335 2165 tem.
379 2098 470 2175 Quae
494 2115 689 2178 quamquam
726 2117 791 2160 non
824 2104 934 2180 aperte
961 2095 1141 2172 traduntur,
1175 2103 1276 2160 tamen
1301 2114 1339 2158 cx

248 2211 297 2284 iia,
322 2229 403 2290 quae
428 2205 548 2272 tradita
572 2213 654 2286 sunt,
677 2206 755 2270 satis
778 2212 864 2270 certe
883 2206 1088 2288 colliguntur.

349 2314 589 2381 Proficiscimur
605 2314 690 2386 inde,
714 2314 810 2396 quod,
833 2321 867 2378 ut
883 2333 981 2396 supra
996 2312 1204 2395 ostendimus,
1226 2334 1263 2379 ex
1275 2314 1338 2394 ipso

249 2427 412 2510 principio
446 2425 529 2490 duae
562 2426 665 2490 solum
699 2425 878 2488 contrariae
906 2430 1049 2506 naturae,
1082 2430 1199 2488 natura
1230 2421 1334 2504 frigida

250 2541 347 2617 atque
377 2533 512 2598 humida
544 2539 576 2598 et
604 2539 721 2598 natura
743 2532 851 2597 calida
877 2539 973 2614 atque
996 2534 1103 2615 ignea,
1134 2537 1333 2604 secernuntur,

249 2643 410 2725 simulque
433 2642 513 2708 locis
534 2643 581 2707 ita
603 2642 822 2723 seiunguntnr,
850 2648 885 2705 ut
910 2649 1025 2706 natura
1055 2641 1188 2706 humida
1211 2639 1336 2704 medinm

250 2754 354 2818 locum
377 2758 522 2836 occupet,
546 2760 662 2816 natura
683 2752 778 2833 ignca
800 2752 888 2814 iliam
910 2750 1068 2833 sphaerae
1091 2749 1188 2815 modo
1209 2748 1336 2828 undique
1416 2801 1417 2814 ,

249 2862 367 2945 cingat.
412 2861 535 2925 Harum
550 2867 735 2924 naturarum
760 2879 916 2924 concursu
939 2859 1116 2942 gignuntur
1130 2861 1244 2940 omnia,
1264 2873 1333 2939 qnae

249 2977 377 3056 praeter
393 2969 484 3053 ipsas
507 2970 540 3033 in
557 2968 677 3034 mundo
692 2976 781 3039 snut;
805 2975 922 3032 natura
938 2966 1070 3032 humida
1088 2974 1138 3032 est
1161 2967 1205 3044 id,
1224 2987 1241 3032 e
1261 2984 1334 3048 qno,

249 3086 364 3144 natura
385 3077 483 3161 ignea
504 3077 549 3158 id,
572 3098 646 3160 quo
669 3077 887 3142 efficiente
909 3097 950 3141 ex
966 3077 1022 3140 illa
1040 3077 1150 3141 omnia
1166 3077 1334 3160 gignuntur.

250 3187 398 3268 Namque
420 3186 653 3251 Anaximandri
682 3184 829 3250 doctrina
850 3193 996 3250 naturam
1029 3184 1195 3249 humidam
1224 3183 1334 3265 inipso

251 3295 369 3361 mundo
393 3294 584 3359 materiae
607 3296 712 3360 locum
736 3294 864 3372 habere,
887 3295 956 3359 sive
971 3314 1041 3359 earn
1062 3313 1136 3359 esse
1148 3315 1224 3370 rem,
1246 3313 1263 3358 e
1282 3309 1335 3372 qna
1416 3377 1417 3380 Ἴ

251 3423 361 3469 omnes
383 3422 435 3468 res
455 3409 586 3484 praeter
606 3405 711 3486 ipsum
734 3405 840 3486 ignem
868 3406 932 3480 (est
954 3410 1061 3467 autem
1083 3403 1113 3467 is
1136 3403 1201 3480 ille,
1222 3401 1274 3484 qui
1295 3418 1334 3462 or-

250 3513 345 3578 bibus
369 3509 563 3594 quibusdam
587 3514 692 3578 aereis
709 3512 852 3577 inclusus
869 3511 982 3578 stellas
993 3508 1136 3593 conficit)
1159 3513 1333 3580 constarent,

252 3628 348 3687 antea
370 3641 443 3687 oum
465 3641 505 3685 ex
529 3622 681 3687 universa
703 3619 937 3685 Anaximandri
965 3619 1112 3685 doctrina
1139 3625 1207 3686 tum
1232 3641 1248 3684 e
1270 3636 1333 3683 non·

252 3730 347 3795 nullis
369 3736 513 3796 vetorum
534 3725 729 3793 testimoniis
752 3726 949 3791 ostendimus
958 3726 992 3808 ¹).
1035 3725 1159 3802 Quodsi
1179 3733 1333 3792 autemna-

251 3845 325 3904 tura
345 3837 482 3904 humida
509 3844 559 3903 est
580 3836 623 3919 id,
657 3854 761 3916 equo
795 3854 906 3900 omnes
940 3833 1051 3900 mundi
1083 3855 1134 3901 res
1167 3837 1333 3919 gignuntur,

252 3949 403 4030 sequitur,
426 3956 462 4012 ut
491 3947 577 4031 ignis
605 3965 669 4010 non
696 3945 799 4028 possit
829 3943 897 4009 'nisi
931 3964 1066 4010 caussae
1097 3944 1262 4012 efficientis
1281 3941 1334 4004 vin

359 4193 384 4256 l)
403 4190 522 4244 Aristot.
540 4190 576 4245 de
594 4189 708 4244 Melisso
732 4193 809 4244 cet.2
823 4189 897 4244 97511
911 4191 958 4257 213
978 4188 1074 4244 Herm.
1093 4188 1171 4244 Iuris.
1190 4188 1268 4244 Geut.
1286 4185 1335 4240 cd·

252 4287 316 4340 Vid.
336 4304 422 4356 supra
440 4305 468 4355 p.
489 4288 540 4340 254
562 4292 591 4341 ct
609 4292 667 4340 not.
689 4289 701 4338 l
722 4291 751 4341 et
769 4289 794 4339 2.
