2850 4904
775 379 827 434 tte

248 551 354 630 Quare
377 571 442 616 non
463 551 620 617 absonum
643 557 693 618 est
708 549 849 634 credere,
871 549 953 616 hano
975 570 1104 634 qnoque
1126 550 1324 618 definitionem

248 681 289 728 ex
321 660 442 752 aliqua
461 659 679 744 Theophrasti
712 660 933 743 disputatione
969 658 1120 736 duxisse;
1153 679 1324 743 quamquam

247 771 319 838 fieri
340 769 438 836 etiam
460 775 575 854 potest,
598 775 633 836 ut
654 771 696 836 ab
718 769 783 836 alio
805 777 936 837 auctore
960 777 1094 854 accepta
1116 771 1167 836 sit.

346 881 513 946 Postremo
542 885 650 948 autom
678 897 742 946 una
775 886 824 946 ost
845 881 937 959 ratio,
970 900 1036 962 qua
1062 880 1167 946 omnis
1200 880 1327 946 videatur

248 988 374 1056 dehac
400 1009 434 1056 re
467 988 628 1054 dubitatio
656 989 736 1056 tolli.
781 988 938 1067 Vidimus,
970 1009 990 1054 a
1013 987 1237 1072 Theophrasto
1260 989 1326 1053 Ana·

188 1091 191 1100 ’
247 1098 409 1165 ximandri
431 1097 627 1183 principium
646 1085 740 1180 ‘petav
765 1092 864 1183 φύσιν
888 1090 1043 1179 ἀόριστον
1069 1097 1139 1162 κατ’
1166 1088 1272 1180 eldad,
1294 1096 1326 1162 ab

248 1207 421 1274 Aristotele
443 1213 549 1274 autem
573 1227 635 1273 uno
658 1206 952 1292 Metaphysioorum
972 1209 1044 1274 loeo
1068 1200 1209 1290 ‘polypo'
1236 1206 1327 1290 appel-

247 1319 307 1386 lari
317 1315 351 1401 ¹).
395 1316 561 1382 Haeduae
577 1315 722 1382 eiusdem
736 1315 889 1400 principii
912 1315 1115 1382 definitiones
1131 1321 1326 1401 repugnantes

247 1432 331 1509 sunt,
355 1427 402 1492 ita
437 1432 471 1491 ut
500 1432 586 1491 certe
620 1445 685 1491 non
709 1431 845 1508 utraque
878 1427 981 1509 possit
1002 1425 1237 1491 Anaximandri
1261 1442 1324 1489 esse.

248 1536 316 1602 lam
338 1554 415 1601 vero
437 1533 630 1602 incredibile
645 1542 703 1608 est,
726 1542 783 1600 aut
796 1534 1053 1620 Theophrastum
1075 1535 1324 1602 autAristotelem

247 1664 356 1711 veram
369 1644 605 1710 Anaximandri
621 1646 777 1711 rationem
800 1644 1011 1728 ignoravisse.
1054 1645 1139 1712 Hinc
1155 1645 1250 1729 igitur
1269 1662 1324 1727 pro·

247 1753 463 1820 ficiscentibus
486 1753 704 1837 quaerendum
727 1760 786 1829 est,
808 1773 871 1836 qua
890 1755 1015 1820 ratione
1031 1753 1250 1837 discrepantes
1264 1752 1324 1816 illae

247 1863 392 1928 eiusdem
426 1862 579 1947 principii
613 1862 818 1929 definitiones
853 1862 937 1928 inter
969 1883 1004 1929 se
1026 1862 1246 1930 conciliandae
1266 1862 1325 1926 sint

248 1971 425 2038 Conciliari
447 1978 553 2038 antem
577 1971 624 2037 ita
646 1971 910 2039 solnmvideutnr
932 1991 1038 2055 posse,
1058 1972 1087 2038 si
1103 1973 1263 2051 sumimus,
1282 1977 1326 2035 aut

247 2086 415 2162 utramque
447 2085 503 2146 aut
531 2086 617 2146 certe
642 2081 884 2146 alteramutram
916 2101 980 2147 non
1003 2100 1075 2148 esse
1097 2083 1161 2148 nisi
1183 2080 1326 2165 quandam

246 2189 327 2267 eius,
349 2207 445 2272 quam
471 2189 541 2272 ipse
560 2188 803 2256 Anaximander
825 2190 1039 2273 proposuerit,
1060 2190 1226 2258 doctrinae
1246 2191 1327 2257 inter-

247 2298 469 2380 pretationem.
521 2297 579 2364 Est
614 2304 721 2364 autem
761 2305 897 2381 utraque
931 2297 1081 2366 habenda
1113 2301 1328 2385 interpretatio.

246 2405 340 2484 Quod
353 2407 436 2472 enim
446 2404 638 2474 Aristoteles
653 2406 886 2474 Anaximandri
900 2407 1096 2492 principium
1112 2412 1211 2476 semel
1223 2398 1329 2492 ‘ptypo'
1409 2399 1410 2418 ¹

246 2515 399 2600 appellat,
422 2514 457 2580 id
485 2534 524 2580 ex
546 2515 619 2598 ipso
643 2516 814 2582 Aristotele
843 2518 908 2582 iam
930 2517 1131 2584 ostendimus
1163 2517 1242 2584 nihil
1269 2536 1330 2584 esse

246 2623 310 2690 nisi
326 2622 487 2705 quandam
503 2623 809 2708 interpretationem,
833 2643 897 2706 qua
909 2624 1143 2691 Anaximandri
1167 2627 1328 2694 doctrinam

246 2731 288 2798 ad
311 2752 402 2799 suam
428 2731 468 2798 de
498 2734 664 2800 elementis
690 2733 870 2800 doctrinam
898 2734 1108 2816 reduceret2).
1152 2735 1218 2802 Sed
1241 2735 1330 2800 Theo
1408 2747 1409 2778 ³

245 2840 368 2925 phrasti
393 2841 490 2907 ctiam
515 2841 602 2907 illam
626 2842 845 2910 definitionem
871 2863 935 2909 non
961 2845 1026 2910 nisi
1049 2843 1329 2928 interpretationem

246 2969 327 3028 esse,
349 2949 496 3034 primum,
528 2958 564 3016 ut
584 2952 694 3034 paullo
717 2959 792 3019 ante
815 2954 1065 3036 exposuimns³),
1098 2954 1174 3020 inde
1197 2951 1331 3020 concludi

247 3066 361 3143 potest,
384 3059 469 3143 quod
491 3059 702 3144 aSimplioio,
726 3081 746 3126 a
767 3081 830 3144 quo
851 3062 920 3129 solo
935 3062 1081 3146 refertur,
1103 3083 1262 3146 nunquam
1282 3059 1330 3126 ad-

433 3285 582 3356 Simplioii:
995 3289 1159 3358 Philoponi:

248 3379 349 3450 „duilon
369 3381 399 3434 dl
420 3377 460 3436 dur
479 3380 528 3448 τὴν
546 3386 583 3442 εἰς
599 3376 699 3451 ἄλληλα
719 3401 770 3455 με·
824 3386 903 3456 „duat
923 3382 978 3455 γὰρ
1003 3386 1034 3440 ἐν
1060 3387 1099 3461 τῇ
1123 3388 1284 3462 μεταβολῇ
1303 3383 1330 3456 τῇ

246 3474 392 3546 ταβολὴν
409 3480 464 3533 τῶν
472 3474 614 3550 τεσσάρων
628 3487 772 3552 στοιχείων
822 3483 851 3543 ἐξ
861 3478 959 3542 ὕδατος
977 3485 1015 3541 εἰς
1033 3478 1100 3552 ἀέρα
1114 3480 1163 3537 οὐκ
1176 3481 1281 3556 &ptume
1294 3483 1329 3551 ys·

245 3557 323 3632 οὗτος
341 3568 516 3646 θεασάμενος
535 3569 583 3630 oia
602 3571 717 3636 ἄξίωσεν
735 3575 771 3631 ἓν
822 3596 894 3633 veron
918 3575 934 3645 ἡ
957 3573 1133 3650 μετάβασις.
1158 3619 1190 3635 ..
1212 3566 1283 3637 οὗτος
1302 3574 1328 3627 δὲ

226 3683 272 3724 ’τι
286 3665 409 3726 τούτων
428 3669 664 3744 ὑποκείμενον
678 3673 770 3739 ποιῇ·
822 3676 877 3731 τῶν
896 3675 952 3747 μὲν
968 3668 1058 3730 ἄλλων
1075 3667 1327 3745 μᾶλλονκατώρθου,

246 3783 311 3836 σαι,
330 3763 416 3822 ἀλλά
431 3761 769 3840 τιᾶλλοπαρᾶιαῦτα.
820 3766 889 3826 διότι
907 3771 948 3845 μὴ
967 3771 1003 3827 ἕν
1025 3775 1138 3828 τιτῶν
1162 3773 1328 3844 στοιχείων

819 3867 876 3937 τὴν
894 3863 975 3936 ὕλην
998 3870 1120 3940 ἔλεγεν,
1145 3866 1210 3924 eru
1227 3857 1327 3934 ἕτερόν

820 3984 849 4017 τι
868 3961 957 4036 παρὰ
976 3965 1104 4019 facud

346 4081 372 4148 1)
392 4079 462 4136 Vide
479 4099 564 4152 supra
582 4101 609 4153 p.
629 4085 664 4138 47
683 4101 740 4154 sq.;
760 4088 796 4140 50
815 4103 868 4154 sq.;
889 4088 947 4140 145.

343 4175 371 4244 2)
389 4175 460 4231 Vide
478 4195 563 4248 supra
582 4196 610 4248 p.
630 4181 666 4234 60
684 4185 712 4235 et
731 4183 773 4236 54.

343 4272 372 4340 3)
390 4271 462 4328 Vide
479 4291 563 4344 supra
581 4293 609 4344 p.
633 4278 688 4329 146
709 4281 738 4330 et
756 4281 813 4332 not.
835 4281 858 4331 1.
