2862 4910
629 396 680 447 ³11

93 568 192 630 voeis
214 567 720 649 significationemutationem
743 568 795 632 vel
812 567 910 632 etiam
934 574 1080 632 motum
1102 566 1210 632 dicere

94 682 251 757 possunt,
274 681 423 757 quattuor
446 676 618 759 distinguit
638 697 767 759 genera.
815 676 935 741 Horum
967 695 1121 760 generum
1146 676 1209 740 duo

94 786 214 866 priora
237 784 317 850 dioit
336 777 525 866 (γένεσιν
551 787 618 850 sive
630 788 872 868 generationem
895 791 927 850 et
946 773 1210 867 (ἀλλοίωσιν,

94 913 202 974 quam
227 896 419 977 posteriores
443 896 635 977 interpretes
658 915 737 960 vooe
759 895 848 977 apud
873 895 1036 960 Romanos
1058 895 1212 958 inusitata

93 1009 269 1068 verterunt
284 1005 563 1084 alterationem,
586 1023 644 1068 nos
657 1004 846 1087 simpliciter
862 1004 993 1087 propria
1006 1004 1094 1068 voois
1107 1003 1210 1085 signi·

93 1112 255 1177 nuatione
282 1113 532 1177 mutationem
561 1095 727 1195 appellare
756 1132 942 1194 pessumum
973 1111 1117 1194 haeoque
1145 1111 1210 1176 duo

93 1237 224 1300 genera
245 1219 292 1282 ita
314 1217 435 1295 definit,
461 1225 495 1282 ut
517 1218 616 1292 dieat,
647 1239 773 1283 omnem
803 1214 987 1302 μεταβολὴν
1014 1221 1081 1284 sive
1109 1227 1209 1284 muta·

94 1328 224 1392 tionem
247 1328 441 1410 generaliter
463 1327 582 1392 dietam
605 1327 676 1392 fieri
700 1327 732 1391 in
757 1348 791 1393 re
815 1328 925 1410 aliqua
945 1328 1100 1407 suhieeta,
1125 1348 1209 1393 eam-

95 1457 163 1519 que
184 1457 257 1502 esse
278 1428 490 1500 ἇλλοίωσιν
512 1436 859 1502 sivemutationem
882 1439 1034 1521 proprie
1058 1437 1207 1515 dietam,

96 1547 126 1610 si
152 1566 324 1629 quaeres,
358 1546 431 1630 ipsa
461 1547 529 1610 eius
563 1548 703 1610 essentia
735 1546 804 1611 sive
826 1546 931 1611 forma
952 1553 1111 1624 manente,
1146 1566 1208 1611 non

96 1655 166 1719 nisi
200 1655 420 1721 adt'eetionum
453 1657 520 1720 sive
552 1654 769 1720 aooidentium
803 1655 1029 1740 vicissitudine
1060 1661 1207 1731 mutetur,

95 1785 173 1832 esse
209 1772 316 1830 autem
351 1762 500 1846 γένεσιν
532 1765 616 1828 sive
643 1765 948 1847 generationem,
982 1765 1115 1846 siquae
1148 1785 1209 1846 res,

97 1895 193 1940 suam
215 1875 317 1957 ipsius
340 1874 475 1938 formam
499 1875 662 1954 amittens,
684 1880 751 1939 tota
775 1874 807 1937 in
829 1875 928 1938 aliam
950 1874 1084 1938 formam
1105 1883 1206 1940 trans·

98 1982 201 2064 eat1).
246 1985 313 2048 Iam
336 2003 413 2048 vero
435 1982 532 2048 faoile
555 1982 742 2065 ostenditur,
773 1984 853 2048 loeis
886 1983 951 2047 illis
978 2003 1076 2067 supra
1097 1986 1207 2050 lauda-

96 2093 142 2157 tis
165 2083 378 2168 dilectiores
397 2094 589 2158 venabulum
614 2113 653 2158 ea
668 2093 908 2176 significatione
931 2094 1085 2176 intellegi,
1110 2114 1206 2177 quarn

98 2203 291 2268 Aristoteles
326 2202 385 2266 hac
414 2201 600 2267 delinitione
635 2202 825 2266 sanciverat.
879 2201 917 2266 Id
951 2203 1035 2268 enirn
1070 2205 1208 2287 primum

98 2311 178 2378 inde
203 2310 417 2395 colligendum
441 2318 498 2386 est,
523 2311 610 2392 quod
632 2311 704 2393 ipra
726 2311 784 2375 illa
806 2313 974 2392 sententia,
1007 2313 1205 2378 Anaximan-

98 2421 195 2486 drum
218 2441 281 2485 non
303 2421 414 2503 aliqua
435 2420 589 2502 principii
612 2419 789 2484 mutatione
822 2417 887 2496 (od
910 2417 977 2481 κατ’
1000 2410 1206 2505 ἀλλοίωσιν)

97 2531 159 2595 sed
188 2532 420 2596 contrariorum
454 2531 633 2596 secretione
671 2529 904 2594 multitudinem
938 2549 1102 2613 generare,
1137 2533 1207 2596 siue

98 2641 201 2708 dubio
225 2649 353 2724 sumpta
386 2650 435 2708 est
467 2639 746 2724 aTheophrasto,
770 2639 930 2720 siquidem
964 2639 1052 2723 apud
1076 2638 1205 2721 Simpli-

97 2752 186 2816 eium
219 2771 258 2816 eo
291 2752 361 2834 ipso
394 2752 465 2815 loeo
493 2750 621 2832 legitur,
656 2769 751 2830 quem
775 2767 792 2812 e
816 2735 1041 2830 Theophrasto
1074 2747 1205 2814 fluxisse

96 2859 340 2937 ostendimus‘2).
396 2859 521 2924 Deinde
556 2859 637 2942 ipsis
676 2841 742 2921 illis
778 2858 857 2922 loeis
894 2863 1004 2939 aperte
1034 2856 1203 2922 indicatur.

96 2969 183 3033 Nam
207 2969 293 3034 hisee
315 2969 397 3036 loeis
425 2987 508 3051 quae
538 2968 656 3032 dieitur
678 2957 863 3048 ἀλλοίωσις,
898 2987 960 3031 οοο
992 2967 1058 3031 alia
1081 2969 1203 3032 intelle-

96 3078 187 3162 gitur
220 3080 284 3144 nisi
313 3079 569 3144 condensatio
603 3085 639 3143 et
671 3077 902 3158 rareiaeti03
935 3076 1015 3141 haee
1037 3077 1120 3141 enim
1143 3083 1203 3158 est,

203 3311 227 3376 l)
248 3309 320 3364 Satis
342 3310 404 3377 erit,
424 3309 459 3363 ad
479 3328 538 3363 rem
557 3309 757 3363 illustrandam
778 3326 864 3361 unum
885 3307 996 3361 adferre
1016 3308 1116 3371 locum,
1136 3307 1204 3362 Gen.

97 3409 186 3462 Corr.
198 3408 221 3475 1,
241 3411 266 3460 l.
286 3406 390 3461 319¹)ss
410 3424 459 3476 sq,
479 3406 527 3460 ubi
548 3406 616 3460 haee
637 3406 780 3475 leguntur:
810 3409 888 3473 „asel
915 3405 945 3456 δὲ
964 3408 1134 3472 γενέσεως
1151 3410 1205 3458 καὶ

96 3499 313 3561 ἀλλοιώσεως
332 3505 459 3574 λέγωμεν
477 3508 504 3555 τί
521 3503 713 3573 διαφέρουσιν·
736 3501 833 3572 φαμὲν
851 3497 904 3568 γὰρ
919 3500 1088 3570 {adparatum
1109 3493 1206 3559 τοὺτος

96 3597 147 3659 τὰς
166 3596 321 3670 μεταβολὰς
339 3592 473 3664 ἀλλήλων·
494 3595 589 3662 ἐπειδὴ
609 3589 658 3649 οὖν
677 3598 738 3649 ἔστί
754 3617 776 3649 re
798 3593 828 3649 rh
848 3593 1077 3666 ὑποκείμενον
1096 3594 1204 3648 aeliae·

96 3714 148 3764 pov
166 3692 197 3748 ui
218 3689 337 3760 πάθος,
364 3690 378 3746 ὃ
399 3692 466 3746 κατὰ
491 3694 538 3746 τοῦ
564 3691 747 3764 ὑποκειμένου
772 3697 902 3761 λέγεσθαι
928 3697 1054 3759 πέφυκεν
1077 3735 1082 3746 .
1104 3733 1109 3745 .
1131 3735 1135 3746 .
1156 3689 1204 3744 ἀλ-

96 3796 178 3845 λοίω
187 3807 239 3849 σος
256 3796 311 3862 μέν
320 3792 404 3858 ἔστιν,
424 3785 492 3843 ὅταν
502 3789 690 3859 ὑπομένοντος
702 3782 748 3842 νοῦ
761 3787 953 3860 ὑποκειμένου,
971 3790 1104 3853 αἰσθητοῦ
1117 3782 1203 3857 ὄντος,

97 3881 254 3959 μεταβάλλῃ
279 3888 309 3940 ἐν
331 3893 386 3944 τοῖς
412 3883 497 3939 αὐτοῦ
524 3881 645 3939 πάθεσιν
668 3929 673 3939 .
694 3929 699 3938 .
721 3928 726 3939 ,
746 3881 812 3938 ὅταν
836 3885 860 3935 ‹l’
889 3884 954 3939 ὅλον
981 3881 1135 3958 μεταβάλλῃ
1163 3883 1203 3956 μὴ

97 4082 144 4145 τῆς
163 4081 246 4147 γονῆς
265 4074 333 4150 οἶμα
353 4073 453 4146 πάσης,
472 4075 529 4144 ἢίξ
547 4073 644 4137 hilaros
667 4076 719 4147 ἀὴρ
741 4071 755 4143 ἢ
779 4079 807 4138 ἐξ
831 4075 911 4146 ἀέρος
930 4077 1033 4136 παντὸς
1054 4074 1135 4148 ὕδωρ,
1154 4085 1204 4149 γέ·

98 4196 192 4236 νεσις
209 4171 262 4241 ἤδη
279 4177 425 4231 aaronem
465 4176 505 4230 Cf.
526 4176 606 4244 Phys.
628 4177 660 4244 V,
681 4178 706 4229 2.
726 4178 799 4228 226⁸
814 4179 848 4229 26
868 4195 908 4245 sq.
929 4183 957 4230 et
975 4177 993 4230 b
1015 4180 1037 4230 l.

199 4272 228 4342 2)
248 4273 371 4342 Simplie.
392 4273 471 4339 Phys.
494 4276 519 4340 6,
539 4291 564 4340 a,
583 4291 609 4341 p.
632 4273 702 4326 med.
722 4273 784 4325 Vid.
804 4290 888 4341 supra
906 4291 934 4341 p.
957 4275 1005 4326 144
1025 4280 1053 4328 et
1072 4279 1130 4328 not.
1150 4277 1174 4327 2.
