2860 4906
756 343 811 396 aet

230 537 301 582 eam
323 516 398 594 vim,
420 533 486 596 qua
507 511 671 577 efficiente
694 533 712 576 e
735 518 853 578 natura
877 511 1011 578 humida
1034 533 1151 579 omnes
1171 513 1290 579 mundi
1313 532 1358 577 rea

231 628 445 710 gignerentur.
468 621 560 686 Hane
584 629 694 686 autem
707 642 823 686 revera
847 623 1089 688 Anaximandri
1111 624 1220 690 inisse
1243 625 1357 690 doetri-

232 753 318 813 nam,
339 731 466 797 dnobus
489 733 590 796 etiam
612 738 761 796 veterum
784 731 868 796 loeis
891 731 1114 814 confirmatur,
1138 736 1262 816 quihus
1283 735 1354 798 looie

232 839 395 926 quandam
418 844 520 925 ipsius
542 840 691 906 veritatis
714 841 909 905 memoriam
921 842 1070 924 subesse,
1095 862 1138 908 ex
1160 845 1200 908 iis
1217 843 1352 924 demum,

234 969 316 1036 quae
339 957 438 1016 autea
466 949 619 1027 diximus,
649 951 746 1033 plane
774 952 995 1032 eognoaeitnr.
1040 952 1137 1017 Unus
1162 953 1257 1017 loeus
1278 953 1356 1017 Her-

234 1064 317 1128 miae
341 1069 399 1139 eat,
428 1061 493 1143 qui,
527 1065 699 1144 postquam
722 1059 860 1124 Thalem
890 1059 976 1124 dixit
998 1063 1110 1125 omnia
1133 1081 1176 1126 ex
1197 1060 1354 1126 humido

236 1169 288 1254 (ἐκ
308 1177 371 1231 τοῦ
393 1169 510 1252 ὑγροῦ)
534 1189 702 1253 generare,
730 1168 1014 1234 Anaximandrum
1042 1171 1091 1234 ait
1114 1172 1353 1256 principium

237 1298 383 1368 ponere
412 1280 497 1363 ipso
526 1277 681 1342 humido
708 1278 923 1359 antiquina,
959 1281 1198 1362 sempiternum
1229 1289 1355 1360 motum,

237 1407 303 1473 quo
326 1388 391 1452 aha
406 1407 533 1471 semper
544 1387 701 1467 oriantur,
725 1386 793 1450 alia
806 1386 972 1452 intereant
980 1390 1016 1466 ¹).
1062 1388 1136 1466 Quo
1151 1391 1225 1455 loeo
1247 1397 1354 1474 aperte

239 1497 358 1564 Thales
381 1504 412 1560 et
436 1494 681 1562 Anaximander
703 1497 750 1560 ita
772 1497 857 1560 inter
887 1516 923 1561 se
947 1503 1191 1580 comparantur,
1218 1505 1253 1563 nt
1273 1505 1354 1565 nter-

239 1627 303 1694 qne
324 1613 503 1671 naturam
525 1603 720 1669 humidam
743 1606 886 1669 omnium
909 1625 1018 1670 rerum
1030 1609 1204 1673 materiam
1226 1627 1350 1693 ponere,

239 1715 485 1787 Anaximander
516 1723 625 1780 autem
646 1735 667 1778 a
689 1713 826 1779 Thalete
859 1734 899 1778 eo
930 1714 1063 1781 differre
1097 1716 1236 1800 dieatur,
1270 1717 1352 1800 quod

240 1832 325 1896 hano
347 1815 516 1892 materiam
538 1825 703 1909 principio
725 1823 867 1906 quodam
896 1827 1007 1908 priore
1035 1832 1141 1891 ortam
1170 1848 1242 1893 esse
1268 1830 1348 1893 velit.

241 1940 334 2008 Alter
354 1937 442 2002 loeus
464 1935 585 2018 legitur
608 1935 641 1999 in
656 1934 741 1998 libro
758 1932 798 1998 de
819 1933 962 2015 Melisao,
984 1933 1202 2018 Xenophane,
1224 1936 1351 2020 Gorgia,

244 2069 308 2134 quo
331 2054 443 2112 eontra
465 2046 632 2112 Meliaaum
654 2049 851 2128 proponitur,
879 2042 951 2107 fieri
974 2045 1072 2109 etiam
1099 2065 1208 2128 posse,
1235 2055 1268 2112 nt
1288 2067 1350 2110 om-

245 2161 301 2228 nia
321 2178 380 2243 per
402 2178 437 2223 se
460 2175 525 2221 una
540 2157 644 2220 solum
665 2160 780 2219 natura
803 2155 871 2218 sive
894 2155 1021 2235 speeies
1045 2155 1122 2230 sint,
1146 2156 1226 2222 haee
1246 2163 1349 2222 antem

246 2277 363 2339 natura
376 2264 608 2334 mutationibus
624 2263 818 2347 quibusdam
841 2284 883 2328 ex
904 2283 978 2328 sese
993 2283 1101 2330 rerum
1117 2264 1349 2331 multitudinem

246 2384 391 2466 generet,
416 2373 686 2460 quemadmodum
708 2371 950 2438 Anaximander
978 2375 1088 2438 omnia
1112 2372 1202 2440 dieat
1222 2394 1350 2456 aquam

250 2508 333 2566 ease,
357 2488 575 2553 Anaximenes
596 2490 704 2548 autern
726 2481 877 2564 aerem2).

349 2597 498 2680 Denique
513 2593 710 2677 generaliter
724 2611 830 2675 panea
845 2590 885 2656 de
908 2593 980 2675 ipsa
994 2591 1125 2658 illorum
1141 2593 1272 2659 duorum
1289 2594 1349 2657 ele-

248 2715 427 2777 mentorum
438 2705 589 2792 opinione
598 2701 750 2768 addenda
761 2708 841 2766 sunt.
865 2701 979 2783 ltaque
991 2703 1018 2766 ai
1030 2705 1226 2787 quaerimus,
1236 2701 1346 2785 quibus

249 2817 432 2886 rationibus
455 2815 569 2882 duetus
581 2810 824 2878 Anaximander
846 2816 995 2876 naturam
1017 2811 1149 2894 igneam
1164 2820 1196 2878 et
1211 2818 1345 2877 naturam

250 2929 413 2998 humidam
430 2921 502 3014 (τὴν
515 2921 671 3008 ὑγρασίαν
682 2921 735 2985 καὶ
751 2917 809 3009 τὴν
821 2919 942 3004 φλόγα)
963 2941 1070 2986 rerum
1089 2923 1249 2988 elementa
1260 2938 1348 3004 posn-

260 3170 457 3178 ---.

354 3303 379 3371 1)
397 3299 492 3355 Herm.
508 3298 569 3351 Iris.
590 3295 669 3349 (ient.
689 3294 749 3362 α,4
778 3292 863 3362 (apud
887 3291 992 3360 Migne,
1016 3289 1124 3344 Patrol.
1143 3289 1191 3357 VI,
1210 3307 1235 3358 p.
1258 3287 1343 3352 nro:

253 3397 328 3472 „sttt’
348 3398 363 3453 ὁ
383 3400 493 3462 πολίτης
511 3391 593 3447 αὐτοῦ
609 3389 834 3463 Ἀναξίμανδρος
851 3389 907 3441 τοῦ
926 3385 1030 3457 ὑγροῦ
1055 3389 1242 3456 περσβιαέραν
1265 3378 1343 3452 ἀρχὴν

254 3499 320 3553 εἶναι
347 3499 418 3568 λέγει
441 3491 491 3560 τὴν
514 3489 606 3544 ἀΐδιον
629 3493 750 3555 κίνησιν,
774 3489 818 3539 καὶ
843 3479 922 3557 ταύτῃ
948 3480 981 3536 τὰ
1005 3481 1061 3553 μὲν
1087 3483 1240 3552 γεννᾶσθαι
1265 3477 1293 3532 τὰ
1313 3475 1340 3528 di

255 3591 452 3666 ‹piisipaodarf‘

353 3693 381 3760 2)
400 3691 508 3744 Auctor
526 3684 560 3738 de
579 3681 681 3736 Meliss.
705 3679 775 3733 Xon.
795 3677 880 3746 Gorg.
898 3677 928 3729 in
947 3675 1066 3729 Aristot.
1087 3676 1162 3736 9751,
1176 3676 1222 3727 21:
1247 3673 1296 3742 „in
1315 3668 1341 3720 di

256 3785 339 3842 οὐδὲν
359 3779 462 3854 κωλύει,
486 3785 555 3854 μίαν
572 3775 631 3833 τινὰ
654 3769 741 3830 οὖσαν
761 3771 793 3828 τὸ
814 3775 872 3827 πᾶν
891 3769 1015 3845 μορφήν,
1040 3771 1077 3830 alc
1095 3775 1141 3824 καὶ
1161 3768 1342 3839 ὁ’Λναξ(μαν·

257 3885 322 3954 ὅρος
340 3888 384 3937 καὶ
403 3881 418 3936 ὁ
436 3881 619 3950 Ἀναξιμένης
642 3878 777 3944 λέγουσιν,
800 3871 815 3925 ὁ
841 3871 909 3942 μὲν
931 3866 1019 3939 ὕδωρ
1043 3869 1129 3922 εἶναι
1156 3862 1299 3939 φάμενος
1315 3857 1342 3914 τὸ

257 3981 323 4048 πᾶν,
342 3979 357 4033 ὁ
378 3980 410 4033 δὲ
430 4019 463 4032 ..
493 3972 569 4046 ἀέρα,
590 4014 597 4027 .
618 4015 623 4026 .
645 4013 675 4025 ..
699 3971 778 4024 τοῦτο
799 3963 851 4036 ἤδη
879 3963 1008 4038 σχήμασί
1031 3982 1059 4018 τε
1082 4006 1088 4017 .
1112 4002 1119 4015 .
1144 4005 1176 4018 ..
1201 3959 1283 4016 πολλὰ
1307 3961 1341 4010 καὶ

258 4072 357 4148 ἄπειρα
376 4069 442 4129 ὄντα
460 4091 488 4126 τε
507 4075 553 4125 καὶ
569 4065 722 4140 γιγνόμενα
741 4060 973 4138 ἅπεργὰζεσθαι.“
994 4061 1074 4130 Quod
1093 4061 1129 4116 ad
1143 4061 1197 4115 loci
1210 4059 1341 4114 lectionem

259 4175 370 4235 attinet,
390 4189 451 4226 oum
462 4167 614 4223 Multaehio
633 4165 732 4233 soripei
753 4154 840 4216 οὖσαν
857 4178 909 4230 pro
930 4157 1028 4212 οὐσίαν
1045 4163 1073 4212 et
1085 4153 1283 4227 ἀπεργάζεσθαι
1300 4168 1341 4222 pro

259 4265 446 4340 ἀπεργάζεται.
