2850 4904
749 367 803 418 142

230 540 301 606 dem
322 541 463 606 locorum
487 538 727 621 comparatione
751 533 1028 601 Anaximandrum
1055 531 1206 616 cognosci
1231 529 1311 596 huius
1417 537 1418 590 l

228 648 382 734 principii
404 653 576 730 auctorem,
607 644 643 712 id
667 644 755 728 qnod
783 650 898 728 postea
925 643 1110 710 accuratius
1133 640 1311 707 demonstra·

230 760 325 826 bitur.
369 756 488 836 Quare,
510 755 539 822 si
562 756 756 839 interpretes
779 755 830 820 illi
853 753 937 820 hane
957 752 1123 820 notionem
1146 772 1187 818 ex
1208 753 1312 817 Aristo·
1417 763 1418 766 ’

229 868 293 934 tete
314 867 577 949 informaverunt,
592 885 657 932 non
678 885 760 951 opus
782 873 832 931 est
844 871 987 932 statuere
1002 882 1058 929 eos
1073 861 1159 928 hanc
1172 861 1314 927 notionem

230 997 294 1044 uon
328 975 393 1042 nisi
428 975 615 1042 coniectura
646 973 690 1040 ad
721 973 1003 1040 Anaximandrum
1039 972 1215 1039 rettulisse.
1263 968 1315 1035 Sed

230 1085 379 1168 quamuis
399 1084 485 1150 lranc
506 1083 668 1151 notionem
691 1083 1032 1166 Anaximandrumque
1067 1082 1138 1147 eius
1171 1086 1315 1146 auctorem
1417 1091 1418 1106 ¹

233 1214 274 1260 ex
311 1195 380 1260 solo
401 1193 576 1260 Aristotele
606 1194 770 1277 potuerint
798 1213 1001 1278 cognoscere,
1034 1200 1144 1258 tamen
1179 1210 1233 1256 eos
1265 1209 1317 1254 non

232 1304 371 1389 primum
388 1299 434 1369 ¹ex
455 1302 630 1369 Aristotele
653 1303 846 1386 cognovisse
870 1303 944 1388 ipsa
965 1301 1262 1370 commentariorum
1277 1319 1318 1362 ra·
1417 1291 1418 1296 ’

231 1415 320 1480 tione
342 1415 506 1498 probatur.
551 1412 693 1478 Primum
727 1413 777 1479 illi
806 1412 1005 1497 interpretes
1035 1413 1070 1477 in
1099 1407 1321 1478 commentariis

211 1522 281 1591 ‚ita
302 1543 431 1606 semper
461 1521 501 1588 de
523 1521 758 1587 Anaximandri
791 1521 952 1606 principio
986 1522 1168 1605 loquuntur,
1201 1528 1234 1586 ut
1261 1517 1322 1582 eius

234 1633 395 1696 notionem
419 1630 592 1696 uideantur
612 1628 745 1695 aliunde
768 1630 932 1714 cognitam
945 1629 1091 1712 adferre,
1113 1650 1175 1696 nec
1197 1647 1268 1694 vero
1286 1646 1323 1690 cx
1417 1683 1418 1688 ,

233 1739 418 1806 Aristotelis
451 1738 532 1804 locis
568 1739 730 1822 colligere.
774 1739 924 1822 Namque
951 1739 1141 1824 Simplicius
1173 1747 1205 1804 et
1224 1736 1326 1802 Philo·

233 1869 337 1934 ponus
358 1847 513 1934 principii
545 1846 634 1914 illius
657 1850 821 1914 notionem
843 1850 1089 1914 accuratissime
1116 1853 1275 1932 exponunt
1293 1844 1325 1910 iu

234 1957 380 2041 generali
402 1957 461 2024 illa
472 1957 513 2024 de
526 1956 790 2042 philosophorum
806 1958 1026 2040 antiquiorum
1041 1957 1213 2042 principiis
1225 1957 1327 2040 dispu-

235 2067 368 2150 tatione,
398 2086 481 2149 quae
503 2065 666 2132 antecedit
697 2086 753 2132 eos
785 2069 884 2150 locos,
917 2067 1034 2150 quibus
1061 2068 1263 2134 Aristotelem
1289 2063 1328 2128 de
1417 2065 1418 2118 i

236 2178 293 2242 illo
315 2176 478 2260 principio
499 2177 681 2258 loquentem
694 2175 874 2259 explicaut;
896 2183 994 2259 atque
1005 2176 1186 2243 Alexandri
1208 2193 1329 2260 quoquc
1417 2261 1418 2270 ἦ

235 2284 324 2350 locus
346 2283 384 2362 is,
407 2303 472 2366 quo
494 2283 554 2348 hoc
576 2282 771 2367 principium
794 2282 893 2350 refert
913 2285 1037 2368 pariter
1059 2285 1143 2350 iuter
1174 2284 1237 2351 duo
1256 2284 1330 2348 bina

236 2393 397 2458 elementa
412 2392 551 2458 medium
574 2392 650 2474 dici,
666 2392 806 2476 pertinet
828 2392 871 2458 ad
885 2394 1029 2476 aliquem
1043 2393 1330 2478 Metaphysicorum

231 2502 350 2584 locum,
383 2521 447 2584 qno
470 2502 658 2568 Aristoteles
690 2504 813 2569 nullom
840 2503 939 2568 etiam
970 2501 1124 2586 principii
1158 2504 1241 2568 inter
1273 2501 1332 2566 duc
1417 2577 1418 2600 Χ

236 2612 396 2676 elementa
428 2609 527 2676 medii
559 2611 754 2678 mentionem
791 2610 882 2686 secitr
927 2630 1120 2694 quamquam
1153 2610 1333 2678 Alexander

237 2719 367 2802 quidem
387 2719 424 2785 id
445 2740 463 2785 e
486 2720 578 2785 libris
606 2718 646 2784 de
670 2719 886 2786 Generatione
914 2727 947 2786 et
969 2719 1184 2804 Corruptione
1214 2738 1333 2786 sumere

238 2831 350 2913 potuit,
372 2829 489 2913 quibus
512 2830 621 2913 paullo
648 2835 723 2894 ante
744 2829 828 2895 dixit
854 2829 914 2895 hoc
927 2830 1132 2918 principium
1155 2813 1197 2896 ab
1218 2831 1333 2896 Aristo·

237 2941 301 3006 tele
323 2940 503 3004 memorari.
548 2939 586 3003 In
608 2937 823 3021 explicandis
846 2945 954 3004 antem
977 2938 1020 3004 iis
1042 2939 1228 3006 Aristotelis
1249 2941 1333 3014 locis,

233 3049 354 3132 'quibus
377 3048 405 3116 is
427 3043 466 3113 uri
489 3042 580 3130 παρὰ
600 3042 802 3127 τὰστοιχεῖα
823 3049 875 3114 vel
893 3043 932 3110 τὸ
949 3045 1071 3130 preroga·
1088 3057 1254 3132 memorat,
1275 3067 1332 3114 nou

237 3160 285 3226 ita
305 3167 485 3236 versantur,
509 3166 544 3225 ut
566 3157 607 3223 de
629 3157 725 3224 huius
740 3157 895 3241 principii
920 3165 976 3224 aut
989 3158 1121 3225 notione
1137 3168 1195 3224 aut
1209 3167 1333 3225 auctore

238 3287 391 3351 quaerere
414 3269 464 3334 vel
486 3287 526 3333 ex
548 3267 629 3350 ipsis
652 3268 732 3334 locis
763 3267 889 3351 aliquid
920 3267 961 3334 de
994 3267 1056 3334 hac
1087 3287 1122 3332 re
1149 3269 1333 3334 concludere
1354 3280 1356 3284 ·

238 3377 419 3460 videantur,
446 3377 504 3444 sed
527 3379 615 3462 ipsos
639 3378 726 3444 locos
749 3398 788 3443 eo
811 3364 984 3462 explicant,
1014 3377 1100 3460 quod
1127 3372 1167 3442 τὸ
1189 3379 1281 3458 παρὰ
1298 3374 1335 3440 τὰ

239 3489 385 3567 στοιχεῖα
406 3493 439 3552 et
459 3481 497 3550 τὸ
524 3481 644 3568 μεταξὺ
674 3486 864 3572 simpliciter
892 3487 934 3553 ad
956 3487 1235 3553 Anaximandrum
1261 3495 1332 3554 tam-

240 3617 335 3679 quam
357 3602 467 3662 notum
495 3597 565 3662 eius
592 3603 756 3663 auctorem
776 3596 938 3684 referunt;
972 3603 1004 3662 et
1037 3617 1233 3680 quamquam
1259 3596 1333 3664 Sim·

240 3706 357 3790 plicius
382 3706 415 3771 in
441 3705 635 3789 explicando
664 3707 744 3784 loco,
776 3707 832 3788 qui
854 3707 975 3789 legitur
996 3706 1094 3791 Phys.
1117 3707 1142 3790 Ι,
1164 3707 1195 3789 l,
1228 3705 1334 3789 quiin

226 3815 303 3881 ¹hac
323 3835 357 3881 re
383 3816 593 3900 gravissimus
617 3824 674 3900 est,
697 3814 917 3900 discrepantes
941 3817 1039 3882 etiarn
1061 3816 1102 3881 de
1117 3823 1252 3882 naturae
1274 3833 1333 3880 me·

242 3926 317 3992 diae
340 3933 470 3993 anctore
493 3925 669 3994 sententias
692 3925 805 4008 adfert,
828 3931 936 3992 minen
960 3925 1031 4009 ipse
1054 3925 1117 3990 iam
1139 3931 1236 3992 antea
1257 3923 1333 3990 hauc

241 4039 389 4102 naturam
411 4034 653 4101 Anaximandro
680 4035 793 4100 tribuit
807 4035 838 4110 ¹).
883 4035 921 4100 In
953 4034 1138 4100 uniuersum
1165 4040 1272 4099 antem
1298 4047 1333 4096 ex

345 4260 371 4328 1)
391 4259 419 4313 Si
437 4275 585 4328 ponamus,
609 4223 777 4328 interpretes
805 4258 867 4312 illos
891 4259 1015 4328 primum
1033 4277 1067 4314 ex
1084 4259 1238 4314 Aristotele
1258 4256 1332 4312 colle·
