2864 4910
632 401 685 454 sot

89 570 190 654 ignis
215 571 358 639 inclusus
391 573 435 639 ad
463 592 522 640 nos
551 573 734 656 effulgeret3
766 571 909 638 vidimus
942 573 1093 656 deniqne,
1127 573 1208 639 haec

88 680 264 746 foramina
286 682 445 749 luminosa
468 685 579 750 stellas
602 703 673 748 esse
697 703 763 764 eas,
786 702 870 765 quae
892 683 987 748 nobis
1002 690 1206 768 apparerent,

89 810 196 856 veras
221 797 330 856 autem
353 793 465 858 stellas
488 794 575 876 ipsos
599 793 672 859 illos
693 793 787 858 orbes
811 794 925 876 igneos
947 813 1018 858 esse
1041 793 1139 860 aeriis
1156 813 1207 858 or·

90 899 196 965 bibus
221 900 456 966 circumclusos.
501 901 595 966 Nunc
623 920 699 967 vero
726 907 795 966 tota
815 902 941 966 orbium
964 901 1091 966 illorum
1112 902 1206 983 ratio,

89 1010 213 1074 multis
237 1010 336 1074 etiam
358 1012 501 1076 numeris
522 1010 668 1093 obscura,
691 1010 882 1094 diligentins
904 1009 1131 1093 investiganda
1146 1017 1205 1077 est.

203 1119 273 1183 Iam
296 1119 374 1201 quid
396 1120 537 1185 omnium
560 1121 700 1203 primum
723 1119 942 1203 quaerendum
964 1121 1016 1196 sit,
1040 1120 1089 1185 sic
1108 1125 1206 1203 patet.

91 1226 183 1292 Cum
206 1227 301 1293 orbes
324 1229 373 1292 illi
396 1248 434 1293 eo
457 1228 605 1294 dicantur
636 1235 706 1294 orta
729 1249 811 1310 esse,
843 1228 930 1310 quod
957 1248 1012 1293 aer
1034 1227 1206 1312 sphaeram

90 1339 231 1418 igneam
264 1336 422 1421 diruperit
453 1343 626 1421 partesque
668 1338 813 1420 diruptas
844 1337 978 1402 orbibus
1010 1337 1206 1420 quibusdam

90 1447 278 1524 incluserit,
301 1447 398 1513 lacile
411 1447 620 1532 intellegitur,
641 1448 676 1513 id
699 1447 822 1532 duplici
846 1447 941 1512 modo
963 1446 1034 1513 fieri
1048 1447 1204 1530 potuisse,

90 1555 241 1637 primum
264 1558 317 1632 ita,
338 1562 373 1621 ut
390 1576 447 1622 aer
462 1556 634 1640 sphaeram
650 1557 778 1640 igneam
801 1555 966 1621 circulis
988 1555 1205 1640 parallelis

93 1665 262 1748 diruperit
284 1664 407 1748 hacque
429 1687 463 1732 re
479 1686 551 1730 cam
572 1667 612 1732 in
636 1667 769 1750 plures
790 1666 961 1732 annulos
983 1666 1206 1749 parallelos

93 1795 168 1857 per
181 1780 306 1840 totum
322 1774 516 1858 sphaerae
532 1775 718 1841 ambitum
741 1777 1027 1841 circumeuntes
1048 1775 1206 1859 diviserit,

94 1881 222 1948 deinde
245 1885 299 1964 ita,
333 1891 367 1949 ut
400 1904 471 1949 eam
505 1904 809 1968 quoquoversus
842 1884 1001 1968 diruperit
1029 1905 1134 1978 eoque
1161 1886 1205 1951 in

94 2000 237 2074 partes
259 1993 367 2057 conis
390 1992 665 2077 cylindrisque
697 1994 758 2059 vel
780 1993 876 2059 aliis
901 1994 1097 2060 eiusmodi
1120 2015 1201 2060 cor-

95 2101 264 2183 poribus
287 2102 441 2167 similes
464 2102 640 2167 disciderit.
685 2102 722 2167 Si
746 2100 825 2167 illud
847 2102 1016 2185 accipitur,
1039 2104 1205 2170 stellarum

95 2211 196 2276 orbes
220 2216 293 2275 sunt
315 2211 453 2275 annuli
475 2211 576 2276 aerii
608 2211 746 2294 igneos
769 2212 939 2277 annulos
969 2213 1205 2279 circumclu-

96 2319 252 2402 dentes
281 2321 336 2402 qui
370 2341 428 2404 per
459 2326 559 2386 totum
590 2322 673 2386 coeli
705 2321 861 2386 ambitum
884 2323 1060 2405 pertineut;
1094 2323 1122 2388 si
1144 2321 1205 2388 hoc
1260 2343 1263 2351 ·

97 2429 242 2513 ponitur,
266 2435 339 2495 sunt
362 2429 540 2513 cylindri
563 2431 666 2496 aerii
695 2429 899 2513 cylindros
923 2430 1064 2514 igneos
1087 2433 1204 2498 inclu-

96 2538 252 2617 dentes,
275 2539 329 2620 qui
354 2540 387 2602 in
412 2538 551 2604 diversis
574 2540 725 2605 circuitus
748 2540 829 2605 locis
851 2540 894 2605 ad
917 2539 1033 2606 libram
1056 2543 1204 2624 suspensi

98 2647 146 2711 ita
169 2653 254 2727 sunt,
277 2652 312 2712 ut
334 2649 469 2714 inferior
493 2669 603 2714 eorum
624 2649 777 2732 planities
799 2648 893 2714 nobis
915 2648 1056 2714 adversa
1077 2649 1130 2720 sit.
1155 2650 1203 2716 Ac
1300 2653 1302 2658 '

97 2776 221 2833 rursus,
244 2762 339 2838 prout
370 2762 426 2821 ant
453 2755 514 2821 boc
542 2762 597 2821 aut
620 2757 700 2822 illud
724 2758 861 2840 ponitur,
894 2758 1053 2840 sphaerae
1087 2759 1202 2842 igneae

99 2864 316 2948 diruptionem
332 2871 389 2930 aut
407 2866 584 2948 posteriore
599 2864 694 2930 modo
710 2855 836 2946 oportet
850 2873 907 2930 aut
921 2870 1027 2948 priore
1043 2867 1200 2932 evenisse.

98 2973 328 3051 Quaerendum
339 2973 439 3057 igitur
455 2979 512 3056 est,
534 2974 646 3039 horum
657 2980 762 3039 utrum
773 2974 1014 3040 Anaximandro
1032 2976 1200 3060 placuerit.

201 3084 338 3148 Exstant
374 3083 534 3166 quaedam
567 3084 692 3149 orbium
734 3085 862 3149 illorum
893 3083 1126 3168 descriptiones
1159 3085 1201 3149 ab

99 3196 290 3280 Hippolyto,
314 3194 527 3271 Theodoreto,
560 3195 755 3260 Plaoitorum
783 3195 994 3280 scriptoribus
1027 3195 1201 3260 memoriae

99 3305 256 3390 proditae,
286 3304 401 3370 breves
432 3304 562 3386 quidem
595 3306 653 3370 sed
684 3309 869 3386 accuratae,
900 3304 1019 3386 quibus
1050 3305 1124 3387 ipsa
1154 3306 1201 3369 rei

100 3415 310 3498 singularitas
333 3413 429 3479 fidem
451 3413 540 3478 fucit.
583 3414 633 3480 Ab
656 3413 707 3478 his
731 3415 829 3496 igitur
851 3413 1118 3498 proficiscendum
1142 3419 1200 3479 est.

99 3524 221 3589 Omnes
253 3523 315 3588 hae
338 3522 571 3606 descriptiones
603 3544 637 3588 re
660 3523 791 3605 quidem
823 3525 953 3588 omnino
984 3525 1200 3603 consentiunt,

99 3633 209 3698 verbis
231 3640 338 3697 autem
360 3631 521 3696 interdum
546 3631 670 3715 aliquid
693 3631 865 3704 differunt;
890 3653 1001 3697 verum
1025 3631 1105 3697 haec
1126 3633 1201 3716 ipsa

99 3743 270 3808 verborum
292 3741 477 3806 differentia
500 3741 659 3807 eiusmodi
680 3747 739 3824 est,
761 3749 796 3805 ut
807 3742 909 3825 ipsius
924 3742 972 3806 rei
984 3741 1201 3823 cognitionem
1269 3815 1277 3826 ι

99 3870 219 3933 magno
251 3870 348 3933 opere
380 3848 518 3916 adiuvet.
566 3849 672 3928 Quare
704 3851 850 3932 quotiens
883 3849 930 3913 illi
960 3851 1134 3933 scriptores
1166 3848 1200 3914 in

100 3959 245 4025 eiusdem
267 3961 313 4023 rei
335 3959 553 4042 descriptione
575 3959 684 4024 verbis
707 3959 868 4041 differunt,
896 3978 1004 4023 eorum
1026 3958 1091 4022 loci
1115 3978 1202 4023 scor-

102 4089 171 4134 sum
195 4068 389 4133 adlerentur.
434 4067 516 4133 Sunt
547 4069 623 4132 illae
646 4066 879 4150 descriptiones
902 4066 1098 4150 tripartitae3
1131 4087 1200 4151 per-

101 4181 204 4243 tinent
235 4179 321 4243 enim
350 4179 392 4243 ad
420 4177 655 4243 Anaximandri
689 4178 883 4242 sententiam
917 4175 965 4242 de
999 4177 1129 4242 stellis
1162 4177 1201 4240 in

103 4289 332 4367 universum,
355 4288 402 4353 de
425 4289 516 4366 sole,
536 4287 577 4352 de
597 4287 695 4352 luna.
