2850 4904
623 377 674 432 217

68 553 229 618 ximandri
267 555 462 620 sententiam
480 597 482 602 2
497 553 691 636 respiciens,
729 550 906 617 absurdum
940 569 1012 616 esse
1046 550 1101 632 ait,
1135 542 1174 612 ud

68 660 206 742 ἄπειρον
235 662 343 729 dicere
363 657 417 727 ‘cd
441 655 640 744 περιέχον
668 681 707 726 ac
733 681 797 726 non
820 660 927 744 potius
946 655 1005 722 ‘ud
1027 657 1175 738 περιεχό-

68 771 175 850 μενον
189 774 228 850 ¹);
251 771 337 838 unde
359 779 459 855 patet,
483 770 763 836 Anaximandrum
790 768 833 835 ad
856 767 1104 852 significandam
1127 767 1174 832 in-

68 879 146 945 finiti
170 879 240 945 vim
263 882 336 964 ipso
358 880 418 944 νοῦ
442 878 605 962 περιέχειν
624 878 782 945 vocabulo
803 898 896 944 usum
919 897 1000 943 esse.
1044 876 1087 942 At
1109 877 1174 942 obi-

69 989 132 1054 ciat
157 990 286 1072 aliquis,
311 991 365 1055 illo
387 989 573 1055 Aristotelis
600 989 670 1054 loco
693 986 888 1068 coniunctim
917 986 984 1052 dici
1013 981 1175 1066 περιέχειν

69 1095 300 1180 καὶκνβερνᾰν,
323 1096 436 1163 horum
446 1103 554 1162 autem
570 1096 799 1163 vocabulorum
819 1089 858 1158 ud
868 1095 1025 1177 κυβερνᾶν
1037 1096 1174 1160 maxime

69 1206 171 1272 videri
188 1227 262 1273 esse
278 1207 321 1282 id,
345 1206 432 1290 quod
447 1206 611 1290 proprium
627 1206 671 1271 sit
685 1203 936 1288 Anaximandro,
958 1199 997 1267 τὸ
1013 1201 1175 1286 περιέχειν

69 1337 142 1382 vero
166 1336 225 1399 per
248 1337 283 1382 se
304 1317 408 1382 solum
442 1315 482 1382 ab
506 1315 580 1382 aliis
604 1335 734 1398 quoque
758 1313 904 1398 physicis
925 1313 969 1380 ad
991 1313 1174 1398 significan·

69 1424 140 1490 dam
162 1425 318 1510 principii
339 1423 406 1490 vim
428 1422 575 1490 adhiberi
583 1426 617 1504 Ι).
661 1423 727 1490 Sed
750 1423 784 1488 id
806 1423 896 1489 facili
929 1444 1027 1507 opere
1055 1424 1174 1490 refelli·

70 1544 126 1600 tur.
173 1535 325 1616 Namque
356 1533 494 1617 primum
525 1526 566 1596 νό
595 1530 759 1614 περιέχειν
785 1539 871 1599 certe
902 1540 952 1599 est
984 1533 1175 1599 venabulum

70 1645 288 1728 principalius,
311 1643 404 1708 cuius
423 1643 513 1708 notio
537 1643 699 1708 notionem
715 1641 915 1724 gnbemandi
939 1642 1174 1724 quodammodo

70 1752 232 1818 contineat
251 1773 312 1818 nec
334 1773 411 1818 vero
439 1750 500 1816 hae
526 1752 739 1832 continentum
774 1749 900 1833 hucque
920 1751 1055 1834 accedit,
1088 1751 1175 1834 quod

70 1860 264 1945 Hippolytus
291 1880 420 1943 quoque
452 1860 485 1926 in
514 1859 606 1925 brevi
628 1858 863 1924 Anaximandri
886 1858 1041 1943 principii
1063 1858 1173 1924 adum-

70 1969 223 2052 bratione,
246 1989 329 2052 quae
345 1970 455 2035 verbis
480 1969 547 2034 iere
568 1967 730 2034 consentit
752 1988 823 2034 cum
839 1989 876 2034 eo
892 1967 1077 2033 Aristotelis
1091 1968 1173 2048 loco,

70 2097 129 2158 quo
140 2079 288 2162 proxime
302 2079 487 2160 adsumus,
500 2077 560 2162 lroc
571 2078 640 2144 solo
650 2077 807 2144 vocabulo
819 2076 927 2158 utitur,
937 2076 1173 2142 Anaximandri

70 2192 214 2251 naturam
243 2185 401 2250 infinitam
425 2186 537 2252 dicens
561 2192 726 2252 aeternam
748 2205 821 2252 esse
842 2192 875 2251 et
896 2205 1060 2268 nunquam
1083 2205 1173 2252 sene-

70 2301 219 2377 scentem,
235 2293 382 2378 hancque
395 2287 542 2378 ,πάντας
552 2292 716 2376 περιέχειν
729 2295 809 2370 τοὺς
820 2287 964 2376 κόσμους
972 2293 1027 2375 8).“
1047 2294 1172 2361 Deinde

71 2403 152 2469 idem
167 2405 360 2470 vocabulum
385 2404 426 2470 de
448 2423 572 2470 summo
595 2403 724 2486 quidem
742 2424 848 2469 rerum
865 2405 1024 2490 principio
1039 2403 1080 2470 ab
1101 2405 1172 2489 aliis

71 2533 194 2597 quoque
211 2512 391 2592 adhibetur,
405 2515 503 2580 veluti
519 2512 867 2595 statimlAnaximandri
882 2512 1070 2596 discipulae,
1088 2513 1173 2580 Ana·

71 2623 222 2704 ximeneS,
257 2622 459 2688 infinitum
481 2642 608 2688 aerem
642 2623 689 2687 ait
715 2616 899 2702 (περιέχειν
921 2616 999 2685 ὅλον
1020 2617 1077 2686 τὸν
1099 2615 1173 2686 κόσ-

70 2731 191 2814 μον’4);
215 2732 337 2797 nullum
368 2739 475 2797 autem
507 2737 636 2815 praeter
659 2729 934 2796 Anaximandrum
965 2733 1091 2810 scimus,
1118 2731 1173 2814 qui

72 2840 264 2924 principium
286 2841 430 2924 posuerit
454 2834 498 2904 ud
520 2827 698 2922 ἄπειρον
712 2838 836 2923 hocque
858 2835 900 2903 cd
930 2829 1103 2924 ἄπειρον
1125 2840 1172 2906 (Ιί-

71 2950 150 3016 xerit
171 2944 210 3014 τὸ
235 2943 343 3014 πάντα
364 2948 527 3032 περιέχον.
571 2951 684 3033 ltaque
714 2949 918 3016 statuendum
946 2957 996 3016 est
1019 2950 1172 3017 Aristote-

71 3059 127 3123 lem
155 3081 223 3135 θον,
256 3063 310 3143 qui
342 3054 380 3125 cd
404 3048 544 3142 ἄπειρον
576 3059 630 3123 καὶ
660 3057 884 3142 νό.περιὲχον
907 3067 1036 3144 ponant,
1068 3062 1172 3126 nullos

70 3167 147 3234 alios
170 3171 359 3253 intellegere
381 3168 443 3235 nisi
466 3188 564 3235 unum
586 3168 874 3236 Anaximandrum.
920 3171 987 3234 lam
1009 3187 1084 3236 vero
1107 3191 1172 3252 eos,

71 3401 112 3450 καὶ
129 3391 219 3452 πάντα
238 3398 375 3466 κυβερνᾶν
392 3439 398 3451 ,
418 3437 424 3450 .
445 3438 451 3451 .
471 3399 611 3450 καὶτοῦτο
629 3396 701 3450 εἶναι·
722 3395 751 3451 τὸ
771 3404 860 3451 θεῖον
889 3393 1031 3453 ἀθάνατον
1055 3396 1108 3470 γὰρ
1128 3403 1173 3452 καὶ

71 3488 232 3564 ἀνώλεθρον,
252 3493 288 3552 ὠς
306 3496 394 3564 φησὶν
412 3491 427 3546 ὁ
444 3489 694 3564 ’Λνοξίμανέρος.“
733 3494 774 3548 Cf.
796 3511 882 3564 supra
899 3512 926 3563 p.
946 3499 981 3552 30
1002 3500 1030 3549 et
1049 3495 1092 3549 31.

168 3593 193 3659 l)
212 3589 293 3658 Phys.
314 3587 364 3655 Ill,
383 3590 408 3641 7.
428 3589 499 3641 208³
513 3591 538 3642 3.
560 3588 603 3642 ef.
622 3606 708 3658 supra
726 3607 753 3658 p.
774 3593 818 3644 30.

165 3687 193 3755 2)
210 3686 281 3740 Vide
300 3684 546 3753 Schleiermaoher,
572 3685 683 3752 Werke,
702 3686 752 3754 ΙΙΙ,
781 3704 809 3755 p.
836 3689 896 3740 183.
933 3686 1009 3754 Quae
1037 3687 1171 3742 Schleier·

72 3782 211 3836 macherur
231 3781 284 3837 hoc
302 3782 363 3836 loco
375 3781 510 3850 disputat,
532 3801 588 3837 non
607 3783 643 3837 ad
665 3801 728 3836 eum
740 3782 901 3837 Aristotelis
915 3784 1007 3838 locum
1020 3762 1171 3852 pertinent,

72 3876 103 3930 de
121 3896 175 3946 quo
195 3896 269 3933 nunc
289 3877 464 3947 quaerimus3
487 3877 563 3933 hunc
581 3879 656 3932 enim
674 3879 782 3948 pariter
805 3881 838 3934 ac
860 3880 962 3948 reliqui
984 3881 1104 3952 omittit;
1123 3885 1171 3939 sed

73 3972 105 4026 ad
121 3991 191 4040 eum,
212 3975 261 4044 qui
280 3974 386 4045 legitur
404 3974 433 4029 in
453 3975 538 4030 tertio
558 3975 593 4030 de
613 3975 697 4030 Coelo
715 3975 801 4044 libro,
821 3977 856 4031 de
875 3995 930 4046 quo
940 3977 1070 4047 deinceps
1089 3997 1172 4050 agen-

74 4068 135 4124 dum
152 4071 215 4126 erit.
1094 4119 1097 4128 .

78 4155 80 4162 ¹
164 4171 192 4238 3)
210 4166 324 4238 Hippol.
344 4167 439 4223 Refut.
460 4169 481 4238 Ι,
501 4171 527 4224 6.
566 4168 635 4224 Vide
655 4170 747 4226 locum
767 4188 852 4241 supra
871 4189 898 4242 p.
917 4176 951 4228 31
971 4177 1030 4228 not.
1050 4176 1074 4226 2.

165 4267 194 4335 4)
212 4263 287 4320 Plut.
308 4263 384 4320 Plac.
403 4263 424 4334 Ι,
443 4267 468 4318 3.
