2864 4910
761 379 813 432 414

230 550 349 615 mundo
381 555 466 615 terra
487 555 573 614 sorte
601 550 696 631 longe
728 550 905 614 miserrima
929 551 1088 616 utebatur.
1134 549 1213 616 (lum
1246 555 1319 618 enim

230 667 362 744 propter
383 662 485 743 ipsam
509 659 639 724 vorticis
658 664 807 724 naturam
828 659 860 724 in
882 662 1014 742 regione
1037 662 1107 726 eius
1131 662 1251 742 circuli,
1272 663 1320 744 qni

229 771 312 835 inter
335 776 502 850 utrumque
524 769 632 851 polum
655 768 781 833 medius
804 775 862 844 est,
892 768 926 833 id
948 774 1007 850 est,
1034 769 1179 835 circuli
1201 772 1319 852 aequi·

230 877 425 957 noctialis‚
454 879 485 941 in
508 878 599 942 cuius
623 877 756 960 planitie
778 883 864 942 terra
884 884 942 958 est,
974 878 1142 944 conversio
1171 879 1319 945 incitatis-

230 988 313 1051 sima
335 987 387 1066 sit,
409 987 620 1068 Anaxagoras
643 985 713 1051 sine
737 986 838 1051 dubio
860 987 1004 1070 putabat,
1028 989 1059 1051 in
1082 990 1213 1072 regione
1234 989 1319 1053 huius

229 1097 339 1161 circuli
369 1117 391 1160 a
411 1102 498 1162 terra
520 1098 623 1162 solem
646 1097 792 1162 avulsum
822 1115 893 1161 esse
917 1103 949 1161 ct
979 1097 1013 1162 in
1039 1099 1182 1164 eiusdem
1217 1099 1318 1164 circuli

229 1207 358 1290 regione
381 1207 469 1271 eirca
491 1214 608 1271 terram
631 1206 839 1272 circumferri.
884 1205 955 1271 Hoc
976 1214 1084 1271 antem
1108 1209 1136 1272 si
1151 1211 1195 1273 ita
1217 1228 1252 1274 se
1272 1207 1318 1272 ha·

230 1315 334 1392 bebat,
364 1321 451 1380 terra
482 1335 546 1379 non
581 1314 645 1380 nisi
680 1315 713 1378 in
748 1315 908 1379 exteriore
941 1317 1088 1398 margine
1121 1316 1196 1382 solis
1228 1315 1317 1381 radiis

228 1423 484 1504 collustrabatur,
515 1422 702 1506 superficies
731 1429 838 1488 autem
862 1425 933 1489 eius
956 1424 1057 1490 densa
1078 1426 1218 1509 caligine
1240 1427 1318 1489 invo-

227 1533 295 1597 luta
319 1540 397 1598 erat.
441 1534 545 1615 Atque
569 1531 651 1596 hanc
673 1531 775 1615 ipsius
787 1533 1003 1616 Anaxagorae
1019 1535 1202 1617 opinionem
1216 1536 1317 1613 fuisse,

228 1648 263 1706 ut
283 1662 341 1725 per
363 1662 397 1708 se
419 1641 585 1725 probabile
609 1648 666 1716 est,
690 1643 734 1706 ita
747 1641 954 1707 confirmatur
966 1663 1014 1722 eo,
1038 1644 1124 1725 quod
1140 1644 1316 1720 Archelaus,

228 1751 442 1834 Anaxagorae
464 1750 650 1832 discipulus,
675 1750 812 1814 refertur
827 1749 961 1832 dixisse,
981 1745 1070 1816 ‘tum
1084 1753 1231 1836 primum,
1255 1773 1316 1817 cum

228 1860 363 1925 mundns
377 1858 550 1924 inclinatus
561 1864 656 1934 esset,
684 1860 785 1924 solem
797 1866 903 1925 terrae
925 1862 1028 1926 lucem
1040 1859 1195 1927 offudisse
1207 1881 1315 1926 aerem-

227 1988 289 2050 que
306 1969 422 2033 fecisse
444 1966 642 2050 perlucidum
664 1973 697 2031 et
719 1973 836 2031 terram
858 1967 1041 2046 aridam'1).
1086 1970 1172 2054 Ergo
1194 1972 1314 2034 Anaxa·

227 2097 321 2160 goras
351 2096 390 2141 ea
419 2097 462 2152 re,
497 2076 582 2158 quod
614 2075 724 2141 mundi
759 2076 831 2142 axis
866 2077 1040 2160 aliquando
1076 2080 1314 2162 septentrionem

226 2206 337 2252 uersus
359 2186 534 2251 inclinatus
557 2192 642 2251 esset
664 2205 767 2268 eoque
791 2186 948 2251 australes
972 2187 1083 2252 mnndi
1105 2195 1212 2271 partes
1228 2189 1315 2252 altius

165 2349 167 2352 .
226 2315 323 2380 supra
345 2296 457 2360 circuli
479 2294 651 2361 horizontis
677 2296 843 2380 planitiem
866 2295 1100 2371 ascendissent,
1124 2299 1243 2363 factum
1267 2316 1314 2380 pu·
1413 2297 1414 2366 3

224 2405 314 2469 tabat
336 2425 417 2485 esse,
442 2411 477 2469 ut
499 2406 547 2470 sol
568 2404 669 2470 radiis
692 2405 759 2470 suis
782 2411 887 2470 terrae
911 2405 1113 2488 superficiem
1126 2408 1315 2472 collustraret
1413 2419 1414 2427 ¹

225 2521 256 2578 et
279 2516 459 2596 plantarum
482 2514 734 2594 animaliumque
757 2515 982 2596 generationes
1006 2513 1158 2581 efficeret.

324 2623 468 2688 Eandem
500 2622 540 2688 de
572 2625 672 2705 primo
693 2622 816 2687 vortice
847 2629 879 2688 et
911 2623 952 2689 de
982 2626 1094 2690 mnndi
1117 2627 1313 2691 inclinatione

224 2732 415 2797 sententiam
448 2739 576 2816 praeter
608 2731 816 2808 Archelaum,
854 2753 947 2814 quem
979 2734 1043 2799 iam
1078 2736 1312 2806 nominavimus,

224 2848 352 2908 secutus
375 2849 424 2907 est
446 2843 610 2926 Diogenes
635 2842 902 2926 Apolloniates2).
947 2841 1027 2907 Cum
1059 2843 1249 2909 incredibile
1270 2842 1314 2921 sit,

224 2953 304 3017 duos
327 2951 536 3036 philosophos
568 2951 700 3016 fortuito
733 2952 766 3015 in
789 2953 952 3016 sententia
982 2957 1047 3016 tam
1071 2954 1228 3035 singulari
1250 2971 1314 3016 con·

222 3062 342 3134 venire,
373 3061 562 3144 praesertim
595 3080 667 3124 cunr
701 3061 758 3124 illo
793 3065 937 3142 tempore
971 3059 1100 3124 diversa
1124 3061 1313 3145 Pythagore-

149 3245 151 3254 γ
222 3192 311 3236 orum
334 3171 414 3234 ratio
437 3170 493 3236 rix
517 3176 627 3254 posset
650 3157 817 3252 incognita
840 3188 921 3250 esse,
949 3169 1139 3234 sumendum
1161 3178 1219 3244 est,
1252 3175 1313 3232 ant

222 3281 358 3344 alterum
380 3279 426 3343 ab
449 3281 576 3344 altero
597 3286 664 3344 aut
691 3284 900 3361 utrumque
922 3279 968 3341 ab
990 3279 1067 3344 alio
1089 3279 1174 3345 hanc
1195 3286 1310 3345 senten·

222 3390 299 3453 tiam
321 3389 496 3472 accepisse.
540 3390 582 3453 At
605 3390 741 3454 alterum
775 3389 816 3454 ab
848 3389 950 3454 altero
971 3389 1138 3471 accepisse
1167 3390 1254 3453 nulla
1272 3405 1312 3450 ra·

221 3498 308 3564 tione
332 3497 499 3580 probabile
517 3505 582 3572 est3
607 3519 679 3562 nam
693 3505 724 3563 et
739 3498 892 3563 universa
903 3497 1050 3563 doctrina
1072 3518 1168 3579 quam
1185 3497 1312 3562 maxime

222 3607 426 3688 dissentiunt,
449 3613 481 3671 et
502 3608 631 3671 omnino
654 3608 830 3690 ignoratur,
852 3627 928 3671 num
951 3607 1017 3672 ulla
1040 3606 1202 3672 intereos
1225 3607 1312 3672 inter·

221 3715 354 3780 cesserit
372 3715 586 3780 necessitudo.
630 3717 716 3798 Ergo
745 3716 949 3781 statuendum
971 3722 1029 3797 est,
1056 3721 1227 3797 utrumque
1249 3695 1310 3780 sen3

322 3903 347 3968 1)
368 3901 481 3970 Hippol.
501 3900 609 3954 Refutt.
628 3899 650 3966 1,
667 3902 693 3966 9,
712 3917 740 3968 p.
753 3902 796 3966 24,
816 3902 865 3953 69:
886 3901 1067 3968 „trocheium
1088 3900 1120 3952 δὲ
1140 3898 1190 3954 τὸν
1207 3889 1312 3967 οὐρανόν

220 4013 299 4068 φησι,
319 4001 364 4048 καὶ
382 3994 556 4056 οὓτωςτὸν
572 3992 666 4062 ἥλιον
685 3997 742 4048 ἐπὶ
760 3997 981 4065 paimoniam
1003 3996 1072 4067 φῶς
1090 4000 1147 4048 καὶ
1165 3993 1222 4050 τὸν
1241 3992 1311 4060 ἀέρι(

220 4094 360 4159 ποιῆσαι
382 4093 531 4163 διαφανῆ
550 4097 603 4144 adl
623 4091 682 4158 τὴν
700 4093 763 4160 γῆν
782 4089 910 4160 ξηρᾰν.“

321 4191 349 4257 2)
368 4189 395 4240 Is
414 4206 469 4242 una
482 4205 543 4241 cum
555 4191 724 4258 Anaxagora
743 4207 758 4242 a
777 4188 948 4242 Placitorum
963 4187 1148 4255 scriptoribus
1161 4188 1311 4240 nominatur

221 4287 282 4346 Vid.
302 4304 327 4356 p¹
349 4287 403 4337 413
422 4289 480 4338 not.
505 4289 526 4336 l.
