2862 4910
752 330 806 382 294

224 505 334 566 utatur
355 506 452 582 motu,
474 498 532 581 qui
554 499 639 580 ipse
661 517 735 561 non
756 496 900 562 habeat
928 497 1047 562 finem
1076 497 1327 580 reliquosque

226 617 348 674 motus
376 608 508 682 finiat3
540 625 635 689 quern
669 605 799 688 quidem
822 612 942 671 motum
976 607 1049 689 ipsa
1082 607 1140 672 illa
1173 605 1327 672 sententia

225 718 361 801 antiqua
383 719 488 801 putari
511 715 712 796 circularem,
733 715 821 780 nulla
842 736 877 780 re
892 715 1101 798 significatur.
1146 715 1230 780 Nam
1253 735 1327 797 qnae

226 828 329 892 altera
351 827 414 892 loci
437 833 529 908 parte
551 824 712 900 dicuntur,
744 843 809 888 non
843 823 887 889 ad
920 823 1026 906 ipsam
1048 824 1138 889 illam
1167 824 1326 906 antiquam

227 934 418 999 sectandam
441 933 612 1016 pertinent,
646 931 712 1008 sed,
746 938 782 998 ut
814 952 856 998 ex
885 931 959 1013 ipsa
987 932 1186 998 orationis
1209 933 1326 998 forma

227 1049 371 1123 apparet,
406 1041 568 1107 adduntur
600 1040 643 1106 ad
676 1039 884 1106 indicandam
913 1061 1071 1122 caussam,
1106 1061 1162 1106 cur
1192 1061 1251 1123 par
1279 1043 1324 1117 sit,

227 1150 316 1214 illam
346 1148 542 1216 sententiam
573 1167 684 1213 veram
717 1154 840 1230 putare.
886 1147 991 1226 Quam
1023 1147 1155 1230 quidem
1186 1169 1324 1214 caussam

228 1258 419 1324 Aristotcles
441 1257 490 1322 sic
512 1257 643 1338 indicat,
668 1262 703 1322 ut
724 1256 768 1322 ad
790 1277 863 1322 eom
889 1262 1024 1340 motum,
1045 1259 1101 1338 qui
1122 1255 1249 1322 dicatur
1267 1257 1324 1322 fine

228 1388 339 1434 carere
360 1368 568 1451 reliquosque
590 1373 695 1432 motus
724 1367 828 1449 finire,
859 1369 979 1450 pariter
1008 1373 1105 1449 atque
1138 1367 1182 1433 ad
1214 1371 1324 1432 motum

229 1478 319 1542 illurn
342 1477 529 1542 circularem
553 1475 596 1541 ab
618 1476 690 1558 ipso
712 1475 913 1558 propositum
937 1475 1099 1559 portinere
1125 1475 1215 1542 dicat
1235 1495 1324 1558 quan-
1400 1547 1401 1558 χ

230 1585 305 1650 darn
329 1586 567 1668 proprietatem,
589 1605 673 1667 quae
696 1605 766 1650 curn
789 1585 982 1651 aeternitate
997 1586 1128 1650 omnino
1150 1583 1324 1663 conveniam
1400 1559 1401 1624 ἶ

229 1694 382 1776 aitenim‚
405 1701 442 1760 et
464 1694 513 1777 id,
536 1693 640 1776 quod
662 1693 832 1760 finiendi
857 1694 1093 1760 vimhabeat
1116 1689 1168 1773 (od
1181 1691 1324 1774 πέρας-

229 1802 427 1886 intellegitur
451 1803 516 1883 illc,
551 1804 607 1886 qui
634 1809 731 1870 antea
763 1803 869 1870 dictus
892 1809 951 1886 est,
985 1810 1091 1869 motus
1124 1803 1188 1869 fine
1220 1821 1324 1868 carens

231 1911 438 1995 reliquosque
460 1918 565 1978 motus
588 1911 728 1995 finiens),
750 1933 857 1978 rerum
879 1932 951 1980 esse
975 1913 1159 1995 reliquas
1181 1931 1241 1977 res
1262 1931 1324 1974 am·

232 2023 489 2105 plectentium
513 2023 594 2102 (τῶν
608 2014 852 2103 περιεχόντων),
875 2027 912 2086 ct
931 2023 1041 2087 illurn
1056 2029 1198 2087 motum
1214 2020 1324 2086 circu-

231 2131 361 2212 larem,
389 2148 500 2212 quem
534 2131 618 2213 ipse
651 2128 906 2212 proposuerit
936 2121 1031 2210 (αὕτη
1064 2127 1082 2214 ἡ
1110 2123 1325 2212 compecto),

232 2240 408 2321 reliquos
438 2244 561 2304 motus
595 2239 778 2321 amplecti
814 2234 1013 2319 (περιέχειν).
1079 2237 1198 2302 Dicens
1228 2241 1325 2300 antmn

232 2354 363 2422 motum,
385 2348 442 2429 qui
464 2347 605 2428 reliquos
628 2351 732 2411 motus
754 2345 977 2429 amplectatur,
1003 2343 1157 2427 quoniam
1182 2345 1210 2410 is
1231 2349 1325 2408 motus

233 2478 297 2522 non
313 2457 354 2522 ab
370 2456 435 2522 alio
456 2455 574 2531 finitur,
598 2455 695 2520 talem
711 2453 791 2519 dicit
804 2460 933 2536 motum,
956 2454 1012 2536 qui
1024 2474 1084 2519 sua
1099 2454 1203 2536 ipsius
1222 2460 1327 2518 natura

233 2567 337 2649 possit
351 2572 502 2630 aeternus
519 2584 600 2629 esse.
635 2565 748 2645 ltaque
761 2563 887 2629 etiamsi
899 2562 1101 2639 concedatur,
1126 2561 1210 2628 huno
1232 2563 1325 2628 locum

233 2675 276 2740 ad
299 2674 573 2740 Anaximandrum
605 2672 807 2740 referendum
835 2692 917 2755 esse,
948 2679 1057 2738 tamen
1084 2671 1162 2737 inde
1183 2692 1246 2737 non
1266 2669 1326 2734 effi-

234 2785 325 2862 citur,
357 2790 391 2849 ut
414 2783 441 2850 is
468 2789 525 2849 aut
551 2783 616 2866 ipsi
640 2782 764 2849 infinito
796 2788 853 2848 aut
885 2782 943 2848 alii
977 2780 1105 2847 cuidam
1141 2783 1188 2847 rei
1219 2785 1326 2846 motum

234 2892 422 2959 circularem
442 2892 591 2959 tribuerit
600 2894 632 2972 ¹).

339 3164 363 3230 1)
384 3161 465 3216 Hanc
492 3179 585 3216 veram
615 3179 674 3216 esse
699 3161 754 3215 loci
773 3139 958 3228 sententiam,¹
977 3177 1034 3214 non
1058 3161 1113 3214 nisi
1144 3179 1179 3214 ex
1208 3165 1329 3215 accurata

236 3261 295 3314 eius
315 3258 502 3328 explicatione
519 3259 649 3328 cognosci
667 3262 774 3326 potest3
796 3275 867 3326 quae
886 3275 941 3326 quo
960 3257 1070 3312 facilius
1094 3258 1183 3326 poscit
1209 3257 1328 3327 proponi,

235 3358 306 3410 utile
324 3355 437 3410 videtur
456 3373 523 3422 esse,
542 3359 633 3409 totum
652 3355 744 3409 loourn
762 3353 929 3408 adscribere.
955 3353 1054 3422 Itaque
1067 3354 1243 3416 Aristoteles,
1262 3357 1328 3422 post

237 3471 321 3521 quarn
340 3452 464 3521 repetiit,
487 3452 562 3519 quod
581 3455 664 3504 antea
687 3451 774 3518 (Cocl.
794 3451 815 3517 1,
838 3453 870 3502 10
888 3452 940 3519 sq.)
968 3450 1181 3518 demonstravit,
1204 3449 1329 3504 mundum

236 3552 346 3602 totum
373 3565 425 3602 nec
444 3552 537 3602 ortum
557 3565 679 3614 uuquam
702 3563 754 3600 nec
777 3564 900 3614 unquam
927 3546 1095 3614 periturum,
1121 3547 1171 3600 sed
1195 3551 1328 3600 aeternum
1400 3517 1401 3572 3

237 3659 305 3711 esse,
326 3642 499 3712 addiditque,
518 3641 571 3696 hoc
584 3659 616 3696 co
630 3641 716 3695 etiam
726 3640 895 3708 confirmari,
912 3641 988 3708 quod
999 3640 1069 3694 haec
1087 3642 1228 3695 sententia
1245 3639 1329 3694 omnia

237 3739 354 3793 haberet
373 3739 584 3805 consentientia,
604 3738 772 3792 sententium
792 3742 885 3791 autem
904 3737 1075 3792 contrariam
1094 3743 1276 3805 sequerentur
1293 3753 1328 3789 re·

237 3835 394 3906 pugnantia
417 3836 503 3904 (Coei.
527 3834 562 3903 II,
591 3837 614 3888 l.
640 3835 713 3888 28312
727 3836 871 3889 26-2841*
886 3835 923 3902 2),
949 3834 989 3888 sic
1015 3834 1110 3904 pergit
1135 3836 1249 3903 (284³ss
1270 3835 1327 3901 sq.):
1400 3893 1401 3914 Χ

240 3927 355 4004 „dtdnsp
374 3935 461 3991 καλῶς
480 3935 535 4004 ἔχει
554 3938 720 4004 συμπείθειν
739 3929 836 3985 ἑαυτὸν
854 3930 914 3990 τοὺς
933 3927 1097 4001 ἀρχαίους
1115 3934 1170 3982 καὶ
1188 3925 1328 4000 μάλιστα
1400 3921 1401 3936 ³

239 4036 402 4101 πατρίους
426 4029 518 4102 ἡμῶν
546 4027 656 4096 ἀληθεῖς
682 4029 749 4082 εἶναι
783 4023 892 4098 λόγους,
918 4025 955 4086 ὡς
979 4029 1055 4082 ἔστιν
1079 4021 1223 4080 ἀθάνατόν
1246 4046 1269 4078 τι
1290 4025 1328 4076 aad
1400 4039 1401 4048 ¹

239 4133 317 4182 θεῖον
336 4129 401 4182 τῶν
419 4121 569 4197 ἐχόντων
585 4127 652 4199 μὲν
673 4131 819 4194 κίνησιν,
845 4121 996 4196 ἐχόντων
1014 4123 1050 4177 di
1069 4119 1236 4192 τοιαύτην,
1254 4117 1328 4175 ὥστε

239 4224 352 4295 μηθὲν
370 4223 457 4276 εἶναι
487 4228 593 4293 πέρας
618 4220 722 4289 αὐτῆς,
750 4218 831 4275 ἀλλὰ
854 4223 984 4294 μᾶλλον
1003 4216 1123 4286 ταύτην
1149 4221 1214 4274 τῶν
1231 4213 1328 4271 ἄλλων
