2862 4910
760 377 813 441 350

236 577 307 625 esse
341 559 475 642 lapidi
511 557 708 621 columnae
742 555 843 640 (λίθῳ
874 555 976 618 alvom
1009 555 1210 639 προσφερῆ),
1250 547 1339 619 euius

235 669 443 753 planitierum
466 669 568 731 altera
596 687 615 729 a
641 665 736 730 nobis
760 667 926 742 incolatur,
955 666 1059 729 altera
1091 663 1164 729 huic
1187 663 1340 747 opposita

236 778 320 856 sill).
367 776 461 854 Quod
493 777 534 840 ab
557 775 736 859 Hippolyto
769 775 887 840 dicitur
917 767 1018 836 ‘atta
1042 763 1158 858 λίθῳ’,
1190 795 1211 838 a
1235 766 1349 836 Placi'

234 895 337 952 torum
361 886 572 969 scriptoribus
596 891 702 949 autem
723 877 832 968 ‘alep
856 874 963 965 κίονί,
991 885 1112 948 nullam
1134 884 1242 967 ipsius
1269 903 1339 948 sen-

235 998 356 1061 tentiae
369 995 584 1061 differentiam
598 994 753 1065 eontinet;
769 993 849 1057 illud
862 993 946 1056 eninr
960 992 1122 1076 significat
1132 986 1338 1066 ‘columnam

235 1125 318 1188 quae
342 1104 475 1169 materia
498 1105 539 1168 sit
560 1093 665 1185 lapis',
689 1102 749 1166 hoc
779 1095 955 1185 ‘lapidem
990 1121 1071 1183 quae
1095 1103 1199 1166 forma
1222 1104 1267 1166 sit
1290 1119 1337 1164 co-

235 1204 369 1279 lumna'.

336 1323 404 1388 Iam
420 1341 496 1386 vero
508 1321 593 1403 quod
609 1321 651 1386 ad
663 1323 766 1404 ipsam
779 1321 971 1386 sententiam
983 1323 1106 1402 attinet,
1123 1318 1202 1383 κιών
1223 1325 1340 1402 aperte
1412 1407 1413 1412 ἵ

236 1434 321 1498 idem
335 1431 494 1513 significat
515 1437 613 1510 atque
627 1431 681 1494 ille
700 1428 863 1494 Plutarchi
876 1428 1051 1510 cylindrus.
1076 1429 1169 1507 Quod
1181 1435 1290 1492 autem
1307 1431 1338 1490 et
1412 1413 1413 1420 ἵ

235 1543 277 1606 ab
287 1541 463 1625 Hippolyto
486 1546 547 1602 eta
559 1539 753 1602 Placitorum
766 1538 974 1620 scriptoribus
989 1545 1075 1602 terra
1090 1539 1207 1604 dicitur
1228 1538 1336 1619 lapis
1412 1583 1413 1600 t

225 1647 317 1724 'esse
339 1657 437 1730 atque
449 1649 490 1712 ab
506 1647 560 1711 illc
573 1647 703 1729 quidem
716 1649 771 1727 ita,
792 1655 826 1712 ut
837 1646 964 1712 dicatur
976 1649 1132 1729 columna,
1144 1668 1227 1729 quae
1240 1647 1333 1729 lapis,

235 1759 276 1824 ab
292 1758 341 1823 his
354 1759 409 1840 ita,
428 1765 462 1822 ut
475 1757 600 1822 dicatur
614 1758 708 1840 lapis,
728 1757 784 1839 qui
800 1759 949 1822 columna
970 1757 1055 1838 sitit,
1080 1758 1114 1821 id
1127 1758 1266 1842 primum
1288 1757 1333 1818 in-

235 1868 338 1932 tuenti
354 1887 417 1932 nou
440 1868 558 1949 poterit
580 1887 643 1932 non
666 1867 782 1931 mirum
805 1865 918 1932 videri.
941 1866 1018 1931 (lum
1036 1873 1144 1931 autem
1168 1885 1278 1931 omnes
1301 1866 1332 1927 in

235 1976 296 2041 lrac
308 1996 341 2040 re
354 1975 522 2041 referenda
533 1977 742 2056 consentiant,
754 1995 793 2040 ea
808 1977 936 2040 omnino
951 1975 1095 2058 putanda
1111 1975 1214 2040 estad
1230 1976 1333 2058 ipsam

235 2085 468 2150 Anaximandri
500 2085 679 2150 doctrinam
711 2086 880 2169 pertinere.
924 2084 1017 2162 Quod
1049 2086 1077 2149 si
1101 2086 1147 2150 ita
1170 2106 1204 2151 sc
1227 2082 1332 2162 habet,

236 2193 382 2277 protinus
406 2199 505 2276 patet,
528 2194 655 2275 qualem
671 2192 914 2258 Anaximander
937 2195 1016 2257 velit
1037 2200 1143 2258 terrae
1166 2195 1330 2259 materiam
1412 2223 1413 2250 r

236 2321 321 2380 esse3
346 2303 489 2384 sequitur
511 2304 604 2381 enim,
627 2308 662 2366 ut
684 2308 800 2367 terram
823 2302 1009 2366 interiorem
1025 2303 1076 2366 vel
1089 2305 1195 2386 potius
1211 2305 1330 2386 ipsam

236 2417 384 2475 terram
417 2417 507 2494 putet
527 2410 705 2493 lapidem
733 2410 784 2474 vel
813 2430 948 2475 saxum
972 2430 1053 2492 esse,
1084 2417 1193 2494 partes
1227 2418 1328 2476 autern

236 2520 407 2600 molliores,
430 2521 518 2584 velut
540 2520 641 2583 lutum
663 2518 867 2600 humumque,
890 2539 954 2583 non
968 2525 1086 2584 terram
1102 2539 1211 2585 verum
1228 2527 1330 2585 terrae

236 2638 268 2692 et
289 2649 393 2710 aquae
415 2629 608 2693 mixtionem.
652 2628 758 2709 Atque
784 2627 865 2693 haec
893 2631 1051 2693 sententia
1077 2631 1198 2712 optime
1228 2627 1330 2694 conci·

236 2738 333 2802 liatur
355 2758 426 2803 cum
449 2757 488 2802 ea
511 2737 679 2818 sententia,
703 2757 766 2819 qua
790 2757 897 2802 aerem
917 2743 949 2801 ct
970 2744 1089 2803 terram
1112 2744 1261 2802 enatura
1276 2737 1329 2801 hn-

236 2848 324 2912 mida
336 2847 416 2912 dicit
439 2854 510 2912 orta
524 2866 609 2922 esse3
632 2866 707 2910 nam
719 2848 802 2911 aeris
815 2847 983 2928 liquiditas
1006 2854 1037 2911 ct
1052 2847 1170 2930 lapidis
1187 2848 1329 2912 soliditas

238 2957 335 3021 facile
357 2957 463 3021 videri
480 2961 627 3039 poterant
649 2957 734 3020 inter
756 2975 791 3020 se
813 2957 954 3020 maxime
971 2958 1132 3021 contraria
1147 2976 1229 3038 esse,
1252 2957 1330 3020 inter

236 3086 319 3148 quae
341 3073 457 3130 natura
479 3064 611 3129 humida
633 3063 742 3129 media
763 3070 857 3129 esset.
902 3065 1076 3130 Praeterea
1104 3064 1183 3131 haec
1209 3072 1329 3130 senten-

340 3309 366 3376 1)
385 3307 459 3360 Plut.
479 3307 552 3360 Plac.
572 3307 621 3374 Ill,
643 3311 690 3362 10:
721 3309 864 3379 ηἈναξίμ.
888 3310 970 3376 λίθῳ
989 3313 1078 3360 κίονι
1102 3305 1152 3372 τὴν
1173 3307 1226 3375 γῆν
1249 3321 1329 3374 προσ-

235 3406 307 3476 φερῆ
325 3405 379 3458 τῶν
397 3404 565 3456 &arnsdorff
602 3404 709 3458 Eadem
733 3405 819 3458 verba
847 3405 979 3474 leguntur
1000 3384 1087 3472 ¹apud
1114 3403 1214 3458 Euseb.
1235 3402 1328 3470 Praep.

235 3501 285 3554 Ev.
305 3500 365 3567 XV,
385 3502 420 3552 56
438 3506 467 3554 et
489 3500 549 3554 Gal.
569 3501 641 3553 Hist.
662 3501 839 3555 Philoni.
877 3500 957 3568 Quod
983 3501 1086 3555 attinet
1113 3500 1148 3554 ad
1167 3499 1328 3554 vocabulum

234 3596 303 3649 (τῶν
321 3592 484 3654 ἐπιπέδων’.
505 3596 580 3664 quod
599 3596 728 3666 intellegi
747 3597 853 3665 nequit,
873 3596 911 3663 id,
932 3597 954 3648 si
973 3596 1120 3664 Hippolyti
1138 3595 1230 3649 locum
1248 3593 1328 3663 respi-

236 3693 331 3759 cimus,
358 3693 487 3761 protinus
516 3696 634 3761 apparet
660 3693 772 3745 initium
800 3710 863 3748 esse
886 3693 968 3746 huius
987 3693 1135 3762 Hippolyti
1163 3692 1329 3746 sententiae:

235 3789 304 3842 ‘ruia
323 3789 353 3842 dl
373 3789 516 3842 ἐπιπέδων
536 3774 557 3858 ᾧ
576 3789 631 3860 μὲν
649 3784 861 3860 ἔπιβεβήκαμεν,
881 3785 896 3842 ὃ
916 3790 948 3841 δὲ
967 3786 1111 3843 ἀντίθετον
1131 3785 1269 3860 ὑπάρχειῖ

337 3885 364 3953 2)
385 3886 451 3938 Cum
472 3886 551 3938 ‘atoue
572 3887 654 3953 λίθῳ’
674 3890 702 3940 et
719 3887 800 3954 ‘nep
819 3887 901 3938 atovr'
920 3886 1029 3940 ratione
1048 3885 1233 3955 grammatica
1250 3885 1292 3938 ita
1305 3900 1330 3936 se

235 3982 367 4044 habeant,
387 3986 419 4034 ut
438 3982 578 4050 posterior
603 4000 657 4036 vox
677 3981 713 4035 ad
731 3981 855 4049 priorem
876 3981 1042 4050 simpliciter
1061 3982 1229 4050 adponatur.
1259 3981 1330 4034 Haec

236 4078 375 4146 adpositio
395 4078 489 4145 paullo
509 4078 622 4145 quidem
641 4077 738 4131 durior
757 4082 805 4143 est,
829 4094 882 4131 nec
900 4082 993 4131 tamen
1014 4077 1122 4146 legibus
1141 4077 1330 4146 grammaticis

236 4175 388 4239 contrarie3
415 4178 481 4225 alon
501 4176 570 4242 λίθῳ
589 4175 663 4228 idem
681 4179 723 4226 est
743 4179 913 4242 atqueatoue
935 4175 1003 4242 λίθῳ
1023 4168 1090 4239 ὄντι,
1109 4176 1178 4242 λίθῳ
1197 4179 1264 4226 atone
1286 4191 1330 4227 au·
1412 4191 1413 4200 ¹

236 4275 292 4324 tem
312 4269 385 4323 idern
405 4275 490 4336 atque
509 4273 577 4337 λίθῳ
596 4275 664 4323 κίονι
686 4263 752 4323 ὄντα.
