2850 4904
247 537 326 623 latio
348 537 428 602 satis
452 533 712 618 significavisset
736 555 821 618 quae
844 555 896 601 res
920 536 1173 620 intellegeretur,
1196 558 1258 604 nec
1277 557 1359 623 opus

248 647 361 712 fuisset
381 646 455 712 illas
475 644 702 712 attributiones
724 644 855 712 addere.
900 645 1008 724 Quare
1036 667 1077 712 cx
1102 645 1257 712 hocloco
1283 669 1358 712 con-

249 755 442 822 cludendum
466 763 524 832 est,
551 754 831 821 Anaximandrum
854 757 962 839 ipsum
985 755 1075 820 illam
1104 758 1358 841 appellationem

249 885 313 933 non
328 863 519 931 adhibuisse
542 863 601 930 sed
624 884 696 930 eam
718 885 782 930 nou
805 884 876 930 esse
898 864 963 930 nisi
986 865 1148 948 quandam
1172 866 1359 932 Aristotelis

251 974 561 1058 interpretationem.

350 1099 420 1166 Iam
441 1119 520 1165 vero
542 1101 573 1165 ei
601 1101 682 1182 loco,
715 1119 811 1182 quem
833 1101 1078 1183 explicavimus,
1110 1102 1152 1166 ab
1184 1101 1358 1167 Aristotele

249 1209 410 1293 quaedam
431 1208 678 1294 subiunguntur,
703 1229 720 1274 e
744 1209 863 1291 quibus
886 1216 997 1293 patere
1014 1216 1137 1292 putant,
1161 1211 1357 1277 Anaximan-

248 1318 341 1386 drum
364 1318 421 1383 illo
443 1320 515 1383 loco
549 1319 591 1384 ab
613 1318 786 1384 Aristotele
817 1339 881 1384 nou
904 1338 1001 1403 posse
1024 1320 1173 1403 intellegi
1195 1340 1279 1402 eum,
1304 1322 1356 1403 qui

249 1437 398 1494 naturam
431 1427 516 1494 inter
544 1447 661 1510 aquam
689 1434 721 1492 et
743 1447 851 1493 aerem
873 1427 1015 1494 mediam
1037 1448 1137 1494 unum
1163 1434 1267 1496 rerum
1293 1432 1357 1496 ele

248 1545 391 1604 mentum
424 1544 532 1622 ponat.
591 1537 674 1603 Sunt
708 1543 814 1602 autem
837 1537 1022 1603 Aristotelis
1055 1539 1155 1604 verba
1187 1538 1355 1620 haecce:¹)

250 1644 342 1729 ,iicet
365 1644 425 1729 priv
448 1631 505 1711 οὖν
528 1641 566 1710 τὰ
589 1641 624 1711 ἓν
646 1646 749 1720 τοῦτο,
762 1647 919 1712 ποιοῦσιν
939 1641 1026 1731 ’ὕδωρ
1048 1640 1164 1732 ἢάἑρα
1179 1641 1202 1733 ἢ
1215 1643 1355 1725 ὕδατος

249 1757 317 1840 μὲν
338 1750 579 1839 λεπτότερον
601 1747 719 1839 ἀέρος
741 1752 782 1819 dri
803 1749 1062 1840 ceucocroca,
1090 1748 1158 1822 εἶτ’
1181 1757 1215 1821 ἐκ
1237 1753 1354 1822 τούτου

250 1859 426 1951 πυκνότητι
449 1865 501 1929 καὶ
523 1859 681 1950 μανότητι
707 1855 807 1928 τᾶλλα
832 1864 992 1948 γεννῶσιν,
1020 1853 1114 1930 οὗτοι
1140 1861 1354 1931 λανθάνουσιν

250 1973 343 2038 αὐτοὶ
365 1970 482 2050 αὐτούς
514 1964 594 2038 ἄλλο
627 1995 659 2038 τι
688 1968 854 2057 πρότερον
884 1977 943 2038 τοῦ
965 1974 1131 2055 στοιχείου
1153 1979 1350 2052 πονοῦντες.“

251 2085 301 2150 Ab
324 2083 385 2149 hoc
407 2083 508 2168 igitur
528 2084 600 2148 loco
622 2084 760 2168 profecti
784 2084 833 2148 sic
852 2083 1098 2151 ratiocinantur:
1123 2084 1267 2151 hocloco
1289 2106 1351 2168 eos,

251 2195 306 2276 qui
330 2213 426 2258 unum
445 2212 550 2258 rerum
572 2194 766 2258 elementum
790 2198 911 2276 ponant
944 2198 1090 2258 naturam
1125 2193 1208 2260 inter
1237 2213 1350 2276 aquam

251 2310 284 2368 et
313 2321 420 2368 aerem
442 2301 593 2383 mediam,
627 2301 669 2366 ab
691 2302 866 2366 Aristotele
899 2309 1009 2384 aperte
1042 2301 1076 2367 in
1110 2303 1152 2369 iis
1185 2304 1350 2384 numerari,

251 2413 305 2495 qui
331 2431 437 2477 rernm
459 2410 699 2477 multitudinem
722 2410 973 2477 condensationc
1003 2417 1035 2476 et
1062 2413 1273 2479 rarefactioue
1294 2433 1350 2495 gc-

250 2522 357 2588 nerari
373 2521 489 2598 velint;
511 2520 790 2587 Anaximandrum
805 2540 882 2586 vero
903 2521 944 2586 ab
959 2521 1136 2587 Aristotele
1159 2525 1192 2588 in
1206 2522 1348 2607 Physicis

250 2636 361 2714 aperte
383 2630 449 2696 dici
472 2649 523 2696 res
546 2651 610 2695 non
625 2629 878 2696 condensationc
898 2637 931 2696 et
952 2631 1177 2710 rarefactioue,
1201 2631 1255 2698 scd
1276 2651 1347 2696 cou-

250 2743 418 2808 trariorum
440 2739 619 2806 secretione
634 2760 806 2823 generare3
831 2759 907 2823 ergo
927 2741 1206 2808 Anaximandrum
1227 2742 1266 2806 ab
1279 2741 1345 2806 Ari-

249 2853 362 2916 stotele
387 2870 450 2914 non
474 2851 619 2933 intellegi
642 2869 740 2933 posse
764 2870 847 2929 enm,
878 2852 934 2933 qni
956 2856 1103 2916 naturam
1128 2852 1214 2917 inter
1236 2871 1344 2933 aquam

250 2966 282 3025 et
311 2979 417 3024 aerem
451 2958 590 3024 mediam
619 2965 720 3043 ponat
729 2961 765 3040 ²).
818 2960 855 3024 ln
889 2979 954 3042 qua
986 2961 1230 3026 ratiocinatione
1264 2957 1342 3042 quod

249 3068 440 3134 Aristoteles
472 3068 592 3134 dicitur
622 3067 824 3151 contendere,
852 3069 1129 3134 Anaximandmm
1162 3069 1203 3135 ad
1226 3089 1272 3135 res
1293 3087 1342 3150 ge-

143 3185 145 3190 '
250 3178 411 3244 nerandas
434 3198 499 3243 non
534 3177 579 3243 nti
612 3176 865 3244 condensationc
892 3184 924 3242 et
945 3178 1170 3260 rarefactione,
1201 3181 1264 3244 sine
1284 3177 1341 3240 ulla

249 3287 452 3353 dubitatione
475 3290 642 3365 constatll.
688 3286 795 3365 Quare
818 3289 846 3352 si
870 3286 931 3352 hoc
954 3288 1026 3353 loco
1048 3307 1164 3352 revera
1178 3288 1262 3369 dicit,
1281 3304 1339 3365 ecs,

251 3396 306 3477 qui
329 3395 417 3460 illam
441 3401 589 3460 naturam
614 3394 754 3460 mediam
784 3401 914 3475 ponant,
949 3415 989 3460 ex
1013 3394 1073 3460 bac
1101 3413 1154 3460 res
1177 3393 1338 3460 condensa-

250 3503 337 3568 tionc
361 3510 393 3568 et
409 3504 620 3568 rarefactione
636 3523 801 3586 generare,
818 3510 874 3568 aut
888 3503 1126 3570 concedendurn
1149 3512 1207 3586 est,
1228 3504 1266 3568 ab
1279 3499 1338 3567 Ari-
1413 3489 1414 3584 i

352 3841 378 3908 1)
397 3839 471 3895 Goel.
490 3839 540 3907 III,
559 3842 585 3894 5.
605 3841 678 3900 3031,
692 3841 733 3893 13.

350 3954 379 4020 2)
399 3951 500 4016 Zeller,
520 3951 627 4006 Philus.
649 3951 675 4006 d.
696 3951 833 4006 Griechen
851 3952 873 4018 1,
892 3969 919 4021 p.
941 3954 991 4006 189
1010 3956 1039 4006 et
1059 3955 1118 4006 190.

350 4066 378 4133 3)
397 4063 478 4130 erod
497 4065 544 4118 l'r.
564 4064 662 4134 Liitze,
680 4066 698 4119 1.
709 4066 727 4120 l.
746 4083 774 4134 p.
787 4065 837 4118 118
856 4066 998 4135 opinatur,
1017 4065 1257 4119 condennationem
1273 4073 1333 4113 rare
1413 4055 1414 4064 ’

250 4161 457 4228 factionemque
481 4165 510 4214 et
535 4162 740 4215 contrariorum
760 4163 943 4216 secretionem
973 4163 1008 4216 at
1034 4162 1187 4216 Aristotele
1204 4177 1256 4212 non
1273 4157 1333 4208 inter

250 4275 279 4311 se
298 4255 411 4325 opponi,
431 4256 460 4309 id
479 4273 564 4324 supra
580 4257 647 4310 satis
666 4258 859 4312 refutavimus.
878 4257 941 4312 viu.
961 4275 988 4326 p.
1011 4259 1060 4312 155
1078 4262 1139 4312 not.
1160 4261 1182 4310 l.
