2850 4904
600 373 652 426 207

51 546 205 612 eundem
231 547 446 630 Aristotelem,
475 547 530 629 qui
554 566 663 612 omnes
686 565 742 612 eos
764 545 928 631 physicos,
958 528 1069 630 quiid
1092 547 1178 631 qrrod

57 662 109 720 est
143 662 205 722 aut
238 677 335 721 uuum
368 675 409 721 ex
442 657 608 722 elementis
641 662 698 721 aut
722 661 869 722 naturam
891 654 1029 721 mediam
1051 662 1180 740 ponant,

58 765 185 831 adres
210 764 418 848 generandas
441 764 694 832 condensatione
721 772 754 830 et
780 765 995 830 rarefactione
1016 765 1062 830 uti
1082 764 1180 847 dicat,

53 873 348 940 Anaximandrum
383 880 492 941 autem
527 875 589 941 hae
625 873 846 959 generationis
874 874 977 938 forma
1003 873 1050 938 uti
1072 881 1178 959 neget,

54 982 345 1050 Anaximandrum
367 1003 440 1049 eum
465 1003 539 1050 esse
563 985 656 1064 velle,
680 983 735 1066 qui
758 989 907 1049 naturam
929 984 1018 1049 illam
1039 984 1180 1050 mediam

55 1099 171 1175 ponat.
219 1091 328 1170 Quare
354 1092 653 1176 imprudentissime
688 1093 710 1156 ii
742 1097 851 1176 agunt,
887 1093 953 1174 qui,
991 1113 1062 1159 eum
1096 1093 1180 1159 hanc

55 1203 121 1267 looi
151 1203 456 1288 interpretationem
480 1210 677 1286 sequantur,
710 1201 811 1268 nihilo
842 1203 950 1268 secius
980 1201 1050 1268 fieri
1083 1221 1179 1286 posse

59 1318 195 1394 putent,
226 1319 262 1378 ut
296 1313 492 1379 Aristoteles
524 1311 770 1378 Anaximandro
793 1317 939 1376 naturam
963 1311 1100 1377 mediam
1123 1312 1180 1377 tri·

60 1422 161 1503 buat3
186 1428 284 1504 atque
304 1428 362 1487 aut
384 1420 629 1487 eoncedendum
652 1427 711 1503 est,
734 1421 940 1486 Aristotelem
966 1420 1026 1486 hoe
1047 1422 1119 1486 loco
1138 1420 1180 1485 ab

61 1531 310 1596 Anaximandro
343 1537 493 1596 naturam
525 1531 612 1597 illam
638 1530 776 1596 mediam
799 1529 998 1610 abiudicare,
1032 1537 1073 1612 et,
1108 1551 1179 1596 eum

62 1641 119 1705 alii
145 1642 210 1705 sint
229 1641 303 1718 loci,
341 1641 460 1724 quibus
483 1640 634 1705 videatur
655 1641 687 1706 ei
708 1640 858 1723 tribuere,
893 1641 951 1706 hos
973 1646 1029 1705 aut
1050 1639 1180 1706 demon·

63 1750 235 1814 strandum
259 1756 309 1815 est
334 1749 376 1814 ad
400 1748 679 1815 Anaximandrum
704 1770 766 1815 nou
790 1749 951 1834 pertinere
975 1785 1014 1796 -
1037 1748 1070 1814 id
1093 1748 1180 1832 quod

65 1859 177 1924 facere
199 1859 331 1924 student
345 1857 665 1925 Schleiermaoherus
689 1864 721 1923 et
736 1858 879 1924 Zellerus
904 1895 953 1938 -‚
975 1864 1032 1924 aut
1055 1877 1180 1925 sumen-

75 2045 276 2054 --.

69 2157 163 2225 Quare
180 2159 228 2212 vix
250 2159 328 2214 credi
346 2164 449 2229 potest,
467 2161 539 2216 hanc
557 2161 663 2216 Zelleri
681 2161 846 2218 divisionem
864 2179 929 2216 cum
940 2161 1101 2218 Aristotelis
1120 2178 1180 2216 ssu·

69 2255 161 2308 sentia
178 2254 336 2311 convenire.
373 2256 416 2310 De
436 2273 468 2311 ea
486 2274 526 2326 re,
546 2257 620 2326 quod
631 2260 829 2330 Anaxagoram
851 2262 879 2313 et
897 2257 1098 2327 Empedoclem
1117 2275 1179 2312 cum

70 2351 284 2406 Anaximandro
314 2352 344 2405 in
372 2352 468 2407 eodem
493 2353 638 2408 divisionis
667 2354 792 2409 membro
821 2355 910 2424 pouit,
938 2355 1033 2424 paullo
1060 2358 1123 2424 post
1150 2354 1180 2407 in
1276 2404 1279 2413 ,

72 2448 132 2516 ipsa
151 2448 347 2502 dissertatione
374 2448 492 2504 dicetur.
512 2449 618 2528 -Illa
644 2449 733 2520 igitur
762 2451 997 2520 interpretatione
1015 2451 1121 2520 posite,
1140 2451 1180 2508 ita

72 2545 224 2600 concludit:
246 2543 333 2615 „Hier
351 2545 388 2599 ist
409 2545 482 2600 doch
510 2563 581 2616 ganz
606 2546 741 2615 deutlich,
771 2547 834 2601 dass
864 2547 922 2601 sich
941 2546 1108 2601 Aristoteles
1135 2546 1180 2600 die

74 2640 264 2712 Verdiinnung
282 2641 340 2696 und
358 2641 553 2714 Verdichtung
571 2644 626 2698 mit
645 2643 695 2698 der
705 2643 852 2698 Annehme
871 2644 946 2698 eines
963 2643 1114 2712 qualitatis
1132 2643 1179 2696 be·

74 2739 216 2794 stimmten
249 2739 386 2794 Urstoffes
420 2741 520 2795 ebcnso
549 2741 714 2796 wesentlich
745 2741 898 2811 verkniipft
930 2721 1025 2810 dauht,
1053 2741 1106 2796 wie
1134 2741 1180 2794 die

75 2836 284 2906 Ausscheidung
301 2838 355 2892 mit
374 2837 425 2892 der
438 2837 664 2908 Voraussetzung
683 2828 766 2892 ¹einer
784 2837 1019 2908 urspriinglichen
1032 2837 1180 2907 Mischnng

76 2931 144 2984 aller
165 2932 256 3002 Dioge
284 2934 353 2988 oder
383 2935 459 2989 eines
487 2933 622 2989 Urstoffes
654 2934 726 2989 ohne
756 2934 922 3003 qualitative
940 2934 1180 3003 Bestimmtheit“;

78 3031 216 3085 concludit
235 3031 334 3102 igitur,
364 3030 528 3084 Aristotelis
547 3030 687 3084 sententia
705 3046 833 3099 omnes,
850 3030 910 3103 ‘qui
928 3031 1075 3085 materiam
1093 3031 1181 3100 quali·

78 3129 135 3178 tate
152 3127 294 3183 definitam
327 3132 435 3197 ponant
454 3126 671 3182 condensatione
702 3132 731 3182 et
760 3127 948 3182 rarefactione
975 3143 1181 3198 ragenerum,

79 3223 280 3294 nullumque
300 3241 419 3278 eorum
438 3241 504 3293 esse,
533 3225 580 3294 qui
604 3225 660 3279 alia
679 3224 869 3294 generationis
899 3224 989 3278 forma
1016 3229 1114 3279 utatur
1140 3225 1181 3294 (id

81 3317 150 3372 enim
168 3325 216 3386 est,
236 3321 400 3375 Aristotelis
413 3321 552 3376 sententia
566 3339 629 3376 cnm
646 3322 720 3391 ipsa
738 3321 905 3375 materiae
924 3321 1099 3376 definitae
1112 3322 1180 3391 opi-

82 3415 178 3472 nione
190 3416 293 3471 coniu
302 3421 413 3472 notam
427 3435 504 3472 esse
517 3418 677 3487 opinionem
690 3417 914 3472 condensationis
928 3421 956 3471 et
965 3416 1182 3488 rarefactionis)‚

84 3527 192 3567 omues
211 3519 313 3582 autem,
333 3514 381 3582 qui
395 3517 443 3568 aut
461 3513 609 3568 materiem
628 3530 661 3568 ex
681 3513 810 3567 omnibus
828 3513 912 3568 rebus
922 3513 1040 3568 mixtam
1054 3519 1103 3568 aut
1120 3531 1182 3569 ma·

84 3589 200 3664 teriam¹
213 3611 302 3666 omni
315 3611 492 3679 qualitate
506 3609 655 3665 delinita
669 3615 844 3666 carentem
858 3615 974 3680 ponant,
993 3611 1030 3666 ad
1042 3629 1087 3666 res
1099 3627 1181 3682 gene·

86 3705 178 3760 rendae
198 3708 405 3762 contrariorum
424 3706 586 3776 secretione,
605 3706 740 3761 nullum
760 3711 852 3761 autem
882 3707 931 3761 illa
954 3708 1048 3777 priore
1067 3725 1181 3778 genera·

87 3798 163 3855 tionis
177 3801 266 3856 forma
284 3803 334 3856 uti.
372 3801 449 3868 Quae
469 3802 581 3872 quidem
594 3803 735 3858 conclusio
753 3807 867 3858 eatenus
886 3822 954 3860 vera
973 3809 1024 3864 est.
1046 3809 1181 3874 quatenus

88 3911 146 3950 vera
163 3902 203 3952 est
221 3899 270 3953 illa
292 3899 454 3953 Aristotelis
475 3899 528 3954 loci
549 3899 756 3969 interpretatio.
782 3897 861 3968 Quod
889 3905 980 3956 autem
1000 3899 1124 3955 Zellerus
1153 3903 1182 3956 in

88 3993 230 4057 posteriore
249 3994 434 4050 conclusionis
453 4000 533 4065 parte
552 4013 604 4066 pro
623 3987 835 4052 Anaximaddro
854 3996 924 4053 dicit
942 3995 1014 4068 ‘eos‚
1034 3999 1081 4067 qui
1095 4003 1181 4053 mate·

90 4084 151 4141 riam
163 4095 267 4158 ponent
279 4089 417 4160 qualitate
433 4089 725 4172 definita'oarentem',
744 4093 772 4148 id
786 4093 855 4148 iacit
874 4111 912 4148 ex
937 4112 996 4148 sua
1015 4093 1126 4163 ipsius
1144 4094 1183 4147 de

89 4171 335 4240 Anaximandro
356 4187 545 4256 sententia3
561 4205 627 4241 nam
647 4189 707 4257 ipse
725 4189 892 4244 Aristoteles
911 4207 1001 4259 neque
1019 4189 1073 4243 hoc
1093 4175 1182 4257 neque

93 4275 139 4330 alio
156 4280 213 4334 loco
232 4282 385 4351 quidquam
405 4283 483 4345 dicit,
504 4302 519 4337 e
538 4302 592 4353 quo
611 4285 682 4338 haec
701 4287 839 4340 sententia
859 4285 954 4356 colligi
974 4286 1070 4355 possit.
