2882 4902
603 389 637 445 33

55 559 273 644 infinitum1).
308 561 461 629 Alterum
489 569 714 646 argumentum
739 562 801 629 hoc
821 569 884 628 est:
918 559 1006 646 quod
1027 561 1170 630 omnium

55 689 166 738 rerum
182 670 385 756 principium
401 677 459 754 est,
481 670 516 737 id
532 691 592 737 nec
613 673 719 738 ortum
734 690 806 738 esse
819 691 879 738 nec
900 671 1032 740 interire
1056 681 1171 757 potest,

56 779 116 844 sed
139 779 332 854 immortale
354 799 427 846 esse
448 787 575 866 oportet
597 787 629 846 et
650 782 754 847 omnis
777 781 991 866 corruptionis
1005 802 1121 868 expers
1131 782 1171 868 2);

56 888 125 954 tale
147 896 265 956 autem
287 909 396 956 rursus
419 910 481 956 non
504 896 554 956 eat
573 890 638 956 nisi
658 889 831 970 infinitnm3
854 890 939 974 qnod
961 891 1047 956 enim
1069 892 1171 959 oritur

58 1005 91 1063 et
113 999 348 1083 corrumpitur,
370 998 406 1064 id
420 999 655 1084 magnitudinis
668 1019 747 1067 suae
763 999 891 1066 initium
907 1004 940 1066 et
953 1000 1049 1067 finem
1065 1000 1171 1080 habet,

60 1107 232 1174 infinitum
255 1116 362 1176 autem
388 1108 517 1174 omnino
539 1109 656 1176 finibus
679 1111 807 1191 carad).
850 1110 920 1175 Hoc
949 1130 1047 1176 unum
1076 1111 1171 1191 addo,

60 1237 112 1282 me
134 1219 172 1282 in
195 1216 345 1288 adhibita
372 1217 620 1302 argumentandi
654 1220 779 1294 ratione
813 1219 942 1285 omnino
964 1220 1172 1287 Aristotelem

61 1334 215 1394 secutum
227 1347 310 1409 esse,
322 1330 377 1412 qui
389 1329 567 1396 secundum
580 1349 630 1410 ea,
642 1348 726 1412 qnae
739 1336 836 1396 antea
846 1328 887 1396 de
896 1329 1082 1396 Aristotelis
1093 1331 1174 1408 loco,

62 1456 126 1519 quo
149 1437 214 1503 illa
234 1445 423 1522 argumenta
444 1439 632 1516 referuntur,
657 1438 917 1524 disputatasunt,
939 1439 973 1505 in
990 1439 1173 1506 universum

63 1553 151 1613 certe
185 1547 292 1632 ipsam
325 1547 561 1614 Anaximandri
588 1548 770 1614 disserendi
802 1549 959 1614 rationem
992 1551 1173 1634 exprimere
1257 1536 1261 1542 ’

64 1656 210 1724 videtur.

168 1765 252 1832 Cum
274 1767 376 1850 igitur
397 1766 639 1834 Anaximander
661 1769 712 1834 his
740 1768 921 1835 rationibus
952 1768 1017 1835 sibi
1038 1787 1174 1852 persua·

67 1875 168 1960 deret,
204 1896 360 1942 summum
392 1897 497 1944 rerum
529 1878 725 1963 principium
747 1898 810 1945 non
833 1879 990 1945 contineri
1013 1878 1078 1944 nisi
1100 1877 1174 1943 infi-

67 1985 147 2068 nito,
172 2005 216 2052 ne
231 1985 315 2052 hane
329 1985 460 2069 quidem
472 1988 703 2071 quaestionem,
727 1996 832 2054 utrum
847 1995 933 2054 esset
945 1987 1077 2072 aliquod
1101 1987 1174 2054 infi-

68 2095 172 2161 nitum
194 2114 255 2160 neo
277 2114 327 2173 ne,
349 2095 472 2172 omisit3
495 2094 530 2160 id
551 2095 637 2178 quod
657 2096 734 2162 inde
756 2103 854 2181 patet,
874 2095 961 2179 quod
982 2095 1173 2162 Aristoteles

68 2203 154 2269 inter
177 2206 331 2284 rationes,
362 2205 403 2270 ob
438 2225 519 2288 quas
545 2225 639 2272 esse
669 2206 801 2289 aliquod
834 2205 994 2272 infinitum
1016 2204 1174 2287 credatur,

71 2333 168 2380 unam
184 2321 349 2397 memorat,
372 2334 467 2397 quam
483 2315 683 2401 eSimplicio
705 2322 737 2381 et
750 2316 947 2382 Plaeitorum
961 2315 1172 2408 scriptoribus

71 2423 194 2489 seimus
220 2425 262 2489 ab
291 2424 533 2490 Anaximandro
566 2445 637 2492 esse
671 2424 860 2490 adhibitam.
917 2425 1009 2504 Quae
1046 2424 1176 2508 quidem

72 2533 155 2599 ratio
178 2534 225 2599 sic
248 2533 392 2613 refertur,
420 2553 491 2601 esse
512 2543 657 2620 oportere
680 2535 811 2619 aliquod
834 2534 1008 2619 infinitum,
1037 2536 1115 2618 quia
1136 2553 1176 2599 ea

73 2643 176 2708 solnm
204 2642 394 2708 condicione
417 2641 487 2709 fieri
509 2645 620 2727 possit,
644 2649 680 2709 ut
696 2663 801 2709 rerum
823 2644 990 2728 generatio
1011 2663 1176 2726 nunquam

74 2749 211 2832 deficiat,
233 2752 263 2818 si
285 2751 445 2818 infinitum
465 2751 574 2844 sitid,
604 2771 718 2835 aquo,
742 2773 824 2835 qnae
842 2753 929 2832 fiant,
953 2752 1175 2830 avellantur⁴t

75 2860 124 2926 De
147 2880 188 2926 ea
208 2861 444 2927 Anaximandri
466 2861 628 2945 opinione,
661 2880 726 2943 qua
745 2859 826 2927 haec
848 2861 932 2928 ratio
960 2861 1083 2935 nititur,
1111 2860 1176 2924 alio

75 2970 145 3036 loeo
164 2970 298 3038 dicetur.
347 2971 461 3054 Neque
483 2978 590 3036 tamen
612 2970 856 3036 Anaximander
876 2969 938 3036 hac
959 2970 1030 3036 sola
1050 2968 1176 3035 ratione

76 3097 152 3145 usus
179 3087 244 3160 est;
277 3115 317 3126 -
354 3079 440 3163 quod
469 3080 556 3146 enim
583 3081 654 3146 sola
675 3099 696 3144 a
717 3079 887 3164 Simplicio
920 3086 952 3144 et
981 3079 1176 3144 Placitorum

76 3189 286 3274 scriptoribus
307 3196 508 3268 memoratur,
532 3189 567 3255 id
581 3189 657 3254 inde
678 3189 806 3256 videtur
820 3188 968 3254 effectum
984 3207 1065 3268 esee,
1088 3187 1175 3270 quod

80 3299 313 3366 Anaximandri
333 3300 463 3366 omnino
477 3301 611 3385 propria
624 3305 687 3380 est3
713 3335 750 3344 -
773 3297 831 3364 sed
851 3317 921 3364 meo
944 3305 1030 3364 certe
1051 3296 1173 3363 iudicio

81 3425 149 3472 eam
173 3427 300 3490 quoqne
323 3406 472 3473 adhibuit
493 3413 589 3490 atque
611 3407 733 3491 primns
757 3405 887 3490 quidem
909 3405 1068 3490 adhibuit,
1092 3425 1174 3488 quae

79 3533 99 3578 a
121 3516 327 3600 cogitationis
348 3515 419 3582 sive
441 3516 633 3602 phantasiae
654 3510 826 3601 (νοήσεως)
853 3523 970 3582 natura
996 3517 1100 3600 petita
1118 3521 1175 3594 est,
1207 3585 1212 3592 ,

81 3643 159 3707 quae
179 3626 221 3692 ab
242 3625 417 3693 Aristotele
438 3625 552 3691 eodem
574 3626 645 3692 loeo
666 3627 714 3692 sic
740 3626 944 3710 proponitur:
981 3624 1059 3707 quia
1092 3625 1178 3708 cogi·

179 3806 202 3871 l)
222 3802 339 3858 Aristot.
358 3803 376 3857 l.
395 3804 427 3873 l.;
446 3803 481 3859 cl.
501 3822 585 3875 supra
603 3825 630 3875 p.
651 3807 692 3860 26.

176 3901 205 3970 2)
224 3899 294 3956 Ibid.
313 3899 412 3956 208117
430 3904 459 3956 eb
479 3903 523 3956 13:
552 3903 607 3972 „Ars
627 3901 659 3956 δὲ
678 3905 724 3956 καὶ
740 3898 875 3972 ἀγένητον
904 3904 949 3955 καὶ
976 3894 1124 3972 ἄφθαρτον
1142 3897 1178 3959 ὥς

83 3989 150 4066 ἀρχή
166 4015 205 4056 τις
223 3987 309 4051 οὖσαι(
391 3991 551 4067 „dotcetas
564 3995 618 4070 γὰρ
632 4001 677 4052 καὶ
689 3993 855 4069 ἀνώλεθρον,
878 3997 914 4058 ὠς
932 4002 1020 4070 φησὶν
1037 3995 1052 4051 ὁ
1071 3993 1181 4056 Ἀναξί-

84 4093 203 4162 μανδρος
215 4133 221 4147 .
235 4095 268 4150 .“
287 4095 323 4150 ef.
343 4093 457 4165 Hippol.
477 4093 569 4150 Relut.
589 4094 611 4165 Ι,
629 4098 646 4150 6
665 4100 694 4150 et
712 4112 797 4166 supra
815 4113 843 4165 p.
862 4097 897 4148 27
917 4112 957 4164 sq.

179 4192 208 4263 3)
227 4191 298 4248 blida
315 4209 401 4264 snpra
418 4209 446 4262 p.
466 4191 508 4247 28.

183 4290 209 4360 4)
226 4289 295 4345 Vide
314 4307 399 4360 snpra
416 4307 443 4360 p.
463 4291 498 4344 22
517 4293 545 4344 et
563 4291 607 4344 23.
