2860 4906
512 347 515 354 ’
596 369 647 422 aer

55 544 250 624 contrarias,
273 562 355 625 quas
370 543 562 626 principium
574 543 679 626 ipsum
704 563 762 626 per
775 563 810 609 se
823 545 968 626 potentia
990 543 1170 609 eontineret

56 673 209 735 quasque
238 673 279 719 ex
306 674 378 721 sese
406 661 601 737 seeerneret;
638 675 714 736 orgo
743 674 816 720 non
846 654 972 736 potuit
1004 653 1076 736 plus
1107 652 1170 719 duo

57 765 203 830 omnium
239 783 347 830 rerum
379 766 540 832 elementa
568 783 703 848 ponere;
735 782 924 847 quaequae
956 763 1031 843 sint,
1061 761 1170 845 paullo

57 879 132 938 ante
156 873 382 956 eognovimus.

156 1007 227 1074 Sed
251 1008 357 1085 iniis,
389 1027 472 1091 quae
504 1007 544 1075 de
578 1008 629 1074 his
660 1007 787 1074 duobus
824 1008 993 1074 elementis
1026 1005 1170 1091 disputa·

57 1120 171 1196 vimus,
199 1125 275 1184 eunt
297 1118 465 1201 quaedam,
493 1138 577 1202 quae
603 1119 833 1185 accuratiorem
861 1116 958 1184 etiam
987 1115 1171 1182 desiderent

58 1229 327 1309 explicationem
351 1235 382 1294 et
405 1229 446 1295 de
469 1249 508 1294 ea
522 1231 595 1312 ipsa
614 1229 776 1313 opinione,
800 1247 865 1310 qua
880 1227 962 1294 haee
985 1226 1049 1293 duo
1066 1228 1171 1292 solum

58 1347 227 1417 ponuntur
249 1340 391 1404 omnium
413 1358 519 1406 rerum
535 1340 704 1421 elementa,
728 1337 925 1421 generaliter
947 1335 1107 1419 quaedam
1122 1335 1171 1401 di-

59 1445 163 1512 eenda
186 1454 291 1514 erunt.

158 1580 256 1660 Quod
271 1583 415 1666 primum
438 1577 481 1647 ad
496 1589 644 1647 naturam
660 1580 826 1648 humidam
847 1582 997 1666 pertinet,
1022 1601 1062 1646 ea
1084 1586 1170 1645 eerte

61 1711 120 1754 non
136 1710 225 1773 aqua
237 1692 296 1757 sed
311 1691 444 1757 humor
465 1699 514 1758 est
527 1692 610 1756 inter
631 1710 748 1773 aquam
763 1697 795 1756 et
808 1710 915 1756 aerem
930 1691 1022 1772 quasi
1034 1688 1168 1754 medius.

62 1796 98 1862 ld
113 1802 201 1865 enim
217 1821 412 1883 quamquam
428 1821 492 1867 non
510 1801 589 1884 ipsis
605 1801 712 1866 verbis
729 1800 876 1882 traditur,
898 1807 1006 1865 tamen
1023 1797 1169 1882 pluribus

62 1910 256 1975 testimoniis
273 1911 353 1975 satis
366 1917 479 1994 aperte
501 1910 707 1995 significatur.
731 1911 871 1976 Primum
886 1909 1077 1975 Aristoteles
1089 1906 1169 1972 loeis

63 2016 1169 2104 antealaudatisquorundamopinionem,inquibusAnaximandrum

64 2127 158 2192 etiam
182 2149 255 2196 esse
279 2129 431 2209 vidimus,
455 2131 503 2196 ita
523 2130 654 2210 indinat,
678 2137 712 2194 ut
732 2150 787 2196 eos
810 2135 923 2212 putare
947 2127 1036 2194 dieat
1051 2134 1169 2192 terram

65 2241 227 2322 totumque
249 2240 337 2305 eirea
360 2245 477 2305 terram
499 2240 605 2304 loeum
628 2240 705 2303 intio
729 2233 847 2321 ὑγρόν
881 2257 940 2304 nee
971 2256 1047 2303 vero
1080 2231 1168 2318 ὕδωρ

66 2343 173 2413 t'uisse.
218 2348 344 2414 Deinde
366 2348 559 2424 Alexander,
583 2349 614 2412 in
643 2347 873 2414 commentario
906 2349 938 2412 in
961 2345 1058 2412 hosce
1081 2347 1168 2411 lenos

66 2453 199 2521 eandem
222 2459 414 2523 sententiam
437 2478 455 2523 e
478 2456 703 2541 Theophrasto
736 2477 902 2541 exponens
929 2463 962 2522 et
983 2454 1027 2521 ad
1048 2454 1168 2520 Anaxi-

65 2565 229 2630 mandrum
259 2572 292 2630 et
317 2565 496 2650 Diogenem
530 2567 682 2650 retenone,
716 2565 829 2633 eodem
864 2565 1021 2632 vocabulo
1055 2564 1168 2650 utitur,

66 2671 181 2750 dioens,
206 2674 333 2740 illorum
356 2676 507 2758 opinione
530 2683 632 2741 totum
666 2677 754 2741 eirea
787 2683 909 2740 terram
931 2676 1037 2741 looum
1069 2674 1168 2740 fuisse

66 2776 174 2861 ὑγρὸν
197 2789 229 2848 et
251 2803 340 2848 mare
362 2785 428 2869 τῆς
450 2784 609 2868 πρώτης
630 2781 849 2868 ὑγρότητος
871 2778 1064 2865 ’ὑπόλειμμα
1085 2804 1168 2850 esse.

67 2888 209 2974 Denique
236 2893 571 2960 Pseudo-Plutarchus
603 2903 715 2979 aperte
750 2897 808 2974 ait,
843 2893 1077 2959 Anaximandri
1100 2912 1168 2959 sen·

68 3001 162 3065 tentia
185 3022 274 3066 mare
295 3003 363 3089 τῆς
385 3001 544 3088 πρώτης
570 3002 758 3087 ὑγρασίας
784 3001 941 3085 λείψανον
964 3023 1045 3077 esse,
1078 3005 1168 3068 euius

69 3108 191 3187 quidem
215 3104 372 3192 ὑγρασίας
404 3133 483 3196 pars
518 3113 621 3178 maior
655 3115 695 3179 ab
727 3113 803 3197 igne
835 3114 1008 3196 exsieeata,
1041 3112 1169 3195 reliqua

69 3223 168 3282 autem
192 3238 267 3302 pars
302 3219 334 3283 in
358 3240 447 3286 mare
474 3228 598 3287 mutata
621 3221 672 3286 sit.
718 3222 785 3287 lam
814 3239 890 3287 vero
916 3222 942 3286 si
972 3225 1168 3305 reputamus,

68 3315 258 3408 ὑγρασίας
283 3328 484 3411 vocabulum,
507 3351 570 3412 quo
586 3329 920 3396 Pseudo-Plutarchus
934 3332 1041 3408 utitur,
1064 3333 1168 3396 minus

72 3435 197 3518 volgare
219 3458 300 3515 esse,
323 3458 389 3503 non
411 3439 622 3522 improbabile
637 3438 810 3514 videbitur,
833 3445 980 3504 naturam
1001 3438 1166 3506 humidam

69 3540 104 3605 ab
132 3545 205 3630 ipso
228 3547 472 3613 Anaximandro
494 3549 692 3632 appellatam
715 3568 787 3614 esse
807 3538 1047 3631 εὑγρασιάτί;
1079 3548 1167 3632 quod

74 3660 170 3720 autem
194 3657 237 3724 ad
256 3662 402 3722 naturam
425 3658 555 3740 igneam
577 3659 702 3736 attinet,
733 3656 818 3735 inde,
848 3656 935 3741 quod
957 3679 997 3724 ea
1025 3659 1081 3724 illo
1104 3658 1166 3723 Eu-

71 3762 142 3828 sebii
164 3767 236 3832 loeo
267 3786 285 3831 e
307 3764 479 3831 Plutarcho
501 3766 603 3850 petito
630 3766 747 3832 dieitur
775 3766 825 3844 τὶς
846 3763 1003 3853 φλογὸς
1031 3769 1167 3852 σφαῖρα,

73 3873 212 3957 quodque
235 3874 283 3940 illi
306 3875 401 3941 orbes
430 3876 511 3942 aerii
540 3876 633 3942 orbes
656 3877 770 3961 igneos
797 3879 962 3960 cingentes
984 3897 1004 3942 a
1025 3875 1166 3942 Stobaeo

75 3977 213 4050 dieuntur
246 4005 304 4068 per
337 3984 496 4067 quaedam
524 3985 681 4050 foramina
710 3987 859 4052 emittere
886 3979 1051 4070 φλόγας,
1080 3986 1166 4051 ooni-

73 4107 134 4156 eere
154 4093 241 4170 lieet,
265 4101 415 4160 naturam
434 4095 563 4177 igneam
582 4095 624 4160 ab
640 4094 870 4161 Aniximandro
882 4095 1080 4179 appellatam
1095 4114 1166 4160 esse

70 4187 228 4285 ‘ptriyafi
273 4202 378 4287 Atque
409 4203 490 4269 haee
524 4203 587 4269 duo
614 4205 771 4271 voeabula
809 4224 846 4271 eo
880 4204 978 4270 etiam
1010 4224 1167 4272 eommeu·
