2882 4902
604 397 639 451 49

56 567 174 650 posuit
194 588 344 652 quaeque
366 571 514 636 omnibns
539 578 680 636 veterum
708 570 901 638 testimoniis
925 569 1021 638 huius
1042 569 1175 658 propria

57 684 151 758 sunt,
190 685 241 764 ut,
277 681 306 746 si
338 679 383 744 ad
413 680 690 766 Anaximandrum
729 682 942 767 pertinerent,
982 683 1011 749 is
1046 683 1104 748 vix
1132 682 1173 748 ab

57 785 267 869 Anaxagora
291 785 435 853 differret
467 794 564 871 utque
586 788 670 854 hanc
698 788 804 874 ipsam
823 789 864 856 ob
887 809 1034 856 caussam
1057 793 1174 857 mirum

58 915 139 961 sane
163 896 275 962 videri
290 896 429 975 deberet
454 898 541 980 quod
562 899 670 966 nullus
687 899 771 966 alius
794 919 898 983 neque
915 901 949 965 in
962 903 1174 987 Anaxagorae

59 1027 170 1090 neque
197 1007 231 1074 in
253 1007 489 1074 Anaximandri
522 1009 668 1075 doctrina
695 1009 887 1094 exponenda
917 1016 1026 1076 tantae
1058 1013 1173 1079 simili·

60 1117 192 1184 tudinis
216 1118 411 1186 mentionem
433 1118 573 1184 fecisset.
617 1119 738 1197 Quodsi
763 1125 871 1186 autem
893 1121 967 1202 quis
988 1121 1116 1206 dixerit,
1139 1123 1173 1187 in

60 1227 175 1292 verbis
215 1224 269 1310 „A
301 1229 341 1316 τῇ
375 1225 534 1310 διακρίσει
566 1229 625 1292 τσῦ
658 1218 822 1312 ἄπειρον*
858 1229 1051 1296 vocabulum
1092 1225 1174 1295 “cori

61 1327 228 1417 dnaipov'
251 1337 363 1403 referri
385 1357 449 1403 non
472 1358 567 1423 posse
589 1338 632 1403 ad
648 1339 886 1423 Anaxagoram,
912 1340 1172 1425 respondendum

64 1455 131 1529 est,
165 1452 202 1512 et
231 1447 273 1512 ab
305 1446 480 1512 Aristotele
511 1454 544 1513 et
575 1449 617 1513 ab
651 1449 723 1533 ipso
751 1448 921 1537 Simplicio
955 1448 1045 1515 illam
1075 1451 1174 1516 etiam

64 1555 284 1640 Anaxagorae
317 1556 626 1624 homoeomeriarum
670 1558 860 1624 mixtionem
903 1559 1093 1645 simpliciter
1133 1555 1171 1623 cd

64 1653 207 1749 ἔπειρον
229 1667 389 1752 appellari
400 1666 434 1748 ¹).
478 1667 604 1732 Deinde
622 1667 722 1733 verba
743 1667 820 1746 ,,καὶ
842 1663 947 1745 οὕτως
967 1665 1027 1750 μὲν
1048 1667 1172 1750 λαμβα·

66 1770 193 1840 νόντων
226 1775 325 1859 κτλ,“,
353 1797 437 1859 quae
469 1776 543 1862 ipsa
569 1763 689 1860 per'se
725 1779 910 1862 opinionem
938 1778 1102 1860 quandam
1133 1777 1174 1843 de

69 1888 287 1970 Anaxagorae
314 1886 461 1952 doctrina
492 1887 672 1972 proxime
697 1889 888 1970 prolatam
915 1888 1103 1972 respiciunt,
1125 1887 1173 1953 ita

68 1996 172 2060 solum
202 1995 349 2079 intellegi
378 2003 525 2080 possunt,
560 1997 602 2073 si,
631 2017 714 2080 qnae
740 1997 885 2082 proxime
920 2003 1170 2076 antecesserunt,

70 2103 262 2185 quandam
276 2103 538 2188 Anaxagorae
553 2102 762 2170 doctrinae
780 2105 1069 2190 expositionem
1086 2126 1171 2171 corr·

71 2212 240 2293 tinent2).
286 2215 390 2296 Atque
412 2213 463 2279 his
485 2213 580 2279 simul
604 2234 791 2299 responsum
815 2215 845 2280 ci
870 2235 996 2298 quoque
1019 2223 1078 2298 est,
1115 2215 1173 2298 qui

72 2322 149 2387 forte
172 2322 343 2406 putaverit,
377 2324 428 2408 iis,
455 2344 538 2406 quae
567 2324 610 2390 ad
632 2325 722 2390 illum
746 2322 869 2389 ἐκεῖνον
897 2326 1086 2408 referuntur,
1108 2346 1174 2391 nou

72 2439 136 2496 tam
161 2433 269 2516 ipsam
298 2431 533 2497 Anaximandri
564 2431 743 2498 doctrinam
771 2454 868 2516 quam
891 2435 1053 2517 quandam
1075 2435 1170 2501 huius

74 2539 236 2606 doctrinae
250 2540 548 2623 interpretationem
563 2541 730 2606 contineri.
765 2543 922 2626 Denique,
945 2543 979 2608 id
1002 2543 1088 2626 quod
1103 2565 1171 2608 om-

74 2649 158 2714 nium
180 2651 409 2735 gravissimum
424 2657 482 2725 est,
506 2650 534 2715 si
549 2651 711 2717 sententia
727 2652 864 2735 prolata,
884 2646 923 2716 cd
946 2641 1085 2734 ἄπειρον
1098 2673 1171 2719 csse

76 2759 300 2825 elementorum
334 2759 612 2843 compositionem,
640 2759 691 2824 'ad
713 2760 989 2826 Anaximandrum
1026 2763 1171 2840 refertur,
1277 2828 1281 2836 ,

77 2869 200 2934 omnino
222 2875 346 2953 pugnat
370 2888 442 2934 cum
467 2869 575 2934 verbis
601 2868 705 2952 ipsius
729 2869 946 2954 Theophrasti
968 2871 1002 2935 in
1023 2871 1086 2936 loci
1109 2871 1172 2937 fine

77 2978 220 3061 prolatis,
250 2978 372 3062 quippe
400 2977 456 3060 qui
482 2977 708 3060 Anaxagoram
737 2979 784 3044 ita
811 2980 914 3045 solum
937 2979 1173 3045 Anaximandri

79 3085 209 3152 similem
229 3107 300 3153 esse
318 3087 420 3170 dicat,
451 3088 480 3152 si
508 3085 596 3153 illius
623 3088 737 3153 mixtio
766 3109 830 3153 non
851 3108 928 3154 vera
951 3089 1079 3168 mixtio,
1115 3089 1174 3154 sed

80 3193 153 3275 ,,μιά
166 3219 214 3274 τις
235 3189 336 3282 φύσις
356 3187 529 3278 depravo&
552 3196 767 3280 intellegatur.
787 3233 823 3242 -
847 3197 971 3275 Quodsi
998 3198 1173 3281 quaeritur,

81 3323 156 3385 quac
166 3307 200 3371 in
214 3313 282 3372 toto
297 3307 368 3373 loco
390 3305 433 3371 ad
449 3306 708 3390 Theophrastum
719 3309 911 3391 pertincant,
936 3313 1046 3392 aperte
1057 3307 1172 3372 ultima

81 3413 176 3480 solum
196 3417 371 3482 sententia:
402 3413 477 3494 „acl
498 3411 604 3492 οὕτως
624 3414 693 3496 μέν,
723 3416 814 3501 φησί,
838 3415 939 3494 κσλ.“,
969 3417 1011 3482 ad
1033 3437 1104 3483 eum
1127 3437 1176 3482 re-

174 3721 200 3787 l)
220 3719 336 3773 Aristot.
356 3717 436 3786 Phys.
447 3718 496 3788 111,
507 3719 542 3780 ,5.
560 3719 637 3774 305b
658 3722 687 3772 l:
707 3713 903 3788 ᾖἈναξαγόρας
922 3718 947 3771 d’
973 3712 1084 3777 ἀτόπως
1102 3721 1172 3788 λέγει

85 3818 141 3884 περὶ
165 3815 210 3883 τῆς
235 3817 293 3869 τοῦ
316 3811 464 3886 ἀπείρου
491 3817 595 3886 μονῆς·
625 3820 756 3885 στηρίζειν
780 3813 834 3886 γὰρ
865 3809 930 3868 uinci
958 3809 1023 3868 αὑτό
1051 3833 1121 3886 φησι
1139 3812 1174 3868 τὸ

85 3903 250 3982 ἴιπειρον.“
289 3911 425 3966 Similiter
443 3911 566 3981 Simplic.
586 3911 668 3982 Phys.
689 3912 766 3966 112b
785 3911 857 3967 med.

173 4011 202 4080 2)
221 4007 261 4062 cf.
281 4009 366 4062 etiam
378 4007 479 4075 Zellsr,
498 4009 516 4062 l.
527 4009 546 4062 l.
560 4027 587 4078 p.
596 4011 656 4074 lec,
669 4010 693 4062 5.
713 4008 788 4062 Idem
805 4009 958 4063 rectissime
972 4008 1057 4062 etiam
1069 4011 1175 4076 monet,

86 4101 245 4173 Simplicium
263 4107 359 4174 verba,
393 4104 457 4173 „uir
485 4105 516 4157 dl
538 4101 668 4172 κινήσεως
685 4106 758 4161 xrt.“
788 4105 843 4159 alio
862 4105 946 4159 modo
969 4105 1171 4159 collocaturum

86 4197 170 4267 inisse,
196 4203 219 4254 ai
238 4203 432 4271 Anaxagoram
451 4201 493 4256 illi
511 4199 640 4270 ‘txslvp’
676 4217 817 4271 opponere
830 4199 972 4256 noluisset.
1009 4201 1078 4255 Nam
1099 4207 1176 4255 certe
1223 4225 1226 4231 ·

87 4293 200 4351 dicturus
218 4298 317 4352 fnisset
334 4294 575 4368 ,,Ἀναξαγόρας
594 4299 631 4351 dl
651 4300 725 4353 κτλ.“

968 4391 986 4441 4
