2862 4910
759 384 812 439 290

239 549 382 619 omnium
403 575 509 622 rerum
531 562 652 622 motum
677 577 759 639 esse,
782 558 850 640 sed,
884 564 918 624 ut
946 577 964 622 e
992 559 1140 640 sequenti
1169 559 1233 623 loei
1257 563 1352 642 parte

242 665 420 730 certissime
443 671 542 748 patet,
564 683 691 730 eorum
716 668 961 732 sententiam
985 668 1108 749 sequi,
1135 673 1169 732 ut
1197 688 1265 731 non
1289 666 1353 731 nisi

239 791 322 838 unus
344 773 502 838 naturalis
525 775 664 838 omnium
689 794 793 840 rerum
818 781 933 856 motus,
955 781 1053 857 atque
1075 776 1103 839 is
1122 774 1254 857 quidem
1278 796 1351 840 mo-

241 888 302 947 tus
327 881 515 960 directus,
549 903 621 950 esse
652 885 773 967 possit;
808 885 897 951 velut
925 905 1035 951 eornm
1066 886 1272 967 sententiam,
1295 884 1352 968 qui

238 991 319 1057 illud
339 1011 436 1058 unum
459 993 655 1058 elementum
678 1000 802 1079 ponant
824 1013 950 1076 aquam,
975 995 1079 1076 sequi,
1107 1000 1142 1060 ut
1163 996 1273 1060 omnia
1296 995 1351 1059 de-

239 1121 356 1183 orsum,
392 1120 501 1168 eorum
535 1103 738 1181 sententiam,
776 1103 832 1187 qui
865 1105 982 1188 ignem,
1016 1109 1051 1170 ut
1083 1105 1193 1168 omnia
1220 1125 1351 1170 sursum

239 1208 316 1274 ferri
340 1216 497 1292 oporteat.
542 1209 819 1277 Teiehmuellerus
842 1217 949 1278 autem
971 1213 1002 1276 ei
1025 1215 1133 1296 motui,
1155 1233 1252 1296 quem
1277 1214 1351 1278 Ari·

238 1321 371 1386 stoteles
393 1321 467 1386 iilos
482 1319 564 1385 dieit
587 1340 644 1403 pro
670 1319 720 1385 sui
734 1320 888 1404 prinoipii
910 1327 1029 1386 natura
1050 1340 1171 1405 ponere
1187 1330 1350 1406 oportere,

239 1431 267 1494 si
290 1429 353 1494 sibi
377 1437 525 1495 oonstare
548 1430 658 1507 velint,
688 1429 857 1513 subiungit
879 1436 999 1495 motum
1027 1429 1116 1495 ilium
1147 1431 1351 1510 circularem,

238 1557 333 1621 quem
358 1557 414 1603 eos
436 1537 518 1603 dioit
539 1557 654 1603 revera
675 1557 812 1622 ponerer
840 1544 952 1620 estque
975 1539 1045 1604 eius
1068 1540 1285 1616 ratiocinatio,
1321 1541 1351 1606 si

239 1649 343 1731 ipsam
366 1667 433 1713 rem
455 1654 651 1731 spectamus,
674 1647 813 1712 haeeoe:
847 1650 901 1729 qui
934 1666 1031 1713 uuum
1062 1649 1255 1715 elementum
1279 1669 1351 1715 onr-

237 1756 327 1822 nium
358 1776 465 1822 rerum
495 1756 689 1840 principium
723 1763 856 1840 ponunt,
891 1775 1026 1821 eorum
1048 1759 1284 1824 sententiam
1309 1759 1350 1823 id

238 1867 422 1948 sequitur,
456 1872 492 1931 ut
511 1865 644 1949 proprie
665 1886 730 1931 non
757 1867 819 1931 nisi
842 1884 925 1931 unus
947 1869 1087 1932 omnium
1111 1887 1214 1932 rernm
1237 1877 1349 1935 motus

238 1980 335 2057 atque
358 1975 387 2040 is
408 1974 537 2057 quidem
551 1981 654 2041 motus
669 1975 809 2041 direotus
834 1995 905 2041 esse
917 1976 1033 2058 possit;
1056 1974 1090 2039 hi
1113 1975 1212 2042 iidem
1236 1984 1349 2044 autem

240 2085 272 2148 in
296 2084 482 2165 generando
514 2083 634 2150 mundo
663 2090 797 2150 utuntur
826 2087 946 2150 vortioe
969 2086 1040 2149 sive
1062 2091 1150 2150 motu
1173 2086 1348 2166 circulari,

238 2212 315 2275 ergo
337 2191 401 2257 hie
430 2199 556 2257 motus
578 2193 790 2258 eireuiaris
824 2200 873 2258 est
903 2195 959 2259 ille
982 2214 1081 2259 unus
1102 2201 1227 2261 motus
1248 2196 1349 2262 dire-

238 2308 335 2385 etus,
358 2321 461 2384 quem,
485 2304 513 2367 si
540 2302 603 2367 sibi
627 2307 775 2366 constare
798 2303 908 2383 veiint,
931 2322 1052 2386 ponere
1078 2302 1229 2369 debeant.
1274 2306 1349 2371 Hoe

238 2429 334 2491 quam
364 2409 482 2475 vitiose
515 2409 701 2475 oouolusnm
725 2410 777 2491 sit,
812 2430 875 2474 non
911 2429 991 2495 opus
1026 2418 1075 2476 est
1107 2412 1254 2496 pluribus
1290 2434 1347 2478 ex·

238 2537 358 2601 ponere
370 2517 405 2600 ¹).

339 2840 365 2900 1)
383 2837 620 2893 Teiehmuellerus
639 2839 733 2908 aliquo
753 2839 814 2894 loeo
834 2839 931 2909 (p.9*)
951 2841 1093 2910 vituperat
1111 2841 1165 2896 Ed.
1182 2841 1347 2911 Boethium,

237 2937 313 3006 quod
342 2936 447 2990 neseiat
475 2941 604 2990 accurate
633 2936 736 3006 legere,
765 2954 798 2990 ae
821 2955 876 2990 nou
901 2937 1004 2992 iniuria
1035 2938 1157 3006 quidem.
1195 2939 1250 2993 Sed
1268 2940 1345 2994 idem

237 3051 330 3088 noune
348 3033 463 3088 meliore
489 3033 575 3087 etiam
594 3033 656 3086 iure
680 3033 709 3086 in
735 3033 796 3101 ipso
820 3034 1056 3102 reprehenditur?
1086 3034 1202 3090 Etenim
1221 3037 1347 3106 primum

236 3133 429 3197 Aristotelem,
450 3148 513 3185 eum
532 3148 586 3200 eos,
612 3131 661 3200 qui
685 3148 772 3185 uuum
795 3132 884 3184 solum
908 3131 1033 3186 omnium
1058 3148 1153 3184 rerum
1173 3133 1346 3186 elementum

151 3295 154 3300 ¹
237 3234 354 3299 ponant,
372 3246 458 3282 uuum
479 3228 568 3281 solum
587 3233 671 3297 atque
685 3228 809 3281 omnium
819 3227 932 3297 quidem
942 3246 1037 3282 rerum
1056 3227 1173 3282 eundem
1185 3227 1346 3282 naturalem

238 3331 346 3379 motum
365 3330 488 3379 statuere
507 3325 586 3392 dicit,
604 3324 632 3378 id
652 3324 752 3392 dicere,
772 3343 827 3378 non
847 3326 923 3392 quod
941 3325 983 3378 illi
1003 3325 1057 3394 ipsi
1077 3326 1117 3379 ita
1137 3329 1277 3390 statuant,
1295 3325 1345 3379 sed

238 3423 313 3492 quod
332 3423 401 3476 haee
420 3439 463 3476 rer
488 3439 582 3476 eorum
604 3421 772 3476 sententiam
793 3422 948 3476 necessario
972 3425 1114 3492 sequatur,
1139 3426 1232 3476 totum
1251 3423 1344 3475 locum

236 3519 396 3588 legentibus
418 3519 549 3587 protinus
572 3523 698 3588 apparet.
736 3518 816 3586 Quod
840 3519 914 3572 euim
933 3518 1172 3573 Teiohmueilerus
1199 3518 1228 3572 id
1251 3519 1345 3587 ipsum
1429 3545 1430 3566 ι

237 3615 383 3670 oontendit
399 3633 457 3670 non
474 3615 557 3684 plane
575 3615 761 3669 demonstrari
780 3631 870 3684 posse,
893 3615 948 3669 hoe
975 3632 1072 3669 verum
1091 3614 1204 3683 quidem
1224 3620 1276 3684 est,
1295 3615 1345 3669 sed

238 3712 322 3766 aliam
341 3712 378 3772 ob
398 3729 522 3768 caussam
547 3717 632 3780 atque
651 3714 710 3782 ipse
729 3711 870 3781 opinatur,
895 3729 995 3782 nempe
1022 3716 1183 3782 propterea,
1208 3711 1285 3780 quod
1309 3729 1345 3766 ex
1429 3769 1430 3772 ,

237 3809 304 3877 ipsis
322 3809 415 3863 verbis
435 3809 527 3878 primo
546 3809 648 3863 obtutu
674 3808 764 3878 liquet
787 3809 906 3877 ideoque
930 3809 1169 3863 demonstratione
1194 3825 1252 3861 non
1271 3814 1344 3878 eget.

237 3905 344 3959 Deinde
363 3906 500 3960 Aristolea
529 3905 675 3959 eonteudit
706 3905 828 3974 quidem,
863 3921 1087 3974 unumquemque
1112 3905 1223 3958 illorum
1247 3903 1343 3972 physi-

237 4019 332 4055 corum
352 4020 438 4055 unum
456 4003 546 4056 solum
573 4006 660 4070 atque
683 4000 808 4055 omnium
835 3999 947 4069 quidem
975 4018 1070 4055 rerum
1095 3999 1214 4054 eundem
1233 4005 1344 4054 motum

236 4115 349 4166 ponere,
368 4102 452 4166 atque
472 4101 580 4152 motum
600 4097 712 4166 quidem
732 4097 880 4159 directum,
896 4113 948 4151 nee
966 4113 1033 4152 vero
1055 4096 1211 4163 contendit,
1230 4113 1344 4149 omnes

238 4195 384 4248 eundem
407 4199 515 4249 motum
538 4211 651 4263 ponere,
675 4195 723 4248 sed
749 4194 839 4248 alios
860 4195 976 4261 alium,
1004 4197 1088 4262 atque
1112 4209 1344 4261 unumquemque

238 4289 351 4356 quidem
370 4307 441 4349 eum,
466 4292 514 4357 qui
537 4291 579 4343 sui
603 4289 735 4359 principii
759 4295 890 4344 naturam
915 4295 1056 4358 sequatur,
1081 4289 1111 4342 id
1131 4289 1206 4357 quod
1227 4306 1261 4342 ex
1281 4289 1343 4357 ipsa
