2862 4910
759 391 812 445 ulo

325 567 354 629 6.
400 565 574 649 Postquam
607 569 828 650 exposuimus,
872 568 904 631 in
947 586 1012 648 qua
1043 567 1147 651 ipsius
1181 563 1328 647 principii

227 673 354 740 actione
388 676 618 742 contrariorum
654 678 789 742 secretio
835 676 1000 741 videretur
1032 677 1225 754 consistere,
1261 680 1330 738 sunt

229 783 398 866 quaedam,
432 784 590 867 equibus
622 791 709 850 certo
737 786 889 867 cognosci
923 785 1034 868 possit,
1066 805 1140 866 qua
1173 783 1327 867 generis

225 892 386 958 notione
409 891 489 958 haec
507 893 657 976 principii
669 894 752 958 actio
776 914 796 957 a
818 894 981 958 veteribus
997 892 1180 958 definiatur.
1203 892 1327 957 Etenim

230 1001 374 1084 plerique
395 1007 520 1068 veteres
549 1002 723 1086 scriptores
745 1001 1022 1068 Anaximandrum
1051 1004 1096 1066 ita
1124 1021 1196 1066 cum
1218 1023 1240 1066 a
1262 1001 1327 1066 reli-

226 1111 300 1192 quis
322 1109 468 1194 physicis
491 1117 557 1175 tum
580 1112 621 1175 ah
644 1111 846 1177 Anaximene
869 1109 1085 1193 distinguunt,
1117 1116 1153 1175 ot
1175 1131 1248 1175 eum
1268 1129 1327 1173 non

225 1218 358 1301 aliqua
381 1219 573 1303 principii
596 1221 826 1301 mutatione,
858 1219 981 1292 veluti
1004 1218 1327 1284 condensatione
1411 1299 1412 1310 ρ

227 1333 262 1392 et
284 1329 563 1410 rarefaetione,
585 1347 695 1393 verum
711 1328 947 1393 contrariorum
962 1327 1143 1394 secretione
1173 1320 1239 1407 (οὔ
1251 1325 1325 1388 κατ’
1411 1319 1412 1340 ¹

226 1425 440 1500 ἀλλοίωσιν
468 1437 527 1500 τοῦ
556 1433 782 1518 ὑποκειμένου,
817 1426 899 1500 ἀλλά
924 1435 994 1499 κατ’
1020 1431 1195 1516 ἔκκρισιν)
1227 1455 1326 1501 rerunt

228 1544 464 1612 multitudinem
496 1565 652 1629 generare
681 1545 791 1612 dicant
800 1545 835 1628 ¹).
886 1547 971 1629 Ergo
1005 1565 1077 1610 eum
1110 1545 1327 1628 generationis

228 1653 366 1732 modum,
388 1655 444 1736 qui
467 1655 700 1720 contrariorum
724 1657 903 1720 secretione
927 1655 992 1736 fiat,
1015 1656 1147 1720 omnino
1169 1659 1328 1740 opponunt

227 1762 266 1839 ei,
292 1765 346 1844 qui
380 1764 413 1827 in
447 1764 556 1846 aliqua
577 1764 730 1852 principii
764 1764 942 1829 mutatione
977 1763 1144 1829 consistat.
1190 1764 1240 1828 Ex
1272 1763 1328 1826 hac

227 1878 333 1936 autem
358 1873 430 1955 ipsa
451 1873 656 1956 oppositione
679 1873 888 1956 intellegitur,
917 1872 976 1938 hos
1010 1873 1091 1939 duos
1115 1872 1327 1956 generationis
1412 1865 1413 1868 ’

227 1977 340 2043 modos
363 1984 419 2042 aut
447 1997 565 2060 genere
588 1985 643 2044 aut
670 1980 780 2064 specie
813 1978 961 2045 diversos
991 1999 1077 2056 esse;
1112 1978 1327 2060 quaerendum

230 2088 328 2169 igitur
350 2092 408 2168 est,
431 2107 515 2168 quae
533 2090 615 2154 inter
637 2110 692 2155 eos
714 2088 897 2155 intercedat
918 2088 1114 2155 differentia.

325 2196 505 2279 Responsio
527 2203 616 2281 patet
638 2218 680 2263 ex
700 2198 883 2264 Aristotele.
923 2199 956 2265 Is
979 2199 1075 2281 enim,
1098 2204 1134 2264 ut
1152 2207 1248 2264 antea
1265 2198 1328 2262 iam

230 2308 418 2390 monuimus,
440 2307 582 2372 universi
604 2309 672 2374 eius
695 2309 834 2390 generis,
859 2289 947 2390 quod
968 2308 1042 2390 ipse
1065 2327 1144 2373 voce
1157 2306 1329 2392 generalis-

230 2407 312 2483 sima
333 2415 521 2500 plerumque
540 2411 724 2502 μεταβολὴν
753 2419 906 2501 appellat,
938 2417 1047 2483 Latini
1070 2417 1217 2501 generali
1239 2416 1329 2481 huius

229 2631 424 2641 ——ss

332 2737 359 2806 l)
377 2736 500 2805 Simplic.
520 2737 602 2804 Phys.
617 2739 643 2806 6,
663 2757 687 2806 a,
706 2756 734 2806 p.
753 2739 837 2792 meda
860 2725 1003 2800 „0510ch
1023 2733 1072 2792 οὐκ
1090 2735 1329 2809 ἀλλοιουμένου
1414 2791 1415 2794 ,

229 2835 277 2888 τοῦ
296 2837 431 2902 στοιχείου
454 2830 502 2900 τὴν
520 2838 631 2902 γένεσιν
650 2841 731 2900 ποιεῖ,
753 2830 811 2886 ἀλλ’
836 2831 1131 2906 ἀποκρινομένων
1153 2836 1219 2887 τών
1237 2835 1328 2888 ἔναν-

230 2936 306 2985 τίων
325 2928 370 2982 διὰ
389 2932 434 2994 τῆς
461 2925 550 2982 ἀϊδίου
574 2926 730 2998 κινήσεως.“
770 2931 840 2986 lbid.
863 2931 907 2998 32,
927 2949 952 2998 a,
981 2950 1008 3000 p.
1028 2931 1075 2984 inl.
1106 2936 1135 2985 et
1153 2932 1182 2999 b,
1210 2950 1237 3001 p.
1256 2949 1326 3000 sup:

232 3027 439 3097 »κοινωνοῦντες
457 3010 531 3079 οὗτοι
551 3022 651 3086 πάντες
669 3024 736 3080 κατὰ
756 3024 786 3080 τὸ
806 3032 875 3097 μίαν
894 3029 985 3096 λέγειν
1005 3024 1054 3094 τὴν
1072 3024 1162 3097 ἀρχὴν
1181 3029 1246 3098 διχῆ
1263 3027 1327 3078 διοι-

230 3126 337 3194 ροῦντιιι
356 3123 423 3177 κατὰ
442 3121 503 3182 τοὺς
520 3117 637 3193 τρόπους
655 3125 701 3190 τῆς
718 3128 864 3192 γενέσεως·
891 3128 937 3176 καλ
959 3124 1013 3194 γὰρ
1039 3124 1138 3194 οἱμὲν
1163 3125 1194 3177 ἐκ
1212 3125 1258 3177 τοῦ
1275 3121 1327 3176 ἀλι-

231 3223 280 3275 κυῦ
298 3219 360 3280 ἑνὸς
378 3222 495 3291 γεννῶσι
514 3217 546 3274 ul
566 3214 632 3272 ἀλλα
651 3215 783 3290 μανότητι
803 3225 848 3272 καλ
867 3216 1025 3286 πυκνότητι·
1047 3261 1073 3274 ..
1094 3263 1099 3274 .
1119 3219 1211 3290 ἕτερος
1223 3221 1253 3274 δὲ
1272 3214 1328 3290 τρό-

230 3339 290 3386 πος,
308 3317 373 3371 καθ’
393 3311 427 3372 όν
445 3315 534 3371 οὐκέτι
553 3315 602 3382 τὴν
622 3316 779 3389 μεταβολὴν
802 3319 848 3384 τῆς
873 3313 934 3383 ὕλης
956 3319 1093 3371 αἰτιῶνται
1115 3311 1178 3370 οὔτε
1197 3319 1263 3370 κατ’
1281 3312 1326 3368 ἀλ-

230 3418 369 3469 λοίωσιν
396 3416 452 3468 τοῦ
478 3413 709 3488 1ὑποκειμένου
735 3413 783 3474 τὰς
809 3419 931 3483 γενέσεις
951 3409 1152 3476 ἀποδιδόασιν,
1178 3412 1247 3466 ἀλλά
1273 3415 1327 3466 κατ’

231 3513 378 3582 ἔκκρισιυ.“
416 3512 562 3582 Philopon.
581 3513 609 3564 in
629 3512 711 3580 Phys.
731 3512 752 3580 1,
772 3514 797 3566 4.
818 3513 952 3566 187212:
978 3515 1021 3581 ,ot
1044 3512 1100 3582 μὲν
1123 3502 1173 3566 οὖν
1196 3505 1327 3565 πυκνώσει

231 3613 276 3661 καλ
295 3604 417 3680 μονώσει
433 3611 557 3677 λέγοντες
574 3603 754 3662 ἀλλοιώσει
775 3609 834 3662 τοῦ
853 3609 922 3661 κατ’
941 3604 1061 3667 αὐτοὺς
1080 3613 1253 3678 στοιχείου
1269 3610 1327 3676 γέν·

231 3723 299 3760 νυισι
318 3702 350 3758 τά
369 3699 446 3771 ἀλλα,
471 3702 540 3758 ὥστε
565 3710 709 3776 συμβαίνει
733 3701 824 3764 αὐτοῖς
847 3702 903 3770 τὴν
929 3709 1067 3774 γένεσιν
1086 3700 1270 3756 ἀλλοίωσιν
1288 3705 1328 3754 λέ·

233 3821 293 3872 γειν
316 3798 616 3872 ...Ἀναξίμανδρος
641 3801 671 3852 δὲ
702 3796 751 3854 cdx
774 3794 950 3853 ἀλλοιώσει
978 3801 1034 3852 τοῦ
1051 3797 1174 3871 μεταξὺ
1198 3799 1280 3868 γεννᾷ
1296 3792 1326 3848 τά

232 3893 308 3968 ἀλλα,
336 3894 393 3950 ἀλλ’
423 3899 538 3968 ἐκκρίσει
568 3890 780 3966 ἐνυπαρχόντων
809 3898 840 3949 ἓν
867 3892 962 3966 αάτῷ.“
1010 3896 1145 3950 Thernist.
1164 3895 1247 3964 Phys.
1266 3895 1284 3953 l.
1302 3893 1326 3958 4,

236 4015 262 4066 p.
285 3998 343 4062 124,
365 3997 398 4049 10
417 3995 478 4064 Sp:
505 3998 547 4064 „ol
570 3993 625 4065 μὲν
649 3993 702 4062 γὰρ
722 4035 727 4045 .
752 4035 757 4046 .
778 4037 783 4048 .
803 3991 835 4047 τά
860 3991 942 4047 λοιπά
967 3993 1163 4063 δημιουργοῦσι
1189 3987 1326 4054 πυκνότητι

235 4097 280 4148 καὶ
290 4089 421 4164 μανότητι
434 4089 574 4164 χρώμενοι
595 4136 600 4146 ,
622 4099 645 4145 .“
666 4133 671 4145 .
693 4134 698 4145 .
719 4092 755 4146 ib.
766 4110 794 4161 p.
807 4093 925 4159 124,21:
947 4087 1081 4160 ,chrocdd
1101 4088 1128 4157 (ὁ
1145 4086 1253 4158 Ἀναξ.)
1271 4081 1326 4140 οἰκ-

232 4197 268 4244 έτι
295 4184 480 4243 ἀλλοιώσει
498 4188 595 4259 χρῆται
628 4185 698 4257 πρὸς
719 4187 768 4253 τὴν
789 4191 900 4256 γένεσιν
924 4187 979 4240 τῶν
1002 4186 1106 4256 ἐφεξῆς,
1131 4182 1188 4238 ἀλλ’
1215 4186 1325 4252 ἐκκρίνε-

233 4292 303 4339 coar
320 4305 407 4361 φησιν
425 4287 454 4348 ἐξ
471 4281 584 4355 ἀπείρου
602 4286 649 4337 τοῦ
669 4289 805 4354 στοιχείου
822 4281 870 4342 τάς
892 4278 1079 4348 ἐναντιότητας
1098 4276 1325 4352 ίνυπαρχοόσας.“
