2850 4904
748 363 801 418 218

229 527 284 617 qui
308 555 403 600 unam
420 555 524 602 rerum
549 535 716 602 materiam
740 555 812 602 esse
827 537 927 602 velint
947 535 980 598 τί
1001 529 1092 618 παρὰ
1118 535 1159 600 τὰ
1179 539 1339 614 στοιχεῖα,

230 643 315 726 quod
357 643 512 710 videlieet
554 644 598 710 sit
640 651 756 710 natura
800 643 960 727 quaedam
998 644 1105 710 media
1147 646 1218 712 siue
1258 647 1340 710 inter

230 773 337 818 aerem
375 758 407 818 et
442 754 549 835 ignem
585 753 655 818 sive
692 754 774 819 inter
813 774 920 818 aerem
964 760 996 820 et
1038 773 1171 835 aquam,
1206 751 1340 818 eosdem

228 880 302 934 esse
324 859 404 927 dieit
426 866 524 943 atque
547 859 615 938 hos,
649 861 704 944 qui
734 855 772 924 τὸ
795 849 937 943 ἔπειρον
963 860 1017 925 καὶ
1043 856 1083 924 τὸ
1105 857 1263 942 περιέχον
1286 879 1340 944 pu·

229 974 317 1034 nant.
339 969 425 1052 Ergo
448 970 641 1036 Aristoteles
663 991 729 1052 eos,
753 971 809 1053 qui
830 964 868 1034 uri
891 964 982 1052 παρὰ
1008 969 1219 1050 τὰστοιχεῖα
1244 969 1341 1034 modo

231 1079 286 1144 illo
308 1078 502 1144 disiunetivo
518 1079 714 1162 explicatum
727 1085 858 1164 ponant,
880 1101 944 1144 non
959 1080 1042 1145 alius
1064 1080 1126 1145 nisi
1138 1099 1239 1144 unum
1256 1079 1340 1142 Ana-

230 1187 434 1254 ximandrum
457 1188 625 1272 intellegit.
670 1188 759 1254 Addi
776 1195 891 1271 potest,
915 1188 1001 1270 quod
1016 1195 1113 1254 antea
1127 1187 1342 1267 ostendimus,

231 1298 273 1363 ab
295 1297 466 1364 Aristotele
489 1296 532 1380 id,
564 1295 653 1380 quod
678 1297 739 1363 hoe
766 1299 837 1364 loeo
860 1296 955 1364 modo
978 1297 1172 1364 disinnotivo
1196 1296 1343 1379 medium

231 1407 352 1474 dioeret
373 1407 442 1472 sive
458 1407 541 1473 inter
556 1427 664 1473 aerem
677 1414 710 1474 et
720 1406 829 1491 ignem
850 1408 920 1474 sive
943 1407 1028 1474 inter
1037 1427 1144 1474 aerem
1162 1413 1194 1472 et
1207 1426 1343 1489 aquam,

231 1515 367 1583 eandem
390 1536 457 1582 rem
490 1516 634 1600 intellegi
664 1524 763 1600 atque
785 1517 828 1601 id,
861 1517 948 1600 quod
970 1516 1174 1583 antecedenti
1196 1514 1343 1599 quodam

230 1625 374 1692 eiusdem
402 1625 476 1692 libri
505 1627 577 1693 loeo
599 1625 792 1710 simpliciter
819 1619 878 1688 ‘ud
900 1618 992 1704 παρὰ
1026 1622 1066 1688 τὰ
1097 1615 1276 1708 στοιχεῖα’,
1312 1631 1343 1690 et

231 1734 392 1802 anteriore
414 1737 510 1804 etiam
534 1736 605 1801 loeo
626 1729 675 1797 ‘ui
696 1729 818 1816 μεταξὺ
830 1726 926 1816 ἀέρος
941 1732 996 1798 καὶ
1012 1725 1133 1816 πυρὸς’
1155 1733 1344 1816 dixisset¹),

232 1843 382 1926 quodque
406 1842 520 1909 horum
544 1851 713 1927 utrumque
746 1845 809 1910 iam
833 1843 1123 1910 demonstravimus
1156 1844 1198 1910 ab
1229 1863 1272 1909 eo
1302 1843 1344 1908 ad

232 1952 510 2018 Anaximandrum
532 1954 644 2021 referri
665 1959 839 2020 auetorem.

275 2039 280 2052 ¹
332 2061 443 2128 Tertio
464 2061 605 2145 denique
626 2063 707 2144 loeo,
736 2063 793 2145 qui
822 2063 924 2152 estin
956 2062 1070 2144 quinto
1093 2081 1163 2146 oap.
1186 2061 1280 2126 tertii
1304 2061 1345 2126 de

233 2169 331 2236 Coelo
354 2170 440 2251 libri,
463 2190 525 2252 quo
551 2172 675 2254 aliquos
698 2172 797 2236 refert
825 2191 922 2236 unum
945 2171 1049 2236 sulum
1072 2187 1177 2236 rerum
1200 2170 1346 2236 elemen-

232 2286 299 2345 tum
321 2285 470 2361 statuere,
491 2283 588 2360 atque
610 2278 693 2346 alios
716 2279 845 2362 quidem
861 2297 989 2361 aquam,
1011 2279 1093 2344 alios
1115 2297 1235 2357 aerem,
1258 2276 1347 2342 alios

232 2389 349 2472 ignem,
372 2389 452 2454 alios
476 2389 597 2472 aliquid
620 2391 702 2455 inter
718 2409 836 2472 aquam
859 2395 892 2454 et
911 2390 1018 2472 ignem
1033 2385 1171 2453 medium
1196 2387 1255 2452 illa
1271 2387 1346 2452 sule

232 2498 319 2564 tilius
354 2496 414 2564 hoe
445 2503 553 2564 autem
581 2497 724 2580 densius,
757 2498 790 2563 in
824 2495 1006 2564 indieandis
1042 2495 1145 2562 tribus
1178 2496 1346 2580 prioribus

234 2607 336 2672 solum
359 2607 463 2690 ipsum
491 2607 693 2690 elementum,
729 2607 815 2690 quod
837 2608 956 2690 quique
977 2607 1154 2689 posuerint,
1187 2606 1347 2685 nominat,

232 2715 265 2782 in
290 2715 476 2781 indieandis
496 2722 604 2782 autem
627 2716 677 2798 iis,
702 2717 758 2798 qui
777 2716 946 2800 posuerint
967 2714 1094 2796 aliquid
1116 2715 1200 2780 inter
1221 2733 1346 2796 aquam

233 2830 265 2890 et
286 2845 393 2890 aerem
415 2825 566 2909 medium,
591 2832 759 2910 praeterea
776 2825 969 2910 praecipuas
985 2825 1094 2906 etiam,
1117 2824 1238 2906 quibus
1256 2823 1344 2890 hane

231 2939 378 3000 naturam
396 2935 538 3002 mediam
560 2934 774 3014 definiverint,
797 2935 1022 3002 attributiones
1044 2933 1177 3015 indicat,¹
1199 2932 1343 3000 addens:

230 3032 274 3106 ιὃ
296 3041 460 3125 περιέχειν
481 3042 563 3129 φασὶ
585 3037 710 3120 πάντας
731 3038 812 3120 τούς
834 3035 1000 3126 οὐρανούς,
1023 3032 1163 3125 ἄπειρον
1184 3033 1281 3122 iiv'2).

332 3157 371 3218 In
393 3172 456 3235 quo
477 3153 548 3219 loeo
570 3154 710 3237 primum
729 3153 949 3237 quaerendum
970 3160 1030 3236 est,
1058 3173 1114 3219 eur
1137 3154 1347 3235 Aristoteles,

233 3351 429 3358 ——-—.

335 3492 361 3561 1)
381 3492 450 3546 Vide
469 3509 554 3562 supra
572 3510 599 3562 p.
619 3495 714 3562 eosq.

334 3588 363 3658 2)
385 3586 719 3650 0001.111,5.303b10.
747 3589 811 3643 Vid.
831 3606 916 3658 supra
934 3606 962 3658 p.
981 3589 1015 3641 62
1039 3590 1097 3641 not.
1117 3589 1141 3640 3.
1179 3585 1275 3640 Locus
1301 3592 1348 3641 est

234 3684 322 3738 hicce:
344 3685 428 3753 „dum
445 3681 499 3754 γὰρ
519 3684 550 3738 ἓν
567 3680 658 3756 μόνον
677 3683 861 3748 ὑποτίθενται,
881 3689 927 3737 καὶ
944 3685 1022 3737 τοῦτο
1046 3683 1145 3754 οἱμὲν
1164 3677 1247 3750 ὕδωρ,
1269 3687 1299 3734 οἱ
1319 3683 1345 3736 d’

234 3776 310 3850 ἀέρα,
329 3784 356 3832 oi
373 3781 404 3834 δὲ
424 3783 486 3850 πῦρ,
505 3785 531 3833 oi
550 3781 575 3834 δ’
594 3777 716 3840 ὕδατος
734 3782 798 3852 μὲν
817 3775 1022 3850 λεπτότερον
1041 3775 1139 3848 ἀέρος
1158 3779 1194 3831 dt
1214 3774 1346 3832 πυκνό-

234 3894 340 3944 τερον,
358 3872 373 3929 ὃ
394 3883 570 3949 περιέχειν
589 3882 675 3948 φασὶ
695 3871 822 3936 πάντας
840 3869 1099 3944 ιοὺςούρανοὺς,
1116 3868 1257 3944 ἄπειρον
1277 3871 1345 3930 ὅν.“

234 3973 489 4042 Zellerusquidem
509 3975 543 4042 (1,
566 3974 625 4042 188,
645 3975 673 4044 4)
692 3979 783 4044 putat,
807 3991 961 4043 pronomen
980 3973 1129 4027 relativum
1152 3967 1168 4024 ὃ
1191 3972 1222 4025 in
1244 3975 1347 4028 verbis

234 4065 407 4141 ὃπεριέχειν
424 4075 495 4142 φασὶ
515 4073 569 4124 κτλ.
590 4089 646 4126 non
664 4070 818 4125 necessario
841 4069 942 4124 referri
967 4070 1003 4123 ad
1021 4069 1093 4124 illud
1119 4062 1218 4126 ὕδατος
1244 4065 1347 4124 λεπτό-

234 4186 322 4237 τερον,
344 4168 393 4222 sed
416 4186 472 4223 non
493 4169 585 4222 minue
604 4173 679 4224 reete
698 4168 799 4223 referri
823 4167 909 4222 etiam
931 4183 1013 4237 posse
1037 4166 1072 4220 ad
1090 4171 1288 4236 antegressum
1309 4168 1325 4221 ἓ
1331 4186 1347 4220 ν

235 4270 263 4319 et
292 4264 396 4319 idcireo
426 4265 461 4319 ed
492 4265 597 4333 omnia,
626 4282 697 4333 quae
726 4268 940 4333 enumerentur,
967 4264 1111 4318 elementa.
1151 4263 1188 4316 At
1205 4262 1346 4333 primum,
