2864 4910
625 363 678 420 385

96 557 171 620 sua,
197 557 261 602 non
283 536 442 620 sphaerae
466 535 699 620 significatione
728 537 857 620 accipit.
900 538 982 603 Tum
1010 559 1049 604 eo
1071 537 1205 606 Stobaei

95 647 182 727 loco,
207 666 270 729 quo
293 666 356 711 uno
378 645 587 712 Parmenides
610 665 748 710 coronae
770 647 954 714 accuratius
977 655 1204 726 memorantur,

36 796 38 805 ·
97 776 159 822 eae
183 756 296 821 mnndi
320 762 436 839 partes,
468 775 550 837 quae
577 775 689 820 revera
711 754 869 838 sphaerae
899 764 982 839 suut,
1016 758 1088 843 ipso
1110 779 1202 825 voca·

97 867 249 930 bulorum
272 884 330 930 usu
354 865 436 930 satis
455 870 566 948 aperte
598 865 768 930 acoronis
792 864 1029 947 distinguuntur
1038 867 1073 948 ¹).
1120 867 1203 934 Nam

94 1053 300 1060 -ψ

95 1177 202 1247 μονα)
221 1178 383 1247 appellat
401 1179 509 1232 omnis
527 1181 637 1232 motus
659 1183 693 1233 et
711 1179 950 1249 generationis
974 1179 1204 1248 effectricem,

97 1291 242 1342 quamque
261 1275 335 1328 inter
354 1292 449 1329 omnes
475 1293 591 1330 coronas
620 1276 680 1330 volt
697 1276 818 1329 mediam
837 1293 903 1329 esse.
941 1274 1021 1343 Quod
1040 1276 1137 1330 Cicero
1156 1278 1205 1344 ait,

96 1369 173 1424 banc
192 1388 323 1424 coronam
340 1373 485 1442 cingere
504 1373 642 1440 coelum,
661 1373 841 1426 Parmenides
860 1373 976 1442 coelum,
1001 1375 1076 1442 quod
1093 1371 1137 1426 ‘ro
1157 1395 1205 1427 πυ-

96 1468 201 1537 ρώδες’
219 1468 352 1538 appellat,
373 1469 489 1523 inferius
515 1487 572 1522 esse
591 1469 691 1523 statuit
717 1487 801 1539 quam
820 1469 998 1538 sphaeram
1017 1469 1147 1537 aetheris,
1175 1471 1205 1523 in

97 1583 158 1632 qua
177 1565 244 1618 luna
262 1570 291 1619 et
312 1566 353 1619 sol
373 1570 401 1619 et
419 1565 518 1619 lucifer
537 1565 611 1619 circa
633 1565 730 1618 mundi
751 1582 830 1622 axem
850 1565 1093 1620 circumferuntur.
1113 1564 1204 1633 Quare

96 1663 122 1716 si
137 1662 279 1716 Ciceronis
289 1663 416 1716 narratio
429 1680 463 1716 ex
476 1661 537 1730 ipsa
551 1661 723 1716 Parmenidis
736 1662 865 1716 doctrina
879 1662 968 1729 fluxit,
989 1663 1063 1731 quod
1077 1663 1205 1732 equidem

96 1764 181 1828 puto,
198 1775 256 1812 non
275 1759 356 1828 parvi
374 1759 509 1813 momenti
528 1763 570 1814 cst
596 1759 632 1812 ad
653 1759 876 1829 cognoscendum
897 1759 1032 1828 ordinem,
1062 1775 1116 1827 quo
1137 1759 1204 1814 Par·

96 1856 228 1910 merides
247 1873 363 1910 coronas
382 1857 504 1910 voluerit
516 1856 666 1924 dispositas
685 1873 751 1910 esse.
789 1856 829 1910 De
848 1873 904 1925 qna
915 1874 947 1910 re
957 1860 1055 1925 postea
1068 1858 1204 1910 nonnulla

97 1953 241 2007 dicentur.
552 1955 555 1960 ’

211 2050 237 2119 l)
255 2049 346 2103 Locus
366 2048 478 2104 Stobaei
504 2049 524 2112 Ι,
546 2051 580 2103 22
609 2068 636 2118 p.
656 2051 717 2116 482,
743 2053 786 2103 est
805 2049 893 2104 hicce:
924 2051 1120 2122 ,Παρμενίδης
1138 2067 1206 2104 στε-

99 2142 216 2218 φάνας
239 2147 323 2200 εἶναι
347 2149 669 2218 περιπεπλεγμένας
694 2141 909 2216 ἐπαλλήλους,
938 2145 987 2214 τὴν
1017 2148 1072 2216 μὲν
1098 2148 1129 2202 έκ
1159 2149 1206 2200 τοὺ

99 2239 201 2313 άραιοὺ
219 2240 269 2308 τὴν
288 2243 319 2296 δὲ
341 2244 371 2296 ἐκ
391 2243 437 2296 τοὺ
456 2245 569 2310 πυκνοῦ,
589 2240 688 2314 μικτὰς
712 2244 743 2296 δὲ
763 2239 844 2302 ditae
863 2243 893 2296 ίκ
911 2244 1003 2315 φωτὸς
1027 2247 1072 2296 καὶ
1092 2239 1206 2302 σκότους

99 2335 206 2410 μεταξὺ
226 2333 336 2393 τούτων.
360 2344 404 2392 καὶ
430 2337 464 2392 τὸ
488 2343 651 2410 περιέχον
670 2339 705 2392 δὲ
730 2335 841 2397 πάσας
863 2345 967 2410 τείχους
991 2339 1071 2406 δίκην
1094 2337 1207 2410 στερεὸν

99 2428 248 2506 ὑπάρχειν,
275 2433 323 2506 ὑφ’
352 2419 373 2505 ᾧ
396 2431 523 2504 πυρώδης
551 2430 689 2506 στεφάνη,
715 2440 760 2488 καὶ
783 2432 819 2489 τὸ
848 2441 1064 2508 μεσαίτατον
1085 2437 1208 2489 πασῶν

101 2530 152 2600 [se.
174 2525 288 2597 στερεὸν
307 2523 462 2599 ὑπάρχειν],
480 2533 543 2599 περὶ
562 2525 577 2582 ὃ
597 2529 653 2599 [vel
672 2515 709 2600 ‘di
735 2529 800 2583 iibri
820 2529 925 2583 habeut
944 2525 977 2583 ὃν
995 2534 1025 2584 et
1050 2514 1099 2598 ὧν]
1124 2523 1208 2582 πάλιν

101 2619 259 2695 πυρώδης*
277 2625 342 2678 τών
361 2625 378 2678 δ
384 2626 396 2678 ὲ
417 2626 600 2696 συμμιγών
623 2623 672 2692 τὴν
690 2621 857 2697 μεσαιτάτην
874 2622 996 2685 άπάσαις
1018 2629 1099 2680 τοκέα
1118 2621 1208 2691 πάσης

100 2721 237 2787 κινήσεως
260 2725 305 2773 καὶ
322 2725 458 2791 γενέσεως
476 2717 619 2793 ὑπάρχειν,
644 2717 738 2788 ἥντινα
757 2727 802 2775 καὶ
821 2723 944 2794 δαίμονα
965 2761 972 2775 .
992 2761 998 2775 .
1016 2762 1022 2778 .
1042 2719 1207 2795 ἐπονομάζει

103 2857 270 2873 .....
296 2813 475 2890 περιστάντος
502 2819 533 2872 δὲ
562 2815 715 2874 άνιοτάτοι
743 2814 879 2874 πάντων
907 2820 965 2872 τοῦ
989 2821 1139 2890 αίδέρος,
1158 2818 1219 2880 ὑπ’,

100 2911 170 2969 αὑτὸ
195 2911 232 2967 τὸ
258 2915 412 2985 πυρῶδες
438 2912 624 2986 ὑποταγῆναι,
652 2913 730 2968 τοῦδ’
758 2910 827 2984 ὅπερ
855 2910 1026 2987 κεκλήκαμεν
1055 2911 1208 2988 οὑρανόν,

101 3011 153 3084 ὑφ’
180 2995 214 3064 οὑ
232 3005 283 3078 ἤδη
300 3008 334 3063 τά
353 3011 538 3080 περίγειαίί.
576 3011 618 3066 De
636 3011 689 3065 hoc
708 3012 778 3079 locu,
804 3011 853 3080 qui
875 3015 991 3080 propter
1010 3012 1125 3066 nimiam
1146 3013 1207 3066 bre·

101 3109 224 3162 vitatem
249 3108 329 3161 valde
354 3107 555 3178 imperspicuus
580 3112 631 3176 est,
658 3108 713 3162 duo
739 3109 828 3162 solum
853 3125 952 3162 moneo
983 3109 1019 3162 ad
1041 3111 1207 3164 seutentiam

101 3205 326 3275 intellegendam
354 3205 467 3259 omnino
496 3205 660 3260 necessaria.
697 3205 823 3260 Primum
854 3205 883 3259 in
912 3206 1001 3261 altera
1029 3207 1082 3262 Ioci
1112 3211 1207 3276 parte:

101 3303 162 3357 ‘ant
182 3299 215 3356 τὸ
235 3305 365 3372 περιέχον
383 3301 415 3356 δὲ
434 3331 467 3341 -
486 3307 531 3356 καὶ
549 3299 580 3355 τὸ
598 3307 766 3374 μεσαίτατον
786 3302 897 3356 πασῶν
915 3303 953 3358 ad
971 3319 1071 3357 nomeu
1097 3301 1139 3356 ‘rh
1160 3322 1208 3374 με·

103 3404 238 3454 σαίτατον
255 3399 367 3452 πασιὺν’
385 3399 625 3468 praedicatum
642 3400 829 3470 supplendum
848 3405 890 3453 est
908 3397 1035 3470 ’στερεὸν
1053 3395 1209 3471 ὑπάρχειν.

103 3497 202 3552 Facile
222 3495 296 3549 enim
317 3499 405 3564 patet,
428 3494 502 3550 hanc
520 3496 669 3550 verborum
693 3512 751 3550 esse
770 3495 951 3550 seutentiam:
979 3493 1025 3566 ,τὸ
1045 3500 1209 3567 περιέχον

103 3589 218 3651 πάσας
244 3597 289 3645 καὶ
325 3589 360 3645 τὸ
391 3597 611 3663 μεσαίτατον
643 3594 760 3646 πασῶν
790 3591 885 3662 στερεά
917 3589 1074 3664 ὑπάρχειν’,
1105 3593 1134 3647 id
1166 3598 1208 3647 est

102 3691 254 3759 sphaeram
271 3689 414 3757 extimam,
442 3706 513 3757 quae
538 3706 633 3742 omnes
652 3705 768 3743 coronas
787 3689 982 3758 amplectatur,
1012 3694 1040 3742 et
1066 3693 1209 3757 terram,

104 3803 178 3855 quae
203 3785 291 3838 totius
316 3785 413 3838 mundi
441 3789 550 3853 partem
578 3785 699 3838 mediam
722 3790 850 3854 occupet,
878 3802 997 3854 corpora
1026 3785 1115 3839 solida
1143 3803 1209 3840 esse.

105 3882 226 3951 Deinde,
245 3881 320 3950 quod
333 3881 436 3936 attinet
446 3882 482 3935 ad
491 3881 577 3935 verba
589 3882 686 3936 statim
704 3882 864 3950 sequentia:
884 3882 959 3951 ‘napi
970 3876 1004 3935 ὃν
1021 3881 1076 3950 (vel
1087 3885 1149 3951 περί
1163 3867 1211 3946 ὧν)

106 3975 191 4033 πάλιν
212 3973 350 4048 πυρώδης’
371 3979 467 4032 statim
479 3982 605 4047 apparet,
624 3979 699 4047 ιπερὶ
718 3974 747 4031 δ’
766 3979 810 4032 vel
828 3979 907 4048 ‘nent
926 3961 957 4048 ᾤ’
980 3978 1128 4048 legendum
1142 3996 1209 4034 esse.

106 4075 162 4130 Sed
172 4074 259 4129 etiam
269 4076 433 4130 vocabulum
446 4070 574 4146 πυρώδης
584 4076 705 4130 maximo
717 4093 801 4145 opere
819 4079 977 4144 suspectum
998 4081 1047 4130 est.
1065 4076 1136 4130 Nam
1150 4076 1209 4129 sine

107 4172 196 4226 dubio
209 4172 244 4226 de
255 4190 287 4227 ea
297 4173 392 4244 agitur
401 4172 500 4226 mundi
509 4177 598 4241 parte,
619 4190 690 4241 quae
701 4176 807 4226 terram
817 4173 898 4241 eique
908 4171 1107 4226 circumfusum
1117 4189 1209 4226 aerem

106 4268 323 4336 circumcludat3
344 4268 413 4322 haec
431 4278 526 4322 autem
544 4284 617 4337 curn,
635 4273 667 4321 ut
686 4285 701 4322 e
719 4267 773 4320 loci
792 4265 847 4320 fine
869 4273 996 4338 apparet,
1015 4268 1209 4323 aParmeuide

988 4367 1021 4418 25
