2860 4906
748 361 801 413 246

220 535 330 618 paullo
365 539 440 616 post
473 531 671 616 videbimus,
703 533 806 616 prima
840 531 953 597 mundi
985 531 1156 613 elementa,
1189 550 1310 612 quorum

222 663 380 710 ooneursu
402 662 511 709 omnes
539 661 590 707 ros
619 643 745 725 sigulae
766 642 956 724 gignuntur,
991 647 1087 723 atque
1120 638 1194 704 inde
1223 646 1310 722 patet,

219 751 454 818 Anaximandri
477 751 637 818 sententia
668 773 708 816 ex
730 750 855 817 infinito
886 750 1042 834 principio
1064 749 1204 834 primum
1223 749 1309 832 quod·

220 861 295 927 dam
317 863 570 944 uniuscuiusque
591 861 703 927 mundi
728 881 838 926 semen
862 881 902 926 ex
924 860 1047 944 hoeque
1069 860 1199 925 demum
1220 861 1311 942 ipsum

221 966 375 1034 mnndum
406 969 565 1052 generari.
609 969 702 1035 Hane
728 975 835 1034 autem
861 987 973 1034 revera
994 967 1227 1034 Anaximandri
1249 987 1310 1032 sen-

220 1077 355 1144 tentiam
389 1097 471 1159 esse,
505 1077 635 1162 egregie
669 1078 895 1161 comprobatur
928 1078 1026 1142 etiam
1059 1077 1168 1160 aliquo
1201 1076 1313 1142 irenaei

219 1187 300 1266 loeo,
324 1190 380 1271 qui
402 1189 473 1272 ipse
496 1186 634 1272 primum
651 1209 691 1253 ex
714 1188 766 1269 iis,
788 1207 873 1269 quae
894 1186 1046 1266 diximus,
1070 1187 1167 1269 plane
1182 1186 1312 1268 intellegi

220 1303 344 1382 potest3
372 1317 436 1380 qno
464 1296 595 1380 quidem
617 1299 687 1362 loeo
719 1298 874 1363 Irenaeus
899 1297 1188 1380 ,Anaximander“‚
1212 1297 1312 1379 inquit,

223 1407 302 1486 ,hoe
324 1405 411 1491 quod
433 1409 622 1474 immensum
650 1412 700 1472 est
726 1407 865 1472 omnium
890 1405 1018 1472 initium
1042 1406 1192 1488 subierit,
1215 1407 1312 1471 semi·
1405 1435 1406 1446 ι

222 1517 370 1582 naliter
393 1515 541 1582 habens
569 1518 608 1582 in
633 1524 759 1582 semet
783 1517 870 1599 ipso
902 1516 1072 1581 omnium
1099 1515 1316 1598 genesin“¹);

219 1647 294 1692 narn
315 1625 565 1693 seminaliter
586 1627 621 1693 in
633 1648 669 1692 se
681 1629 822 1693 omnium
836 1628 972 1709 genesin
986 1626 1106 1692 habere
1119 1626 1205 1691 idem
1216 1632 1260 1690 est
1274 1631 1315 1688 at·
1405 1659 1406 1698 3

222 1755 284 1818 que
307 1736 448 1801 omnium
471 1756 576 1802 rerum
599 1736 632 1800 in
654 1736 821 1802 rehabere
844 1739 1000 1802 semina.
1024 1736 1196 1802 Probabile
1217 1741 1314 1800 autem
1405 1807 1406 1810 Ἴ

221 1852 279 1926 est,
303 1844 579 1911 Anaximandrum
607 1846 689 1912 haee
710 1845 902 1911 mundorum
935 1848 1057 1912 semina
1089 1844 1207 1910 similia
1227 1851 1314 1928 puta·

221 1956 307 2022 visse
330 1975 500 2033 ovorum,
524 1977 596 2022 eum
624 1965 753 2040 propter
780 1956 861 2022 alias
884 1956 1027 2021 rationes
1054 1961 1121 2020 tum
1144 1960 1314 2040 propterea,

221 2063 315 2146 quod,
339 2084 420 2146 quae
441 2086 482 2131 ex
503 2066 544 2132 iis
567 2067 721 2150 oriuntur,
741 2068 848 2132 statim
870 2067 911 2132 ab
935 2065 1028 2131 initio
1050 2067 1185 2131 formam
1203 2064 1313 2130 habent

225 2174 393 2258 globosam
417 2181 459 2257 et,
491 2182 526 2241 ut
549 2175 690 2242 oernitur
713 2175 746 2241 in
770 2178 848 2257 ovis,
883 2178 915 2241 in
938 2182 1062 2260 partem
1087 2176 1265 2241 interiorem
1287 2179 1315 2238 et

223 2283 414 2350 exteriorem
435 2283 543 2351 divisa
566 2293 657 2362 sunt3
690 2286 731 2352 de
754 2306 818 2369 qua
837 2305 870 2351 re
892 2284 1027 2352 inferius
1051 2284 1147 2367 plura
1169 2284 1314 2350 dieantur.

322 2395 391 2460 Iam
414 2395 614 2474 Plutarchus,
647 2401 682 2461 ut
710 2397 773 2462 loei
804 2395 1054 2479 explicationem
1086 2413 1316 2479 persequamur,

223 2525 263 2570 ex
286 2504 344 2570 illo
366 2505 489 2570 semine
505 2511 609 2570 ortam
631 2524 702 2571 esse
725 2504 772 2570 ait
784 2504 845 2570 bae
860 2511 953 2589 parte
970 2502 1143 2589 sphaeram
1165 2502 1316 2586 quandam

222 2615 359 2698 igneam,
383 2615 486 2680 altera
509 2621 598 2698 parte
620 2621 738 2680 terram
770 2615 865 2698 eique
887 2615 1115 2680 eireumfusum
1139 2633 1253 2694 aerem,
1274 2610 1315 2675 ita

219 2725 298 2788 loeis
322 2722 491 2807 disposita,
516 2731 550 2789 ut
574 2730 659 2790 terra
682 2726 777 2808 eique
800 2724 1013 2790 eireumfusus
1039 2743 1096 2789 aer
1118 2722 1255 2788 medium
1276 2722 1315 2784 lo-

221 2849 293 2894 oum
316 2836 519 2914 occuparent,
552 2829 691 2914 sphaera
720 2837 827 2897 autem
855 2830 952 2914 ignea
978 2829 1059 2896 haee
1092 2829 1231 2912 undique
1253 2827 1313 2893 ein-

221 2945 323 3022 geret;
346 2939 527 3005 hanovere
550 2939 719 3024 sphaeram
748 2942 877 3023 igneam
901 2940 1064 3023 diruptam
1095 2960 1177 3017 esse,
1200 2945 1231 3004 et
1251 2939 1314 3002 sin-

221 3049 314 3130 gulas
337 3048 404 3113 eius
429 3055 550 3132 partes,
580 3050 721 3115 inclusas
749 3049 942 3132 quibusdam
967 3047 1109 3130 orbibus,
1132 3049 1231 3115 solem
1250 3046 1315 3110 reli-

222 3177 368 3239 quasque
391 3158 501 3224 stellas
524 3158 680 3224 effecisse.
726 3159 763 3223 Iu
785 3157 847 3224 hae
872 3166 979 3224 autem
1001 3157 1042 3223 de
1066 3157 1179 3223 mundi
1200 3157 1315 3240 origine

222 3267 407 3332 narratione
441 3267 505 3333 duo
527 3269 663 3334 obseura
691 3275 775 3334 sunt.
818 3269 959 3334 Primum
988 3268 1083 3345 enim,
1119 3288 1192 3332 oum
1215 3284 1314 3332 semen

223 3375 303 3441 illud
326 3397 366 3441 ex
389 3375 512 3442 infinito
537 3377 695 3462 principio
719 3383 875 3444 seoretum
900 3377 998 3443 calidi
1022 3383 1054 3442 et
1069 3375 1182 3460 frigidi
1203 3376 1317 3443 dieatur

222 3485 395 3551 seeundum
429 3507 509 3564 esse,
546 3486 579 3552 id
625 3486 757 3568 quidem
792 3488 936 3570 protinus
969 3487 1175 3570 intellegitur,
1208 3493 1315 3551 terram

222 3595 317 3676 eique
339 3597 564 3662 eiroumfusum
582 3615 688 3662 aerem
712 3603 743 3661 et
766 3595 936 3680 sphaeram
960 3597 1096 3679 igneam,
1121 3615 1204 3679 quae
1221 3596 1314 3679 primo

222 3723 262 3768 ex
285 3703 341 3769 illo
372 3705 494 3770 semine
524 3711 594 3770 orta
627 3725 700 3770 esse
723 3705 880 3782 dicuntur,
912 3725 970 3789 pro
1000 3703 1066 3771 illis
1089 3705 1171 3790 ipsis
1202 3701 1315 3771 naturis
1405 3719 1406 3736 ι

223 3813 392 3879 eontrariis
416 3815 590 3880 substituta
613 3833 699 3893 esse3
731 3820 828 3897 atque
850 3814 945 3880 faeile
969 3817 1065 3880 etiam
1088 3820 1186 3900 patet,
1210 3812 1316 3898 sphae-

327 4059 354 4129 l)
372 4059 478 4114 Irenae.
503 4078 526 4114 o·
546 4059 629 4116 Haer.
647 4060 698 4128 Ill,
718 4060 760 4128 14,
783 4063 808 4113 2.
845 4059 938 4114 Verba
963 4077 1065 4129 graeca
1093 4059 1188 4113 latinis
1214 4073 1315 4127 respon·

223 4156 319 4212 dantia
345 4155 476 4211 videntur
500 4155 552 4210 hae
576 4157 635 4212 fere
657 4156 754 4212 fuisse:
781 4152 1018 4227 „‘Ara5lpuvdpor
1047 4152 1076 4208 τὸ
1100 4148 1214 4227 ἄπειρον
1236 4149 1316 4224 ἀρχὴν
1405 4207 1406 4232 1

1405 4251 1406 4286 l

220 4251 349 4320 ὑπέθετο,
369 4256 611 4326 σπερματικῶς
629 4255 658 4309 ἐν
677 4254 762 4324 ἑαυτῷ
781 4255 848 4324 ἔχον
867 4250 986 4321 τὴντῶν
1005 4247 1117 4308 πάντων
1135 4252 1268 4322 γένεσιν.“
