2882 4902
625 331 658 382 39

65 499 129 564 der
154 501 196 566 in
222 500 351 566 infinito
374 501 510 568 mundos
535 503 642 586 posuit
667 503 784 584 finitos,
813 505 859 569 ita
886 505 920 568 in
945 506 1063 571 infiniti
1086 515 1191 573 aeter·

66 611 181 676 nitate
213 611 311 677 finita
340 612 449 696 posuit
478 619 624 696 tempora
653 613 695 678 ad
723 614 830 680 finitos
858 613 932 680 illos
965 615 1101 681 mundos
1131 617 1190 682 ad-

67 720 193 786 iuncta
203 719 242 804 ¹).
931 781 936 790 .

181 830 327 908 Deinde,
354 851 425 896 cum
447 830 606 896 inlinitum
628 831 801 916 dupliciter
822 834 970 918 intellegi
991 835 1102 917 possit,
1124 834 1189 919 pri·

68 959 165 1004 mum
193 941 255 1018 ita,
283 946 318 1006 ut
340 939 383 1006 sit
405 941 478 1023 ipsa
500 940 643 1007 infinitas
667 961 782 1025 perse
804 951 965 1025 constans,
988 951 1055 1010 tum
1076 944 1133 1026 ita,
1157 952 1190 1010 ut

70 1049 118 1114 sit
141 1070 201 1116 res
226 1049 395 1133 quaedam,
420 1053 510 1116 ouius
529 1050 671 1116 infinitas
687 1050 847 1134 quaedam
863 1052 1029 1118 attributio
1045 1053 1097 1118 vel
1118 1073 1189 1138 pro·

70 1161 211 1244 prietas
242 1161 294 1238 sit,
320 1197 359 1206 -
392 1159 510 1226 infiniti
543 1162 628 1226 enim
657 1162 760 1240 notio,
787 1169 835 1231 ,ut
865 1162 971 1246 ipsum
1001 1161 1191 1246 vocabulum

73 1269 240 1354 ostendit,
263 1273 442 1355 composita
465 1279 513 1337 est
535 1293 553 1336 e
575 1272 705 1338 notione
722 1271 889 1338 infinitatis
910 1280 941 1339 et
963 1273 1092 1338 notione
1109 1272 1189 1352 eius,

75 1377 118 1444 de
143 1399 215 1462 quo
237 1379 409 1446 infinitatis
430 1381 518 1446 notio
541 1381 757 1466 praedicetur,
785 1383 854 1447 sive
877 1381 912 1446 id
933 1381 1029 1448 buius
1049 1382 1190 1448 notionis

75 1487 270 1554 subiectum
289 1489 429 1573 logicum
444 1495 566 1556 tantum
588 1481 726 1556 estsine
750 1493 848 1557 etiam
869 1491 1135 1576 metaphysicum
1158 1499 1191 1557 et

75 1597 167 1664 banc
191 1599 237 1664 ob
259 1619 408 1666 caussam
430 1619 524 1666 omne
545 1607 630 1667 recte
653 1600 772 1667 dieitur
793 1601 962 1683 infinitum,
992 1599 1033 1666 de
1058 1619 1120 1683 quo
1143 1600 1190 1664 in-

76 1707 226 1774 finitatis
256 1709 343 1775 notio
373 1692 593 1793 praedicatur;
624 1709 831 1794 praedicatur
858 1688 965 1775 autem
988 1710 1127 1794 primum
1147 1708 1187 1774 de
1217 1784 1219 1788 ¹

79 1817 157 1901 ipsa
173 1818 346 1897 infinitate,
370 1819 490 1903 quippe
512 1827 547 1885 ut
568 1819 641 1904 ipsa
656 1819 724 1886 eius
740 1819 894 1896 essentia,
921 1826 952 1884 et
975 1819 1127 1901 quoniam
1151 1817 1191 1882 de

79 1945 121 1992 ea
136 1927 357 2010 praedicatur,
373 1929 445 2014 ipsa
458 1929 601 1995 infinitas
613 1935 663 1994 est
684 1929 837 2012 aliquid
860 1928 1074 2010 infinitum;
1097 1947 1191 2010 prae·

82 2035 217 2102 dicatur
232 2037 350 2104 deinde
364 2037 404 2103 de
420 2037 534 2120 quavis
559 2057 603 2112 re,
626 2057 709 2120 quae
731 2058 789 2121 per
810 2059 845 2104 se
867 2039 907 2103 ab
935 2039 1008 2122 ipsa
1031 2036 1190 2102 infinitate

82 2145 219 2212 diversa
241 2147 370 2228 quidem
393 2147 444 2225 sit,
467 2167 538 2212 eam
560 2153 667 2212 autem
687 2149 734 2213 ita
756 2149 791 2212 in
813 2168 889 2230 sese¹
905 2148 1033 2230 habeat,
1055 2145 1191 2212 uthaec

84 2255 157 2322 eius
183 2256 344 2339 quaedam
361 2256 527 2323 attributio
549 2257 600 2322 vel
617 2258 797 2341 proprietas
820 2257 863 2323 sit
880 2294 916 2302 —
934 2278 1006 2323 cnm
1022 2255 1121 2339 igitur
1143 2255 1190 2320 in·
1271 2291 1273 2294 ν

84 2364 216 2432 linitum
238 2362 362 2450 duplici
383 2366 509 2432 ratione
531 2365 678 2450 intellegi
701 2367 817 2449 possit,
834 2368 1013 2456 quaeritur,
1045 2372 1118 2431 utra
1138 2385 1191 2428 ra·
1257 2376 1259 2380 ’

86 2475 176 2541 done
200 2475 241 2540 ab
263 2475 506 2540 Anaximandro
528 2476 742 2559 intellegatur.
786 2475 934 2542 Indubiis
962 2483 1067 2540 autem
1094 2474 1190 2540 ratio·

88 2585 186 2652 nibus
207 2591 342 2668 conant,
369 2584 644 2651 Anaximandrum
674 2584 835 2650 inlinitum
857 2606 921 2651 non
949 2586 1075 2670 ipsam
1103 2583 1190 2648 infi-

191 2787 218 2856 1)
237 2787 338 2841 Veram
363 2784 567 2842 Anaximandri
599 2787 768 2842 sententiam
787 2805 843 2841 non
872 2787 968 2857 attigit
998 2783 1192 2853 Teicbmiillar‚

91 2883 224 2952 „Studien
243 2900 294 2936 zur
311 2883 476 2940 Gcschicbte
495 2883 545 2938 der
563 2883 699 2954 Begriffe“
730 2902 756 2952 p.
776 2885 810 2937 55
830 2901 879 2953 sq„
907 2882 1010 2952 quippe
1039 2881 1192 2950 quidmst,
1284 2937 1285 2940 Ἴ

91 2980 208 3048 primam
232 2982 332 3035 summi
350 2981 482 3051 principii
503 2980 714 3038 attributionem
729 2998 786 3034 esse
798 2979 966 3034 infinitatem
981 2978 1116 3047 temporis
1134 2979 1191 3031 sive

91 3077 293 3140 aeternitatem,
318 3078 486 3132 extensionis
510 3082 603 3132 autem
622 3076 787 3130 infinitatem
807 3075 945 3145 principio
963 3073 1052 3128 tribui
1071 3071 1191 3142 quidem,

92 3171 139 3227 sed
156 3174 229 3228 banc
252 3171 420 3228 infinitatem
444 3175 479 3228 ab
498 3174 705 3229 Anaximandro
731 3191 787 3228 non
807 3177 934 3226 totusue
953 3171 1067 3225 notione
1084 3169 1132 3224 sed
1151 3169 1191 3224 ite

92 3269 243 3338 cogitatam
262 3287 329 3338 esse,
346 3269 546 3324 ut-nonminus
564 3269 739 3324 finitaetiam
756 3269 846 3322 videri
859 3269 968 3323 debeat.
1006 3266 1086 3334 Quod
1099 3269 1192 3320 autem

94 3365 292 3422 Anaximandri
309 3365 450 3421 infinitum
469 3367 553 3420 etiam
571 3367 607 3420 ad
626 3366 769 3436 qualitatis
795 3367 964 3434 categoriam
992 3363 1079 3417 relert
1107 3367 1136 3416 et
1159 3362 1193 3416 iis

93 3467 215 3534 opponit,
237 3479 321 3532 quac
339 3463 575 3532 qualitatibus
594 3462 747 3517 delinita
765 3463 848 3530 sint,
867 3461 941 3529 quod
954 3459 1192 3532 igiturinfinitum

94 3565 170 3628 putat
187 3561 218 3615 id
238 3560 465 3630 etiamintellegi
485 3560 573 3630 quod
589 3560 824 3628 qualitatibus
845 3575 913 3612 non
933 3558 981 3612 sit
995 3557 1192 3623 delinitum,

95 3655 123 3708 id
140 3661 231 3712 totum
259 3657 483 3712 commenticium
503 3661 554 3721 est,
584 3655 721 3726 siquidem
749 3672 799 3709 nec
826 3656 917 3723 ipsum
936 3652 1102 3708 vocabulum
1121 3653 1193 3706 hanc

96 3753 304 3822 explicationem
323 3753 447 3807 admittit
473 3751 525 3824 (ul.
545 3753 663 3806 Ariatct.
684 3751 765 3820 Phys.
783 3753 804 3820 Ι,
814 3754 839 3806 2.
854 3753 925 3805 185⁸
940 3753 982 3819 33,
1002 3767 1082 3818 quern
1100 3748 1191 3802 locum

97 3865 174 3918 supra
193 3869 222 3921 p.
242 3854 285 3908 36.
309 3855 366 3906 not.
387 3855 401 3904 1
422 3850 639 3920 adscripsimusl,
657 3866 709 3904 nec
729 3849 786 3904 eius
804 3850 834 3903 in
846 3847 1046 3903 Anaximandri
1064 3845 1193 3901 doctrina

99 3945 178 4000 ullum
197 3949 340 4017 reperitur
349 3948 509 4018 vectigium.
536 3947 695 4001 Absurdum
708 3951 799 4001 autem
812 3945 895 4015 plane
906 3949 957 4012 est,
977 3944 1051 4012 quod
1061 3942 1194 3998 E.Roeth

99 4043 223 4110 (Abendl.
242 4045 344 4100 Pbilos.
364 4045 397 4113 ll,
419 4049 442 4113 1,
462 4063 489 4114 p.
510 4046 573 4115 139)
602 4043 756 4106 contendit,
788 4043 1026 4098 Anaximandrum
1054 4038 1194 4094 infinitum

100 4142 214 4208 spatium
233 4146 262 4196 et
279 4141 419 4196 inlinitum
436 4147 546 4211 tempus
564 4142 632 4196 duas
649 4143 790 4210 putavisse
808 4159 852 4196 res
880 4157 1003 4194 seorsum
1026 4139 1194 4204 constantes,

100 4239 198 4303 pariter
215 4245 343 4292 aeternas
361 4244 390 4293 et
409 4237 646 4308 incorruptibiles.
