2864 4904
783 357 834 408 loo

250 530 409 596 nationem
430 531 681 612 grammatioam,
712 528 811 596 verba
838 528 884 594 ita
915 529 1018 594 solnm
1042 536 1176 612 possunt
1197 529 1338 612 intellegi,

252 644 287 705 ut
303 639 350 705 ‘ab
365 638 525 720 omnibus,
548 637 656 721 idest,
681 639 843 704 eommuni
865 637 1008 706 omnium
1032 638 1197 724 opinione,
1216 645 1338 720 utroque

252 749 348 816 modo
360 747 664 832 dioisignilieent¹).
687 749 809 816 Horum
820 750 964 832 locorum
975 749 1079 834 primo
1092 754 1244 832 provocat
1255 749 1339 815 etiam

252 857 295 924 ad
310 858 411 925 libros
425 857 467 924 de
478 856 694 925 Generatione
709 864 741 923 et
751 856 975 941 Corruptione,
991 859 1027 936 in
1036 859 1157 942 quibus
1166 859 1339 924 Aristoteles

252 968 348 1034 hnine
368 966 535 1035 doetrinae
557 968 753 1034 mentionem
775 968 906 1048 feeerit3
925 966 960 1032 id
975 968 1063 1051 quod
1080 968 1145 1052 ipsi
1161 968 1260 1036 tribes
1280 967 1340 1034 fieri

253 1077 393 1144 vidimus
407 1079 498 1156 loeis,
521 1097 655 1161 quorum
671 1078 777 1161 primo
788 1077 978 1144 Aristotelen
993 1077 1154 1161 quosdam
1167 1078 1244 1146 dieit
1255 1074 1340 1158 σῶμά

143 1207 149 1214 “
252 1209 283 1250 τι
295 1181 416 1269 μεταξὺ
431 1176 528 1270 ἀέρος
540 1185 595 1251 καὶ
616 1179 730 1269 πυρός,
753 1187 855 1254 altero
868 1186 965 1269 σῶμά
984 1209 1016 1252 τι
1032 1183 1123 1269 παρὰ
1144 1182 1341 1266 τὰστοιχεῖα,

353 1457 381 1527 1)
399 1456 468 1512 Cum
486 1457 515 1511 in
533 1457 627 1513 verbis
644 1456 819 1527 ’προσέθηκε
839 1458 870 1512 δὲ
889 1455 961 1512 nri)
986 1458 1018 1524 is,
1039 1457 1088 1528 qui
1107 1457 1215 1514 dieitur
1231 1457 1341 1527 neenti-
1407 1453 1408 1464 ²

252 1576 306 1626 aar,
332 1555 499 1610 Aristoteles
517 1555 564 1626 eit,
582 1573 639 1610 non
658 1556 794 1611 absonum
812 1556 943 1626 videatur
961 1557 1084 1618 eredere,
1109 1556 1198 1610 etiam
1217 1555 1243 1608 in
1259 1552 1341 1608 verbis

251 1651 372 1722 ’λέγεται
390 1651 423 1706 dt
447 1649 626 1725 demortuae
657 1653 839 1708 Aristotelem
863 1654 990 1725 intellegi
1009 1671 1081 1721 eum,
1110 1671 1127 1708 a
1157 1670 1214 1722 quo
1236 1655 1342 1718 utroquo

252 1748 335 1804 modo
356 1748 477 1816 dioatur,
495 1746 662 1817 praesertim
688 1765 752 1803 oum
779 1765 880 1804 revera
898 1753 1019 1818 utroque
1042 1749 1126 1804 modo
1152 1749 1262 1804 dixerit.
1296 1745 1342 1800 Sed
1408 1769 1409 1780 κ

253 1846 283 1900 id
302 1863 358 1900 non
383 1845 473 1900 solum
500 1862 556 1899 non
580 1846 766 1902 neeessariam
790 1864 887 1902 verum
913 1846 999 1902 otiam
1027 1846 1065 1902 ad
1094 1850 1187 1902 totam
1211 1846 1262 1902 looi
1286 1862 1341 1899 ora·

253 1943 360 1998 tionem
387 1959 486 2012 parum
515 1946 613 2011 aptum
643 1946 694 1997 est.
741 1942 867 1998 Primum
897 1942 973 1997 enim
1001 1942 1032 1998 in
1065 1943 1161 2014 priore
1190 1944 1244 1998 loci
1272 1945 1343 2012 parte

253 2058 309 2095 non
339 2040 506 2094 Aristoteles
529 2043 649 2108 tantum,
676 2039 725 2094 sed
753 2044 818 2109 post
846 2040 921 2094 huno
957 2039 1169 2095 Anaximander
1196 2040 1277 2095 etiam
1302 2055 1342 2092 no

252 2137 389 2212 minatum
420 2143 516 2206 quare,
544 2136 567 2191 si
595 2137 683 2192 solam
713 2137 769 2193 looi
791 2138 930 2192 rationem
953 2138 1168 2209 grammaticam
1192 2143 1343 2209 spectamus,

253 2233 364 2288 facilius
389 2233 474 2288 etiam
502 2232 712 2288 Anaximander
739 2234 924 2305 intellegitur.
967 2233 1077 2290 Deinde
1108 2235 1276 2302 Alexander,
1301 2230 1343 2301 qni

253 2330 464 2386 Anaximandro
475 2329 619 2384 nominato
638 2328 717 2397 dieit,
737 2325 785 2398 „de
795 2324 884 2399 ἀρχὴν
902 2330 983 2383 ἔθετο
995 2325 1045 2395 τὴν
1062 2325 1164 2399 μεταξὺ
1175 2322 1344 2400 φύσινκτῌ,

254 2429 292 2498 id,
311 2433 344 2484 ut
363 2447 397 2484 ex
416 2429 477 2499 ipsa
496 2426 631 2482 orationis
650 2425 742 2481 forma
761 2430 849 2496 patet,
876 2443 933 2480 non
952 2443 986 2480 ex
1004 2425 1170 2481 Aristotelis
1189 2427 1238 2482 sed
1253 2443 1285 2480 ex
1301 2439 1344 2477 sua
1410 2461 1411 2482 t

217 2513 218 2518 ἵ
253 2525 342 2595 ipsius
360 2525 501 2580 sententia
519 2524 603 2593 dioit3
622 2528 651 2579 et
670 2524 774 2580 ideireo
793 2524 906 2578 omnino
924 2524 995 2578 nihil
1017 2528 1069 2589 est,
1093 2541 1144 2578 our
1164 2541 1228 2579 eum
1246 2523 1274 2577 in
1290 2536 1343 2575 uar-

253 2622 296 2677 bis
312 2621 435 2693 ‘atym
456 2622 488 2676 ol
506 2617 694 2694 ἀμφοτέρως’,
722 2621 822 2691 quibus
847 2621 925 2677 illam
949 2638 1029 2677 suam
1051 2620 1222 2676 sententiam
1244 2618 1344 2690 probat,

252 2719 288 2774 do
300 2720 359 2774 solo
370 2719 528 2774 Aristotele*
541 2718 707 2790 eogitavisee
718 2719 872 2774 eradamus.
890 2719 1018 2788 Aoeedit,
1037 2719 1121 2788 quod,
1141 2718 1165 2772 si
1176 2718 1212 2774 de
1231 2717 1282 2772 hoo
1292 2713 1344 2769 eolo

254 2816 442 2888 negitavisset,
466 2817 556 2872 multo
575 2815 685 2872 faeilius
705 2816 833 2872 dicturus
851 2815 949 2872 luisset
968 2813 1057 2886 ‘leym
1075 2810 1157 2886 γάρ’,
1187 2828 1344 2885 quamquam

253 2913 351 2969 eadem
370 2913 565 2985 ambiguitate,
584 2930 668 2983 quam
688 2918 770 2968 antea
792 2913 1017 2976 memoravimus,
1035 2912 1261 2982 quandoquidem
1279 2913 1344 2964 Ana·

240 2993 400 3066 ¹nimander
419 3012 504 3066 etiam
516 3011 644 3082 intellegi
656 3016 760 3080 posset.
780 3010 873 3079 Quare
891 3029 955 3066 eum
974 3011 1035 3080 ipso
1048 3010 1119 3078 loeo,
1138 3028 1155 3065 a
1174 3025 1292 3079 quonam
1309 3005 1344 3058 ita

253 3108 377 3178 dioatnr,
403 3108 481 3163 nullo
504 3107 587 3164 modo
611 3108 765 3176 indioetur,
791 3108 908 3163 verbum
938 3106 1064 3178 ‘leyen
1087 3103 1265 3178 ἀμφοτέροις’
1292 3119 1344 3158 oen·

252 3206 369 3261 sendum
393 3210 435 3261 est
463 3205 587 3277 posit-um
614 3223 673 3261 esse
699 3223 750 3275 per
777 3224 807 3261 se
834 3206 1004 3273 absolutum,
1032 3206 1111 3261 nulla
1128 3217 1345 3275 personarum,a

253 3303 354 3373 quibua
367 3303 487 3373 dicetur,
505 3301 697 3374 designatione
715 3302 819 3357 addita.
856 3303 901 3357 Ita
921 3306 1017 3358 autem
1034 3302 1059 3356 si
1077 3302 1202 3372 positum
1221 3303 1269 3366 est,
1287 3297 1314 3364 ii,
1331 3312 1345 3347 a

252 3399 353 3470 quibua
372 3402 478 3469 λέγεται
497 3396 672 3472 ἀμφοτέρως,
691 3416 787 3454 omnes
806 3399 989 3470 intellegendi
1008 3403 1082 3466 sunt,
1102 3398 1261 3468 quicunqne
1279 3393 1345 3448 forte

252 3497 287 3552 de
308 3497 357 3552 illo
376 3497 583 3552 Anaximandri
610 3497 750 3567 principio
773 3496 912 3553 dixerant.
956 3497 1090 3553 Dubitari
1117 3497 1232 3566 quidem
1260 3503 1345 3548 rursus

251 3597 354 3664 potest,
378 3611 445 3647 num
463 3594 683 3665 intellegendum
707 3595 754 3663 sit,
772 3594 808 3650 ab
827 3593 940 3648 illorum
967 3611 1178 3664 unoquoque
1206 3602 1344 3664 utroque

251 3689 358 3758 modo,
381 3707 418 3744 an
436 3688 472 3744 ab
491 3689 589 3744 alteris
608 3689 661 3744 hoo
679 3688 715 3745 ab
734 3689 832 3744 alteria
848 3690 938 3745 altero
957 3689 1040 3745 modo
1060 3689 1125 3746 diei.
1162 3691 1219 3747 Sed
1236 3697 1266 3748 et
1281 3687 1345 3746 diffi-

252 3786 305 3841 oile
323 3790 366 3841 est
383 3785 538 3855 intellectu,
561 3786 610 3856 qui
628 3785 690 3842 fieri
714 3786 850 3856 potuerit,
876 3791 909 3841 ut
928 3787 1025 3842 eadem
1052 3804 1098 3842 ren
1124 3788 1162 3843 ab
1184 3789 1280 3845 alteris
1300 3787 1345 3841 hoe

251 3884 287 3940 ab
306 3883 403 3939 alteris
421 3883 511 3938 altero
528 3883 611 3939 modo
630 3884 851 3954 intellegeretur,
881 3889 910 3940 et
935 3901 1036 3954 parum
1054 3885 1212 3957 probabile,
1237 3889 1344 3942 Alexan·

252 3981 345 4050 drum,
363 3980 387 4035 si
408 3981 461 4038 hoe
478 3981 620 4052 voluisset,
639 4000 696 4038 non
718 3983 774 4038 alio
796 3983 880 4038 modo
905 3983 1065 4039 loeuturum
1088 3984 1185 4049 fnisse,
1210 3984 1296 4041 veluti
1311 3979 1345 4032 'et

250 4075 379 4150 μὲνγὰρ
400 4073 484 4138 οὕτως
512 4082 539 4132 ot
563 4079 589 4132 δ’
608 4079 717 4139 ἐκείνως
743 4075 893 4150 λέγουσιν’.
930 4079 1022 4150 Quare
1045 4081 1116 4136 mihi
1145 4083 1259 4151 quidem
1285 4081 1345 4135 haee

252 4174 403 4230 verborum
421 4175 533 4230 illorum
557 4177 671 4232 videtur
694 4177 833 4233 sententia
851 4195 925 4234 esser
953 4177 1090 4248 ‘namque
1117 4177 1153 4235 ab
1180 4179 1224 4250 iis,
1250 4178 1299 4248 qui
1314 4175 1343 4229 de

250 4271 452 4327 Anaximandri
471 4271 611 4343 principio
631 4274 817 4344 rettulerunt,
835 4279 955 4346 utroque
978 4274 1061 4332 modo
1080 4275 1204 4332 medium
1223 4267 1344 4332 dieitur’·
