2850 4904
741 365 795 420 214

206 533 245 600 cd
268 525 410 617 ἄπειρον
418 533 452 618 ¹),
474 537 571 602 immo
598 535 682 601 hune
708 555 805 602 unum
829 535 1026 620 Simplicius,
1054 535 1325 622 Theophrastum

207 647 278 713 sine
298 644 397 712 dubio
422 651 560 728 secutus,
584 646 681 711 refert
703 647 894 729 principium
916 645 988 731 ipso
1010 648 1073 710 roi
1095 636 1236 728 ἀπείρου
1263 666 1327 710 ιιο-

208 757 294 820 mine
315 755 575 838 appellavissch.
620 755 748 820 Deinde
766 755 894 838 reliqua
908 755 1015 834 ctiam,
1039 776 1124 839 quae
1144 755 1200 820 illc
1221 774 1328 822 voca

208 863 282 930 bulo
310 865 522 945 continentur,
556 866 612 930 uni
632 863 876 931 Anaximandro
908 867 1112 932 conveniunt.
1166 864 1327 947 Namque

207 971 260 1038 hic
285 993 335 1039 un
350 993 391 1038 us
415 979 475 1053 est,
498 992 594 1055 quem
615 973 759 1038 referunt
780 993 885 1039 rerum
903 974 1097 1058 principium
1120 974 1242 1039 dixisse
1264 967 1327 1036 ‘ad

207 1070 377 1162 dacrpov'3
406 1082 435 1147 si
457 1083 531 1164 quis
553 1089 661 1148 autem
683 1082 787 1148 nihilo
809 1083 916 1149 minus
944 1083 1013 1148 fieri
1035 1103 1135 1167 posse
1155 1083 1326 1166 opinetur,

208 1197 243 1256 ut
275 1191 331 1256 alii
362 1210 490 1274 quoqne
525 1190 661 1257 eandem
700 1193 892 1258 sententiam
933 1193 1171 1277 proposuerint,
1204 1212 1327 1275 quam·

209 1319 305 1382 quam
336 1299 418 1366 haec
442 1301 553 1384 opinio
587 1321 647 1366 nec
679 1302 744 1367 ullo
775 1299 931 1368 historiae
954 1301 1138 1368 testimonio
1168 1322 1228 1368 nec
1252 1303 1328 1368 ulla

208 1410 275 1476 alia
313 1411 436 1476 ratione
475 1411 604 1494 probari
633 1416 749 1494 potest,
787 1409 873 1476 hunc
904 1418 991 1478 certe
1024 1411 1210 1494 Simplicius
1246 1432 1328 1477 enm

207 1520 296 1602 dicit,
308 1518 365 1602 qui
381 1522 528 1604 primus
542 1540 647 1585 rerum
660 1519 858 1604 principium
868 1521 1084 1606 appellaverit
1094 1519 1144 1584 ‘ro
1153 1508 1326 1601 ἔπειρον.

207 1629 350 1712 Accedit,
373 1628 459 1712 quod
482 1630 553 1713 ipse
576 1630 767 1696 Aristoteles
789 1651 828 1695 co
851 1632 932 1712 loco,
957 1649 1022 1712 quo
1044 1629 1087 1696 de
1109 1631 1327 1714 physicorum

208 1738 330 1804 infinito
352 1738 431 1822 agit,
457 1739 559 1804 solum
581 1739 859 1806 Anaximandrum
876 1739 1067 1807 nominatim
1089 1739 1196 1805 adfert
1217 1739 1327 1822 quod-

209 1867 280 1930 que,
303 1868 388 1931 quae
410 1847 452 1914 de
473 1849 608 1928 caussis,
639 1869 695 1914 cur
720 1848 759 1911 τὸ
786 1837 928 1931 ἄπειρον
956 1856 1095 1933 ponatur
1117 1849 1326 1932 principium,

209 1963 241 2022 et
263 1977 347 2040 quae
368 1956 410 2022 de
433 1956 604 2022 infinitivi
630 1978 670 2023 ac
693 1964 811 2026 natura
833 1957 988 2039 disputat,
1012 1959 1054 2024 ab
1075 1955 1327 2024 Anaximandro

212 2067 389 2148 sumpsisse
400 2065 579 2148 videtur³);
600 2067 675 2132 inde
690 2069 775 2132 enim
791 2067 899 2150 colligi
914 2073 1029 2151 potest,
1051 2067 1270 2143 Aristotelem,
1297 2068 1327 2132 si

210 2174 293 2240 forte
326 2176 445 2259 plures,
479 2176 637 2258 aquibus
671 2170 708 2239 cd
737 2165 878 2257 ἄπειρον
911 2175 1103 2260 principium
1134 2182 1326 2259 poneretur,

210 2292 430 2367 cognosceret,
453 2284 687 2350 Anaximandri
708 2292 794 2352 certe
818 2285 995 2350 doctrinam
1015 2287 1155 2350 omnium
1178 2288 1325 2351 maxime

209 2393 369 2477 insignem
393 2396 566 2477 putavisse.
611 2395 660 2460 Ex
687 2393 775 2460 hisce
798 2397 895 2479 igitur
926 2393 1075 2460 omnibus
1105 2395 1171 2460 iam
1191 2397 1325 2462 conclu-

209 2500 349 2568 dendum
380 2511 439 2587 est,
474 2504 678 2570 Aristotelem
708 2504 866 2569 vocabulo
894 2497 950 2568 ‘ol
977 2504 1015 2568 cd
1049 2493 1188 2587 ἄπειρον
1218 2505 1325 2570 τοῦτο

209 2609 357 2692 λέγοντες
378 2609 435 2696 τήν
457 2602 571 2699 ἅρχὴν’
594 2612 699 2678 nullos
722 2613 804 2679 alios
827 2614 1014 2697 intellegere
1037 2614 1100 2679 nisi
1123 2634 1221 2680 unum
1232 2615 1326 2681 Ana-
1423 2667 1424 2682 ,

210 2719 422 2786 nimandrum.
467 2722 535 2786 Iam
570 2741 646 2786 vero
668 2720 858 2788 Aristoteles
890 2720 952 2787 hoe
984 2723 1056 2788 loeo
1087 2743 1155 2805 eos,
1187 2725 1244 2806 qui
1281 2717 1323 2788 ad

209 2828 297 2914 παρὰ
319 2829 527 2909 τὰστοιχεῖα
559 2851 655 2895 unam
684 2850 790 2895 rerum
822 2830 988 2896 materiam
1021 2838 1150 2914 ponant,
1184 2831 1324 2899 eosdem

210 2958 281 3005 esse
304 2939 383 3005 dicit
404 2946 501 3022 atque
526 2940 606 3016 illos,
630 2941 683 3022 qui
705 2933 742 3001 cri
765 2927 905 3022 ἄπειρον
927 2940 1025 3004 τοῦτο
1048 2939 1242 3024 principium
1264 2963 1323 3026 po

210 3055 297 3114 nant.
340 3048 426 3132 Ergo
450 3068 516 3129 eos,
545 3048 602 3131 qui
631 3042 670 3126 cd
702 3040 793 3128 παρὰ
814 3040 855 3108 τὰ
877 3050 1024 3126 στοιχεῖα
1055 3057 1186 3131 ponant,
1219 3070 1324 3117 unum

208 3157 486 3225 Anaximandrum
508 3158 677 3242 intellegit.
723 3158 829 3242 Supra
850 3163 958 3222 autem
977 3157 1323 3242 demonstravimus⁴),

210 3267 296 3350 quod
320 3267 473 3334 hocloco
495 3268 657 3335 diceretur
683 3269 722 3332 τὸ
746 3261 839 3349 παρὰ
861 3262 1079 3351 τὰστοιχεῖα,
1109 3270 1206 3354 plane
1233 3268 1323 3336 idem

210 3453 408 3462 -.-—·--—

312 3579 336 3646 l)
357 3577 419 3633 Vid.
449 3579 522 3632 locos
551 3597 636 3648 supra
656 3597 683 3648 p.
704 3582 720 3632 3
742 3597 782 3646 sq.
811 3579 978 3633 Aristoteles
1007 3579 1036 3632 in
1061 3578 1255 3647 disputatione
1284 3582 1322 3635 de

210 3675 320 3728 infinito
349 3674 422 3729 hanc
444 3675 623 3744 physicorum
650 3675 839 3730 differentiam
868 3694 923 3729 non
943 3680 1074 3730 accurate
1091 3675 1247 3746 siguificat;
1278 3681 1323 3732 ait

208 3773 292 3840 cuim,
312 3771 393 3839 Phys.
414 3771 646 3837 111,l.203⁸3:
679 3766 795 3840 „adures
814 3769 855 3841 [τὸ
875 3766 999 3840 ἄπειρον]
1023 3769 1060 3830 ὡς
1085 3767 1174 3842 ἀρχήν
1195 3790 1255 3825 τινα
1283 3794 1322 3826 rr-

210 3873 291 3921 ,aram
311 3869 365 3920 τῶν
383 3861 471 3920 ὄντων
495 3867 555 3936 —“;
579 3872 607 3923 et
626 3868 753 3932 inferius,
778 3868 812 3922 de
838 3867 970 3936 physicis,
989 3869 1063 3921 2031»
1077 3869 1107 3919 4:
1130 3863 1267 3936 „eriidyorc
1287 3871 1321 3923 δὲ
1418 3941 1419 3948 ¹

209 3967 254 4016 καὶ
272 3960 361 4033 ἀρχὴν
379 3959 446 4016 αὐτὸ
465 3968 572 4017 τιθέασι
594 3959 717 4024 adme!

309 4062 339 4128 2)
358 4059 421 4113 Vid.
439 4077 524 4128 supra
541 4078 568 4129 p.
589 4061 605 4113 6
624 4079 665 4130 sq.

311 4156 340 4224 3)
358 4154 420 4209 vid.
440 4173 524 4225 supra
543 4174 570 4225 p.
589 4159 624 4210 25
643 4175 683 4226 sq.

314 4254 343 4319 4)
363 4251 425 4306 vid.
444 4271 529 4322 supra
546 4272 573 4323 p.
592 4255 636 4307 86.
