2864 4910
753 341 807 406 368

218 523 250 592 in
274 525 367 592 huius
389 527 502 609 capitis
524 526 617 590 initio
635 524 872 608 proposuimus,
896 524 990 603 Quod
1012 527 1099 589 enim
1121 526 1162 592 ad
1180 527 1331 610 priorem

220 637 441 718 quaestionem
461 635 587 717 attinet,
611 635 705 700 orbes
729 637 779 699 illi
801 637 882 700 aerii
905 635 1018 718 igneos
1042 636 1135 700 orbes
1156 635 1331 702 includen-

218 751 361 811 tessunt
382 746 517 810 annuli
551 745 654 810 aerii
687 745 774 810 cavi
806 744 960 810 solidos
993 746 1155 810 annulos
1183 747 1332 827 igneos

219 855 599 931 circumcludentes,
617 861 824 938 pertotum
840 856 945 920 coeli
964 854 1147 919 ambitum
1164 856 1331 920 circum·

121 980 126 986 '
219 971 365 1040 euntes,
400 967 436 1028 in
468 971 686 1029 curvatura
718 966 910 1029 interiore
944 965 1130 1046 nobisque
1155 964 1332 1029 adversa

218 1073 399 1138 rotundis
421 1073 607 1156 praedita
629 1074 901 1156 foraminibus,
930 1094 998 1158 per
1021 1095 1119 1156 quae
1140 1075 1250 1156 ignis
1277 1077 1330 1138 in-

219 1184 320 1247 clusi
345 1184 521 1247 flammae
553 1185 591 1248 in
615 1184 840 1249 interiorem
862 1183 1043 1248 mundum
1066 1184 1331 1250 effunduntur

219 1297 407 1373 tamquam
429 1311 496 1371 per
520 1291 676 1356 follium
699 1293 874 1373 fistulae,
897 1312 1005 1374 quac
1027 1292 1185 1374 quidem
1207 1293 1330 1356 lurni-

218 1421 317 1492 nosa
338 1401 532 1465 foramina
558 1408 654 1466 sunt
673 1402 820 1466 stellae
843 1402 956 1465 nohis
989 1407 1236 1484 apparentes.
1285 1401 1329 1464 Hi

218 1510 326 1573 annuli
349 1510 494 1590 quotidie
527 1511 574 1575 ita
596 1511 683 1575 circa
703 1511 815 1575 mundi
846 1531 940 1576 axem
976 1509 1252 1588 circumferuntur,
1292 1517 1328 1573 ut

217 1625 387 1683 curvatura
409 1625 498 1684 rotae
520 1621 654 1684 vertitur
674 1621 763 1684 circa
782 1629 872 1684 rotae
902 1640 1005 1700 axem,
1043 1625 1075 1685 et
1098 1640 1170 1684 oum
1193 1619 1327 1684 annulis

218 1727 313 1791 simul
336 1729 434 1792 etiam
447 1729 605 1794 luminosa
628 1729 685 1793 illa
702 1749 810 1794 eorum
831 1730 991 1794 foramina
1015 1731 1081 1794 sive
1095 1729 1325 1812 stellaeappa-

217 1845 324 1902 rentes
347 1837 434 1903 circa
457 1838 568 1903 mundi
590 1859 684 1904 axem
708 1840 983 1904 circumferuntur.
1028 1838 1123 1916 Quod
1145 1845 1250 1902 autem
1277 1837 1324 1902 di-

217 1948 332 2024 ximus,
358 1947 591 2012 Anaximandri
606 1949 771 2014 stellarum
794 1949 887 2014 orbes
900 1949 1036 2013 annulos
1052 1967 1125 2013 esse
1142 1968 1202 2030 per
1219 1953 1322 2012 tntum

217 2058 299 2121 coeli
321 2041 478 2121 ambitum
502 2057 749 2138 circumeuntes,
771 2057 802 2122 ei
825 2059 870 2121 rei
886 2078 1004 2123 novum
1022 2063 1246 2140 argumentum
1270 2077 1324 2120 ac·

217 2166 303 2230 cedit
325 2186 365 2230 ex
396 2187 435 2231 ea
457 2168 590 2248 ratione,
622 2186 687 2247 qua
723 2165 802 2232 solis
834 2173 866 2232 et
896 2167 991 2232 lunae
1014 2167 1240 2232 conversiones
1263 2185 1324 2247 per

216 2275 335 2340 lincam
368 2276 550 2359 eclipticam
584 2276 739 2359 explicat3
784 2275 825 2341 de
861 2296 925 2357 qua
957 2297 992 2341 re
1029 2282 1144 2360 postea
1176 2294 1322 2340 seorsum

217 2391 339 2467 agetur.

316 2495 364 2558 Ex
398 2495 449 2575 iis,
483 2513 566 2576 quae
600 2493 642 2559 de
676 2496 843 2560 stellarum
880 2494 1012 2559 orbibus
1045 2494 1196 2572 diximus,
1229 2499 1322 2577 patet

217 2601 324 2684 etiam,
347 2602 433 2684 quod
454 2604 590 2668 alterum
612 2605 861 2684 quae1·ehamus;
893 2604 1038 2685 sequitur
1057 2603 1153 2684 enim,
1177 2608 1211 2666 ut
1233 2603 1321 2666 Ana·

210 2711 382 2794 ,ximander
417 2711 456 2776 de
491 2712 596 2796 prima
629 2711 787 2796 sphaerae
820 2714 936 2794 igneae
965 2711 1148 2795 diruptione
1182 2711 1229 2776 sic
1252 2711 1321 2775 lere

215 2821 379 2886 statuerit:
408 2841 515 2887 aerem
539 2843 557 2887 e
581 2828 697 2887 natura
718 2821 853 2886 humida
876 2828 991 2902 ortum,
1023 2841 1093 2886 cum
1125 2822 1322 2904 inamplius

215 2933 354 3014 spatium
365 2951 399 2996 se
414 2931 610 3012 extenderet,
627 2931 796 3011 sphaeram
814 2933 941 3014 igneam
963 2931 1177 3014 parallelis
1198 2931 1321 2994 lineis

215 3040 414 3123 dirupisse
437 3039 591 3121 hacque
613 3059 652 3104 re
668 3059 748 3103 eam
772 3041 811 3102 in
833 3040 997 3104 annulos
1014 3039 1234 3122 parallelos
1251 3059 1324 3121 per

215 3156 336 3214 toturn
360 3148 551 3232 sphaerae
567 3147 1230 3231 ambitumpertinentesdivisisse‚
1254 3147 1322 3212 his

215 3264 342 3322 autem
364 3259 516 3324 annulis
540 3258 597 3322 ita
625 3277 670 3323 se
695 3258 866 3340 undique
902 3259 1241 3334 circumvolvisse‚
1273 3267 1324 3323 ut

215 3388 280 3432 eos
311 3368 471 3432 annulis
512 3367 632 3433 aeriis
665 3367 998 3434 circumcluderet
1037 3387 1246 3450 secumque
1280 3369 1323 3434 in

215 3478 301 3542 loca
327 3483 393 3541 aut
419 3478 579 3560 longius
602 3482 668 3540 aut
702 3477 890 3559 proprius
913 3475 1085 3540 amandi
1111 3483 1243 3541 centro
1266 3477 1322 3541 di-

214 3586 368 3650 stantia
393 3584 448 3668 (de
474 3585 534 3650 hac
557 3585 643 3650 enim
666 3605 700 3649 re
725 3591 838 3668 postea
852 3584 988 3665 dicetur)
1013 3584 1226 3669 abriperet.
1252 3585 1322 3649 Res

215 3695 447 3759 Anaximandri
468 3693 629 3758 sententia
662 3693 709 3757 ita
735 3693 802 3758 fere
831 3693 961 3758 videtur
987 3693 1144 3773 evenisse,
1176 3693 1268 3756 velut
1290 3692 1321 3755 si

215 3803 330 3884 ingens
352 3803 491 3867 fluminis
512 3803 572 3884 vis,
596 3823 667 3867 cum
683 3803 716 3866 in
733 3801 895 3866 obiectum
917 3800 1033 3866 incidit
1044 3820 1207 3884 aggerem,
1231 3799 1323 3865 hunc

216 3912 360 3994 pluribus
391 3914 469 3978 locis
501 3913 681 3996 perrumpit
715 3911 932 3994 dirumpitque
962 3917 994 3975 et
1025 3916 1135 3992 partes
1168 3909 1321 3992 diruptas

216 4020 359 4102 undique
382 4021 476 4085 undis
500 4022 748 4086 circumvolutas
772 4040 880 4086 secum
903 4020 1037 4104 abripit3
1066 4039 1126 4084 nec
1148 4019 1320 4084 veridissi-

139 4176 142 4182 ,
214 4130 291 4194 mile
314 4137 372 4208 est,
399 4131 673 4196 Anaximandrum
695 4133 833 4213 primum
857 4130 897 4194 ab
919 4129 980 4194 hoc
1004 4128 1100 4193 simili
1120 4128 1321 4193 sententiam

214 4240 304 4304 illam
327 4240 359 4304 in
382 4246 489 4304 mente
513 4240 747 4305 informavisse.
