2864 4904
614 400 649 462 99

77 583 136 668 qni
152 582 337 669 posteriore
359 583 430 648 loco
452 579 622 648 medium
645 581 751 648 inter
773 577 894 648 aerem
917 577 1112 666 et‘aqnam
1133 579 1191 668 p'o·

77 713 159 760 nere
184 693 348 776 dicuntur,
377 691 508 758 cosdem
537 692 694 776 intellegi.
742 691 807 758 Ant
839 692 868 757 si
902 710 965 758 non
992 692 1190 760 concesseris

78 804 219 870 eosdem
234 803 393 886 intellegi,
415 802 525 868 statim
539 809 700 885 sequetur,
724 802 997 868 enumerationem
1012 802 1100 868 illam
1114 821 1191 868 neu-

77 921 131 979 tro
153 915 229 979 loco
253 913 444 995 completam
478 931 559 977 esse.
583 909 752 994 ‚Namque
780 913 809 976 si
837 910 959 978 diversi
985 919 1070 996 sunt,
1103 918 1190 978 certe

78 1031 113 1090 et
136 1024 173 1107 ii,
198 1022 255 1106 qui
278 1021 418 1094 medium
443 1021 526 1088 inter
546 1039 654 1087 aerem
677 1028 710 1087 et
732 1041 850 1104 aquam
863 1029 994 1106 ponunt,
1016 1043 1093 1108 pars
1115 1027 1190 1088 sunt

79 1153 206 1218 eorum,
229 1132 285 1216 qui
307 1125 454 1198 naturam
476 1131 571 1198 rebus
594 1131 773 1198 subiectam
794 1152 892 1197 unum
914 1127 1111 1218 principium
1126 1138 1190 1198 sta-

79 1251 187 1326 tuunt,
211 1249 244 1308 et
266 1243 301 1324 ii,
336 1241 395 1324 qui
424 1241 565 1308 medinm
599 1228 823 1308 inter'aerem
855 1227 892 1308 et*
917 1241 1026 1326 ignem
1058 1248 1191 1328 ponunt,

83 1373 166 1437 pars
190 1371 312 1432 eorum,
336 1351 393 1435 qui
415 1371 511 1417 unam
534 1350 697 1433 quandam
711 1357 860 1417 naturam
881 1371 1070 1436 corpoream
1091 1352 1191 1418 omni-

80 1463 144 1529 bus
168 1462 354 1529 subiectam
377 1461 490 1526 dieunt
514 1480 572 1546 per
605 1480 640 1526 se
670 1460 770 1526 solam
802 1460 911 1527 omnia
930 1481 971 1527 ex
1000 1481 1072 1527 sese
1094 1481 1190 1544 gene·

81 1593 167 1657 rare,
185 1591 260 1638 eam
285 1574 390 1657 ipsam
415 1572 455 1638 ob
472 1589 631 1654 caussam,
653 1571 738 1654 quod
761 1571 810 1636 illi
833 1569 874 1637 ab
889 1573 1061 1638 Aristotele
1084 1573 1118 1636 in
1139 1570 1191 1637 his

83 1682 335 1767 posterioribus,
370 1680 405 1745 hi
437 1679 560 1746 inillis
587 1679 749 1765 prioribus
782 1687 999 1746 numerantur.
1043 1681 1138 1764 Ergo,
1163 1681 1191 1746 si

82 1813 141 1858 eos
164 1793 318 1877 ponimus
341 1791 487 1857 diversos
506 1809 588 1872 esse,
611 1796 856 1856 consectaneum
875 1797 933 1874 est,
953 1791 1191 1856 utAristoteles

84 1908 118 1968 et
141 1903 177 1968 in
201 1903 309 1986 priore
332 1902 390 1966 illa
417 1907 449 1966 et
478 1901 512 1965 in
534 1901 712 1984 posteriorc
737 1901 979 1966 enumeratione
1001 1919 1097 1994 unam
1120 1920 1192 1985 spe·

84 2012 169 2078 ciem
194 2011 348 2092 omiserit,
376 2015 472 2092 atque
500 2011 533 2074 in
561 2011 663 2075 altera
691 2009 820 2093 quidem
843 2009 936 2092 hanc,
966 2009 999 2075 in
1021 2009 1124 2075 altera
1145 2008 1190 2073 al·
1260 2062 1262 2066 Α

84 2127 201 2204 teram,
229 2119 328 2203 idque
350 2120 384 2184 in
411 2119 492 2184 locis
515 2118 657 2184 maxime
685 2119 803 2184 vicinis
833 2119 928 2184 etde
951 2118 1064 2185 eodem
1087 2117 1190 2202 philo-

85 2230 264 2315 sophorum
285 2247 404 2310 genere
432 2227 614 2311 agentibus.
660 2227 799 2292 Tantam
832 2233 939 2293 autem
961 2226 1126 2310 cogitandi
1160 2233 1192 2292 et

86 2337 221 2405 dicendi
236 2336 474 2420 neglegentiam
486 2355 549 2400 non
562 2334 659 2400 facile
672 2337 843 2418 quisquam
852 2336 1019 2402 Aristoteli
1031 2335 1190 2401 tribuerit.

87 2449 175 2532 Ergo
193 2443 382 2513 sumendum
403 2450 462 2524 est,
486 2444 704 2526 Aristotelem,
728 2451 762 2511 ut
775 2445 927 2530 diximus,
950 2445 1091 2511 medium
1107 2447 1191 2510 inter
1252 2501 1255 2508 ⁴

87 2577 198 2624 aerem
220 2560 254 2621 et
276 2556 383 2638 ignem
405 2561 438 2620 et
459 2555 543 2621 inter
566 2574 674 2620 aerem
702 2561 734 2620 et
756 2575 874 2638 aquam
896 2555 1032 2621 eandem
1055 2575 1121 2620 rem
1144 2553 1189 2621 ln·

87 2667 244 2750 tellegere
272 2670 304 2730 et
331 2663 408 2730 inde
430 2663 525 2747 ellici,
555 2670 590 2730 nt
610 2664 792 2748 promiscue
818 2671 885 2730 tum
916 2663 976 2731 hoc
1000 2671 1066 2730 tum
1089 2665 1190 2730 altero

87 2776 247 2842 vocabulo
268 2778 387 2857 utatur,
411 2779 506 2857 prout
529 2773 612 2839 forte
634 2772 783 2839 authaec
806 2781 863 2840 ant
885 2773 931 2839 ila
946 2771 1010 2839 dno
1032 2775 1191 2840 elementa

89 2883 281 2970 cogitationi
304 2883 459 2967 propiora
481 2883 546 2948 sint
556 2884 589 2963 ¹).
756 2862 760 2870 ’

189 2992 281 3058 Idem
306 3012 417 3058 rursus
447 2997 593 3076 apparet,
625 2991 655 3057 si
689 3011 761 3057 oum
793 2993 972 3076 posteriore
993 2991 1190 3077 Metaphysi·

90 3123 200 3170 corum
221 3104 293 3168 loco
315 3121 387 3167 eum
408 3120 640 3186 comparamus,
663 3104 718 3184 qni
740 3103 836 3168 estin
860 3102 964 3186 primo
979 3101 1191 3186 Physicorum

89 3213 172 3280 libro
182 3215 220 3294 ¹).
254 3212 316 3277 Hic
331 3203 522 3276 Aristotcles
545 3229 599 3276 eos
615 3209 778 3296 physicos,
798 3212 853 3293 qui
877 3210 910 3276 id
923 3209 1009 3294 quod
1031 3218 1081 3277 est
1095 3219 1192 3276 unum

90 3327 213 3406 ponant
235 3339 353 3405 corpus
375 3319 524 3384 omnibus
542 3319 638 3384 rebus
663 3319 851 3394 subiectum,
876 3326 1068 3386 accurata
1090 3319 1190 3386 divi·

194 3635 220 3706 1)
239 3633 268 3690 Si
285 3634 370 3703 locos,
389 3632 491 3703 quibua
510 3634 560 3690 illa
572 3638 674 3690 natura
686 3633 779 3688 media
791 3637 971 3703 memoratur,
990 3650 1192 3703 comparamus,

93 3731 262 3788 Aristoteles
282 3748 343 3785 earn
371 3732 536 3801 plerumque
557 3731 631 3786 inter
657 3748 690 3786 ea
709 3731 763 3786 duo
787 3731 925 3786 elementa
944 3731 1056 3786 videtur
1073 3731 1193 3788 mediam

94 3828 195 3899 dicere,
214 3845 285 3898 quae
303 3827 431 3897 proxime
450 3829 486 3883 ab
506 3846 538 3883 eo
557 3833 710 3884 memorata
728 3828 794 3898 sint,
818 3833 868 3883 aut
886 3832 961 3906 certe
978 3833 1095 3898 propter
1114 3845 1192 3897 prae·

95 3924 252 3980 cedentium
271 3925 398 3980 ordinem
416 3926 504 3980 menti
523 3926 651 3995 proxima
672 3943 730 3980 ease
748 3925 877 3981 debeant.
915 3924 988 3994 Quin
1007 3925 1092 3981 etiam
1110 3924 1193 3994 Phys.

95 4020 119 4092 1,
135 4024 162 4077 6.
184 4020 294 4084 189112,
312 4027 464 4092 postquam
484 4041 586 4093 aquam
603 4027 632 4078 et
650 4023 744 4094 ignem
761 4022 926 4089 nominavit,
951 4022 1027 4077 inter
1045 4039 1146 4092 aquam
1166 4023 1194 4074 et

96 4115 186 4186 ignem
205 4119 326 4173 medinm
348 4117 426 4174 dicit.

196 4214 224 4286 2)
242 4214 324 4284 Phys.
336 4214 387 4284 I,4
404 4215 467 4269 init.
478 4214 520 4268 De
530 4214 584 4269 hoc
596 4215 656 4270 loco
676 4215 808 4286 ambiguo
823 4218 921 4284 postea
939 4232 1062 4270 seorsum
1082 4231 1195 4284 agemus

99 4313 127 4362 et
145 4310 405 4382 interpretationem
424 4311 470 4366 hio
489 4311 649 4366 adhibitam
666 4312 855 4382 probabimus.
