2860 4906
750 370 802 424 244

219 545 280 610 oile
311 549 409 629 patet,
443 543 501 610 iila
524 544 685 610 contraria
718 565 823 627 aequo
860 543 929 610 iure
963 543 1111 628 intellegi
1148 564 1240 630 posse
1266 563 1308 609 res

220 654 290 720 sive
323 659 452 719 naturas
475 654 661 734 contrarias
691 673 842 736 ergoque,
875 674 955 720 oum·
972 653 1167 738 principium
1199 653 1309 719 dicatur

219 764 393 828 contrarias
417 762 588 845 qualitates
611 762 644 827 in
667 781 739 828 sese
763 761 894 845 habere,
925 764 1019 829 simul
1054 762 1088 828 in
1111 784 1184 830 sese
1207 763 1308 830 habere

221 870 286 938 diei
309 873 485 937 contrarias
518 891 570 936 res
605 872 675 937 sive
709 878 850 938 naturas.
895 871 957 937 Vix
991 893 1073 957 opus
1109 880 1159 939 est
1189 891 1310 952 monere,

222 1001 273 1046 me
297 979 379 1045 haee
403 979 536 1060 dixisse,
559 1000 622 1046 non
645 979 731 1062 quod
751 987 906 1064 putarem,
930 981 1036 1065 ipsum
1052 981 1310 1048 Anaximandrum

221 1091 268 1156 ita
290 1090 398 1157 verbis
423 1089 622 1171 distinxisse,
655 1089 714 1156 sed
742 1092 853 1170 solum,
889 1098 924 1156 ut
947 1093 1017 1158 eius
1040 1095 1229 1158 sententiam
1250 1111 1311 1175 ape

218 1200 327 1264 rirem.
377 1199 445 1264 Iam
478 1217 554 1264 vero
589 1198 678 1263 nulia
709 1200 812 1283 ipsius
845 1201 1001 1283 prinoipii
1035 1201 1118 1266 ratio
1151 1199 1311 1283 excogitari

220 1315 337 1393 potest,
361 1327 425 1391 qua
447 1307 555 1392 posita
569 1307 812 1374 Anaximander
831 1309 1027 1394 principium
1052 1319 1167 1395 putare
1188 1309 1312 1394 potuerit

220 1418 317 1484 simui
350 1423 383 1483 et
405 1409 619 1483 substantiam
647 1417 827 1501 simplioem
860 1437 932 1484 esse
961 1425 993 1484 et
1016 1421 1049 1485 in
1072 1440 1145 1486 sose
1168 1419 1311 1486 contraria

220 1527 349 1606 habere,
365 1527 429 1593 nisi
444 1547 492 1605 ea,
516 1527 603 1609 quod
620 1525 725 1610 ipsum
742 1530 888 1592 statuerit
908 1529 991 1594 inter
1008 1529 1171 1596 contraria
1190 1529 1311 1594 modium

221 1657 302 1702 esse.
346 1637 429 1702 Nam
463 1656 546 1719 quae
572 1656 624 1701 res
653 1637 734 1701 inter
766 1636 830 1701 duo
854 1639 1015 1703 contraria
1037 1637 1145 1704 media
1167 1645 1223 1720 est,
1251 1658 1311 1702 eam

221 1749 324 1831 ipsam
357 1747 397 1812 ob
432 1766 590 1827 caussam,
624 1746 712 1828 quod
734 1746 842 1812 media
875 1747 926 1825 sit,
956 1748 1053 1813 faoile
1082 1749 1190 1831 putari
1221 1753 1312 1832 potest

220 1856 293 1940 ipsa
314 1857 473 1921 contraria
501 1856 647 1938 potentia
672 1857 848 1936 continere3
880 1862 976 1938 atque
999 1856 1080 1922 haee
1103 1860 1256 1922 sententia
1274 1857 1312 1921 vi-

220 1964 314 2031 detur
337 1963 434 2030 etiam
469 1963 500 2029 ei
532 1962 674 2046 subesse,
709 1962 796 2045 quod
829 1965 1018 2031 Aristoteles
1054 1965 1312 2032 Anaximandrum

219 2075 319 2140 refert
342 2072 502 2140 infinitum
525 2073 720 2157 principium
753 2081 922 2158 propterea
952 2074 1101 2158 posuisse
1123 2074 1156 2140 τὶ
1175 2075 1260 2158 παρὰ
1278 2066 1312 2135 τὰ

220 2185 375 2263 στοιχεῖα,
409 2183 507 2266 quod,
541 2184 570 2247 si
592 2203 689 2249 unum
719 2203 759 2248 ex
792 2185 959 2250 elementis
984 2193 1078 2266 esset,
1112 2187 1218 2251 nullae
1239 2186 1311 2250 aliae

220 2317 271 2362 res
295 2297 372 2362 oriri
397 2302 538 2380 possent,
573 2295 689 2378 idest,
722 2295 808 2378 quod
840 2315 939 2360 unum
970 2295 1103 2378 aliquod
1136 2297 1312 2386 elementum

220 2426 283 2471 non
307 2407 473 2486 eontinere
499 2412 609 2489 posset
632 2413 777 2472 naturam
803 2405 867 2489 ipsi
883 2406 1088 2470 contrariam.
1109 2404 1222 2488 Itaque
1243 2405 1312 2470 haee

220 2514 294 2584 duo,
318 2513 513 2597 principium
536 2533 607 2579 esse
642 2514 854 2579 substantiam
884 2513 1066 2597 simplioem
1094 2515 1189 2579 simul
1218 2521 1312 2578 autem

220 2623 254 2686 in
268 2642 303 2687 se
324 2624 487 2689 eontraria
502 2623 632 2704 habere,
649 2629 681 2688 et
703 2642 774 2688 esse
787 2623 872 2688 inter
891 2622 970 2688 haee
987 2624 1150 2689 eontraria
1175 2623 1312 2702 medium,

220 2731 365 2797 eiusdem
389 2731 569 2798 sententiae
595 2737 703 2816 partes
727 2739 811 2812 sunt,
844 2751 926 2813 quae
955 2730 1000 2796 ita
1028 2731 1114 2798 inter
1136 2752 1170 2798 se
1197 2731 1313 2806 habent,

219 2847 254 2906 ut
279 2841 336 2906 iila
358 2844 464 2927 posita
486 2841 567 2907 haeo
589 2848 730 2925 ponatur
751 2841 945 2907 necessario.
1228 2909 1232 2921 ⁸

320 2950 402 3017 Oum
428 2949 526 3034 igitur
552 2971 616 3017 non
640 2950 775 3017 dubium
799 2950 849 3029 sit,
881 2951 958 3032 quin
985 2952 1054 3034 ipse
1084 2949 1314 3016 Anaximander

219 3059 413 3144 principium
435 3063 518 3128 inter
539 3060 621 3126 duas
649 3066 779 3126 naturas
813 3059 991 3124 eontrarias
1022 3058 1166 3125 medium
1197 3060 1313 3134 dixerit,

220 3169 441 3250 quaerendum
453 3178 512 3251 est,
535 3170 750 3252 intorques
767 3170 867 3234 forte*
888 3167 985 3235 duas
1001 3175 1167 3235 naturas
1189 3168 1314 3235 medium

219 3296 290 3343 osse
312 3278 466 3360 voluerit;
490 3299 628 3361 namque
652 3278 713 3344 hoo
735 3278 864 3344 demum
891 3280 1017 3361 cognito
1040 3277 1187 3344 iudicare
1208 3276 1312 3362 poteri·

218 3407 288 3452 mus
313 3387 354 3453 do
377 3387 507 3454 diversa
528 3389 583 3454 illa
605 3389 739 3469 ratione,
762 3407 827 3470 qua
842 3387 1033 3454 Aristoteles
1056 3388 1090 3452 in
1117 3384 1313 3472 signifioando

219 3495 280 3562 hoo
303 3497 462 3581 principio
483 3498 592 3564 utitur.
635 3499 674 3563 In
705 3519 770 3581 qua
803 3519 838 3564 re
865 3497 1053 3580 quaerenda
1076 3499 1206 3564 omnino
1227 3492 1313 3579 profi·

219 3605 404 3672 oisoendum
427 3627 498 3673 esse
522 3606 650 3672 videtur
673 3627 694 3672 a
718 3608 788 3672 looo
809 3607 951 3690 quodam
972 3607 1104 3672 Eusebii
1126 3601 1309 3674 ePlutarohi

219 3714 389 3780 Strumatis
413 3718 525 3800 potito.
570 3717 603 3782 Is
620 3717 705 3783 enim
720 3718 811 3782 loeus
827 3716 950 3799 pariter
972 3722 1069 3798 atquo
1083 3716 1219 3800 reliqua,
1240 3730 1314 3797 quae

219 3824 261 3889 ab
282 3824 425 3890 Eusebio
448 3845 488 3892 ex
511 3825 623 3891 eodem
647 3826 735 3891 fonte
755 3823 796 3890 de
812 3825 1047 3891 Anaximandri
1071 3825 1221 3892 doetrina
1241 3824 1287 3890 ref
1304 3857 1314 3866 ·

220 3941 430 4017 mutuatam
463 3935 619 4017 singulari
656 3941 731 4000 sunt
765 3941 796 4000 et
830 3937 1059 4002 sententiarum
1092 3941 1125 4002 et
1158 3937 1313 4002 verborum

222 4044 429 4127 proprietate,
454 4051 574 4110 utnon
602 4046 726 4128 possint
748 4050 874 4128 sumpta
907 4065 978 4111 esse
1012 4043 1074 4110 nisi
1108 4065 1129 4109 a
1162 4047 1314 4129 scriptore,

222 4153 277 4234 qui
308 4152 413 4236 ipsam
435 4152 668 4219 Anaximandri
701 4153 879 4220 doctrinam
913 4155 1012 4219 etiam
1045 4155 1143 4238 piane
1176 4149 1313 4218 habuerit

221 4263 389 4342 cognitam.
433 4263 502 4328 Hoo
517 4264 612 4344 igitur·
635 4264 705 4329 loeo
722 4261 956 4329 Anaximandri
971 4264 1133 4329 sententia
1156 4264 1196 4328 de
1218 4259 1315 4347 prima
