2862 4910
622 375 676 430 299

80 544 186 622 Quod
208 553 317 612 autem
339 546 530 614 Aristotcles
554 547 642 612 illam
657 546 823 630 antiquam
840 548 1033 614 sententiam
1053 548 1197 630 appellat

81 654 408 722 Atheniensibus
430 657 597 722 maxime
620 658 800 740 patriam,
826 657 1195 724 bacnotaomninonon

80 771 197 848 potest
218 765 379 848 quaedam
403 765 636 832 Anaximandri
668 769 828 834 sententia
853 766 1012 850 insigniri,
1044 765 1197 849 quemad-

82 875 223 941 modum
241 875 522 942 Tcicbmuellarus
546 882 646 959 putat,
668 896 817 942 caussam
829 876 989 958 adferens,
1011 875 1196 959 quodAua-

79 984 270 1060 ximandeu
295 991 406 1068 utpote
428 984 479 1050 vir
500 985 653 1067 Milesius,
685 984 939 1053 Atheniensibus
960 991 1116 1068 cognatus
1146 986 1195 1050 sit.

79 1092 175 1158 Nam
197 1094 361 1160 sententia
381 1096 512 1180 patria
542 1102 592 1162 est
614 1116 662 1168 ea,
697 1115 780 1179 quae
813 1117 834 1162 a
867 1096 1014 1178 patribus
1045 1100 1198 1177 suscepta

82 1203 119 1266 in
146 1203 295 1268 omnium
318 1205 480 1270 mentibus
504 1204 605 1287 viget3
639 1203 753 1270 Milesii
786 1211 894 1270 autern
928 1203 1095 1286 cognati
1127 1202 1197 1285 qui-

82 1311 162 1378 dem
179 1311 441 1395 Atheniensibus,
464 1333 733 1380 uceveroeorum
757 1319 894 1395 patres
918 1312 1005 1380 sive
1026 1312 1196 1378 maiores

82 1428 181 1497 sunt;
213 1443 290 1506 ergo
313 1425 472 1490 sententia
502 1444 522 1488 a
553 1424 621 1488 viro
644 1422 785 1506 quodam
806 1421 934 1488 Milesio
967 1428 1101 1505 accepta
1133 1443 1197 1489 uon

83 1530 156 1596 dici
171 1537 279 1614 potest
290 1530 356 1598 illis
368 1533 475 1615 patria
484 1552 564 1598 esse.
588 1532 758 1598 Sententia
766 1530 1017 1597 Atheniensibus
1028 1531 1135 1615 patria
1144 1532 1196 1596 vix

83 1647 199 1721 potest
223 1659 295 1708 esse
317 1640 380 1706 nisi
395 1644 554 1708 sententia
571 1640 614 1706 ad
637 1642 773 1724 patriam
785 1661 896 1708 eorum
916 1640 1105 1722 religionem
1126 1638 1195 1705 sive

84 1749 326 1834 mythologiam
339 1751 522 1834 pertinens;
543 1756 642 1834 atque
655 1751 753 1816 talem
765 1748 928 1834 quandam
944 1750 1136 1816 sententiam
1150 1749 1195 1812 in-

83 1859 202 1942 tellegi
215 1879 254 1924 eo
267 1878 394 1942 quoque
403 1859 572 1944 probabile
587 1859 732 1941 efficitur,
754 1857 842 1942 quod
853 1859 1041 1926 Aristoteles
1054 1856 1195 1940 saepius,

85 1968 145 2034 ubi
161 1988 252 2034 suam
265 1967 400 2035 dccccli
416 1970 645 2053 stellarumque
655 1976 772 2036 natura
782 1968 961 2037 doctrinam
971 1969 1130 2051 proponit,
1153 1966 1196 2032 ad

85 2075 211 2143 veteris
234 2077 402 2161 religionis
423 2078 591 2162 opiniones
614 2085 775 2162 provocat,
805 2099 842 2143 co
866 2077 1010 2149 consilio,
1045 2082 1081 2142 ut
1103 2096 1195 2142 suam

85 2185 128 2251 dc
153 2185 207 2252 his
230 2188 325 2252 rebus
349 2191 539 2256 senteutiam
563 2189 763 2254 sacculorum
785 2187 1029 2271 praeteritorum
1053 2185 1195 2250 testimo·

85 2294 154 2360 niis
177 2296 385 2372 confir-mee).
430 2297 604 2363 Parnasum
628 2297 714 2363 eninr
739 2298 769 2364 ei
790 2303 849 2378 est,
882 2295 914 2360 in
938 2296 1061 2362 infinito
1084 2315 1193 2361 saccu-

85 2406 194 2471 lorum
218 2426 311 2471 cursu
333 2406 479 2472 veritatis
502 2395 804 2490 cognitionem'non
826 2406 927 2472 semel
945 2411 1070 2470 tanturn
1093 2403 1193 2486 bisve,

86 2513 147 2580 sed
169 2515 373 2580 sescentiens
389 2516 420 2580 in
433 2513 801 2596 hominibusexstitissc,
824 2515 916 2580 cuius
928 2513 1057 2596 quidem
1081 2511 1194 2596 cogni·

87 2622 189 2688 tionis
214 2622 371 2705 quaedam
401 2624 552 2704 reliquiae
585 2625 617 2688 in
640 2624 795 2706 religione
818 2625 957 2689 maxime
989 2622 1033 2687 ad
1052 2627 1194 2688 nostram

86 2738 230 2798 aetatem
254 2732 508 2816 pervenerint²);
542 2739 574 2799 et
603 2733 686 2798 bane
714 2733 755 2799 ob
780 2753 930 2800 caussam
952 2733 983 2797 in
1005 2731 1124 2798 talibus
1148 2751 1194 2797 re-

87 2843 159 2925 bus,
209 2861 292 2924 quae
327 2841 499 2909 videantur
539 2862 665 2926 semper
701 2839 834 2908 eaedem
868 2860 955 2924 esse,
995 2840 1194 2922 singulorum

87 2958 198 3018 autem
228 2951 394 3018 hominum
420 2952 622 3036 experientia
648 2958 780 3036 propter
810 2952 962 3034 temporis
984 2949 1194 3032 exiguitatem

88 3081 153 3125 non
182 3060 264 3126 satis
286 3061 436 3144 cognosci
467 3062 603 3144 possint,
631 3061 797 3144 religionis
824 3060 994 3144 opiniones
1017 3067 1109 3144 putat
1131 3082 1194 3127 non

88 3170 312 3254 neglegendas
335 3171 449 3250 cssell.
493 3170 545 3236 Ad
577 3171 664 3254 quod
695 3177 802 3238 antem
829 3192 946 3238 numen
968 3170 1114 3237 divinum
1139 3172 1195 3238 illa

89 3280 255 3346 sententia
278 3281 439 3363 pertinere
462 3278 621 3362 videatur,
644 3281 678 3346 iu
701 3279 932 3364 disputationis
954 3280 1017 3348 line
1041 3280 1194 3347 dicemus.

191 3389 320 3455 Deinde
341 3395 408 3455 tota
430 3389 494 3456 loci
516 3391 567 3454 vis
589 3411 629 3457 ac
650 3390 798 3456 voluntas
821 3391 862 3454 ab
877 3389 1110 3457 Anaximandri
1124 3411 1193 3456 sen-

89 3501 191 3565 tentia
213 3519 343 3582 prorsus
375 3497 548 3583 discrepat,
580 3500 647 3565 sive
681 3505 790 3565 notam
822 3500 893 3566 eius
927 3499 1120 3566 sententiam
1152 3499 1193 3566 de

90 3607 280 3673 mundorum
303 3614 375 3672 ortu
389 3608 583 3689 interituque
594 3607 794 3690 respicimus,
816 3609 885 3673 sive
900 3628 973 3674 eum
993 3628 1065 3674 cum
1080 3608 1193 3674 Teleb-

192 3894 219 3963 1)
238 3894 356 3948 Aristot.
376 3894 449 3948 Geel.
469 3894 491 3962 l,
515 3896 540 3947 3.
561 3893 633 3947 27οὓ
648 3896 677 3961 ὅ;
708 3894 741 3962 ll,
763 3894 785 3947 1.
807 3895 877 3948 284·
895 3897 937 3962 il,
968 3895 1101 3949 continuo
1129 3900 1193 3964 post

90 4008 152 4045 curn
172 3991 275 4059 locum,
294 3989 403 4060 dequo
422 3991 539 4061 egimus.

189 4089 217 4153 2)
237 4088 354 4142 Aristct.
374 4089 448 4143 Geel.
468 4089 489 4156 l,
508 4091 533 4142 3.
553 4087 626 4142 2qu
645 4091 688 4157 ¹93
713 4092 742 4144 et
761 4088 859 4144 iisdem
885 4088 944 4143 lere
964 4089 1056 4144 verbis
1075 4089 1192 4145 Meteor.

90 4182 111 4251 l,
130 4183 154 4238 2.
176 4182 250 4238 3391)
266 4187 308 4238 25.

189 4280 548 4348 ommamm.
