2882 4902
788 365 825 419 20

257 533 344 619 quod
365 543 452 602 esset
470 535 645 620 infinitum,
667 542 699 603 et
721 537 793 622 ipso
814 539 874 600 τοῦ
896 529 1036 619 ἀπείρου
1058 537 1187 603 nomine
1210 537 1361 623 appella-

254 645 356 728 visse3
393 645 480 729 quod
501 644 631 729 quidem
657 627 797 726 doemon
820 667 853 712 re
879 647 965 713 idem
991 667 1062 713 esse
1091 654 1227 731 apparet
1255 654 1357 729 atque

254 749 293 819 cd
316 747 544 837 ὑποκείμενον.
593 755 713 821 Verum
739 756 837 822 etiarn
868 756 896 822 si
925 757 997 839 quis
1029 757 1169 842 priorem
1200 755 1359 840 interpre-

254 866 410 931 tationem
434 865 595 931 ocnsuerit
618 865 862 949 praeferendam
885 885 964 943 esse,
989 865 1186 931 nullomodo
1208 865 1358 948 efficitur,

255 983 291 1041 ut
304 973 547 1040 Anaximander
563 975 685 1058 primus
707 974 750 1040 ad
772 975 1018 1058 significandum
1034 994 1140 1040 rerum
1159 974 1358 1060 principium

254 1104 366 1150 vocem
397 1077 498 1169 ἀρχὴν
520 1083 713 1150 adhibuerit
757 1085 904 1168 Namque
926 1085 1047 1167 verbis,
1081 1090 1236 1167 „aporos
1257 1075 1359 1167 ἀρχὴν

256 1183 406 1276 ὠνόμασε
432 1188 470 1256 τό
487 1186 734 1278 ὖποκείμενον“,
756 1196 784 1260 si
806 1188 844 1258 ccl
867 1192 1083 1277 ὕποκεὶμενον
1098 1200 1147 1260 cst
1162 1193 1354 1274 subiectum,
1428 1179 1429 1210 i

256 1304 386 1369 omnino
408 1322 472 1368 non
493 1302 703 1387 significatur,
726 1303 1001 1369 Anaximandrum
1023 1303 1160 1388 primum
1181 1302 1286 1386 ipsam
1305 1320 1356 1367 vo

257 1433 326 1478 cem
356 1404 460 1497 ἀρχὴν
486 1420 541 1479 aut
562 1414 667 1498 ipsam
688 1433 798 1480 vocem
822 1413 1038 1496 ὑποκείμενον
1057 1413 1267 1488 adhibuisse,
1301 1411 1359 1477 sed

257 1524 395 1608 primum
417 1543 528 1590 vocem
555 1512 657 1607 ἀρχὴν
677 1522 720 1588 ad
741 1517 780 1588 ad
810 1517 1028 1606 ὑποκείμενον
1049 1523 1211 1589 rettulisse
1233 1522 1358 1605 hocque

255 1632 314 1698 illa
335 1652 414 1698 voce
443 1632 673 1725 appellavissc;
708 1632 794 1716 quod
816 1653 912 1717 quam
932 1633 972 1699 ob
994 1652 1144 1699 caussam
1157 1630 1280 1716 feeerit,
1304 1631 1357 1696 hio

256 1742 398 1808 nondum
420 1743 612 1826 quaerimus.
656 1741 722 1808 Sed
750 1743 833 1810 haec
862 1763 988 1827 quoque
1010 1743 1171 1809 sententia
1192 1739 1356 1824 quandam

257 1851 480 1918 differentiam·
504 1851 654 1936 eontinet,
684 1852 822 1934 quaein
855 1851 915 1917 hae
939 1850 1157 1936 disputatione
1187 1869 1250 1914 non
1273 1849 1354 1914 levis

257 1969 315 2028 cst.
349 1960 440 2039 Quae
461 1961 590 2044 quidem
614 1960 798 2027 differentia
817 1960 893 2026 inde
915 1960 1042 2046 pendet,
1065 1966 1169 2025 utrum
1189 1978 1252 2023 vox
1273 1952 1355 2043 ἀρχὴ
1429 1957 1430 2016 l

258 2092 300 2138 an
321 2066 359 2134 uri
382 2064 600 2153 ὑποκείμενον
620 2071 777 2155 potiorem
799 2069 979 2137 sententiae
1005 2070 1070 2135 vim
1095 2069 1265 2150 contineat,
1296 2067 1355 2133 hoc
1429 2065 1430 2086 ³

257 2187 316 2263 est,
338 2187 443 2246 utrum
465 2180 523 2271 illa
546 2179 781 2245 Anaximandri
803 2180 935 2245 novatio
959 2178 1002 2244 ad
1020 2199 1131 2244 vocem
1160 2169 1262 2262 ἀρχήν
1285 2197 1355 2261 per·

256 2289 368 2373 tineat,
403 2289 522 2376 quippe
550 2308 646 2371 quam
670 2289 725 2355 ille
757 2288 798 2354 ad
831 2289 929 2354 aliam
968 2308 1034 2355 rem
1061 2287 1226 2353 rettulerit
1259 2306 1353 2369 quam

256 2397 440 2484 philosophi
463 2397 595 2484 priores,
630 2418 672 2463 an
692 2398 734 2463 ad
760 2394 799 2462 τὸ
825 2391 1049 2479 ὑποκείμενον,
1078 2398 1197 2482 quippe
1224 2395 1264 2461 dc
1294 2412 1355 2477 quo

256 2507 312 2572 ille
345 2507 442 2572 aliam
468 2507 629 2573 notionem
652 2514 684 2572 et
705 2527 814 2573 vocem
849 2506 1086 2592 praedicaverit
1109 2526 1204 2589 quam
1228 2502 1354 2586 reliqui.

258 2615 338 2681 Cum
373 2616 457 2681 enim
487 2616 727 2682 Anaximander
749 2616 875 2682 dicatur
897 2618 1025 2698 primus
1045 2616 1234 2682 vocabulum
1257 2604 1356 2698 ἀρχὴν

258 2724 300 2790 ad
321 2718 360 2788 τὸ
387 2719 605 2807 ὑποκείμενον
635 2726 810 2793 rettulisse.
825 2726 949 2809 hacque
980 2726 1113 2811 ipsane
1143 2745 1163 2790 a
1193 2723 1354 2808 prioribus
1430 2751 1431 2771 ÷

259 2832 462 2920 philosophis
488 2834 715 2919 distinguatur,
741 2836 776 2901 id
800 2835 973 2921 dupliciter
993 2835 1139 2917 intellegi
1154 2840 1267 2918 potest,
1290 2831 1354 2916 pri·

256 2963 342 3008 mum
363 2943 418 3026 ita,
440 2951 476 3010 ut
498 2943 531 3008 in
551 2933 651 3031 ἀρχῆς
672 2945 802 3027 quidem
815 2944 972 3010 vocabulo
989 2949 1020 3009 ot
1033 2943 1164 3009 notione
1183 2963 1254 3008 cum
1269 2941 1353 3026 prio·

256 3053 345 3119 ribus
369 3053 566 3133 consentire,
600 3073 637 3120 eo
671 3061 777 3119 autem
809 3054 851 3120 ab
884 3053 925 3118 iis
946 3052 1076 3118 differre
1100 3052 1234 3129 dicatur,
1269 3050 1353 3133 quod

256 3162 379 3245 primus
402 3162 461 3228 hoc
482 3153 585 3247 ἀρχῆς
606 3163 795 3229 vocabulum
818 3163 861 3228 ad
882 3157 921 3226 τὸ
948 3156 1166 3244 ὑποκείμενον
1188 3161 1353 3238 rettulerit,

258 3291 329 3336 curn
352 3272 409 3337 illi·
424 3271 485 3339 hoo
507 3272 695 3338 vocabulum
718 3293 781 3338 non
815 3273 857 3337 ad
888 3266 926 3336 cd
951 3265 1180 3353 incestuosos,
1214 3270 1272 3336 sed
1291 3271 1353 3334 for·

258 3387 344 3446 tasse
366 3380 408 3445 ad
434 3381 532 3446 aliam
560 3380 720 3465 quandam
749 3402 814 3446 rem
841 3381 1054 3460 rettulissent;
1093 3379 1210 3446 deinde
1233 3380 1291 3461 ita,
1322 3386 1353 3443 ut

258 3510 330 3555 curn
359 3489 490 3572 reliquis
523 3492 558 3555 in
587 3491 739 3576 opinione
775 3490 905 3573 quidem
938 3491 996 3554 τοῦ
1029 3485 1248 3572 ὑποκείμενου
1281 3509 1351 3554 oon·

252 3599 386 3676 sentire,
421 3621 458 3668 co
488 3607 595 3666 autem
625 3601 665 3666 ab
694 3601 735 3666 iis
757 3599 928 3666 dissentire
955 3600 1091 3684 dicatur,
1120 3598 1206 3682 quod
1233 3599 1351 3685 primus

256 3702 295 3772 ad
317 3703 533 3791 ὑποκείμενον
553 3710 767 3795 appellaverit
788 3703 888 3798 ἀρχήν
909 3711 1094 3794 (propterea
1113 3710 1246 3788 scilicet,
1271 3706 1353 3792 quod

258 3817 380 3901 primus
401 3807 501 3906 ἀρχὴν
515 3838 585 3886 csse
609 3820 836 3903 cognovisset),
860 3841 931 3885 cum
952 3819 1069 3902 reliqui
1092 3839 1155 3885 non
1176 3819 1223 3882 ila
1244 3817 1351 3902 appel-

256 3926 412 3993 lavissent
440 3928 498 3995 sed
527 3929 609 3994 alias
632 3928 769 3995 fortasse
791 3928 832 3994 de
856 3949 894 3995 eo
917 3929 1062 3994 notiones
1089 3937 1121 3994 et
1141 3948 1236 3995 voces
1264 3926 1351 3992 adlui-

257 4035 410 4104 buissent.
451 4038 544 4105 Patet
564 4045 671 4106 autem
694 4060 735 4104 ex
756 4039 805 4122 iis,
828 4059 911 4122 quae
934 4038 976 4104 ad
999 4037 1198 4120 probandam
1220 4036 1351 4102 alteram

258 4144 348 4210 illam
369 4147 433 4212 loci
462 4147 759 4233 interpretationem
788 4146 969 4231 attulimus,
1005 4149 1104 4215 verba
1126 4148 1185 4213 illa
1205 4167 1269 4212 non
1292 4142 1352 4210 nisi

259 4254 365 4340 priore
394 4256 488 4324 modo
510 4257 656 4343 intellegi
683 4279 789 4349 posse,
823 4260 869 4324 ita
895 4266 930 4324 ut
956 4256 1199 4325 Anaximander
1231 4255 1352 4322 dicatur
