2864 4910
627 389 679 447 883

88 585 157 646 que
183 565 387 650 pbilosophis
415 565 543 632 videtur
572 566 750 632 eommunis
776 565 892 646 fuisse3
921 585 991 634 eam
1025 566 1099 634 dico
1124 567 1204 652 xopi-

88 673 240 756 nionem,
264 695 330 756 qua
351 674 393 740 ad
417 673 642 758 explicandam
667 695 738 740 eam
755 695 831 756 rem,
855 675 942 758 quod
957 675 1080 758 stellae,
1104 695 1204 758 quae

90 781 273 848 diversis
297 783 526 850 intervallis
556 807 577 850 a
598 785 732 850 mundi
754 791 890 851 centro
913 785 1111 852 distarent
1132 806 1205 852 nec

90 890 131 954 in
160 891 296 957 eadem
327 891 494 975 sphaera
527 893 689 960 defixae
716 901 873 977 essent,
893 893 1007 960 eadem
1036 915 1205 980 sempera

91 1006 210 1065 centro
237 1000 395 1068 distantia
415 1004 500 1068 circa
532 1001 644 1067 mundi
670 1022 763 1069 axem
795 1008 1063 1086 converterentur,
1096 1005 1205 1068 annuli

92 1109 304 1192 ponebantur
338 1113 514 1177 emeteria
536 1111 697 1178 invisibili
731 1117 916 1178 constantes
949 1133 1008 1196 per
1038 1118 1205 1195 totumque

92 1219 185 1284 coeli
201 1219 357 1284 ambitum
369 1221 613 1296 circumeuntes,
630 1222 683 1303 qui
697 1220 807 1285 stellas
821 1221 901 1304 ipsis
915 1219 1032 1286 infixas
1044 1221 1165 1286 ferrent
1173 1221 1204 1302 ¹).

203 1327 304 1394 Cuius
334 1330 497 1414 opinionis
523 1329 703 1413 exemplum
734 1329 1029 1413 praeclarissimum
1060 1330 1105 1394 illi
1135 1329 1205 1396 Pla-

93 1440 184 1503 tonis
205 1439 412 1505 vortioelli
434 1437 643 1524 (σφονδύλοι)
667 1442 787 1512 sunt2).
831 1439 914 1503 Nam
937 1439 971 1502 hi
990 1438 1148 1504 vorticelli
1171 1444 1206 1504 'et

95 1546 340 1612 Anaximandri
357 1549 468 1613 annuli
490 1549 561 1613 cavi
578 1546 648 1612 sine
665 1545 763 1612 dubio
786 1567 826 1612 ex
843 1546 957 1612 eadem
969 1536 1119 1632 'proiecta
1134 1552 1206 1612 sunt

95 1656 311 1740 cogitatione,
333 1678 371 1723 eo
394 1665 500 1722 autem
525 1659 666 1722 maxime
689 1655 852 1735 differunt,
885 1655 970 1739 quod
992 1655 1026 1721 hi
1049 1655 1207 1723 vorticelli

95 1765 240 1838 stellam,
262 1785 347 1848 quac
370 1765 510 1848 globus
533 1772 583 1832 est
605 1768 730 1849 igneos,
757 1767 923 1831 continent
945 1785 1009 1830 uno
1025 1771 1112 1830 certo
1134 1767 1206 1830 loco

97 2069 184 2124 orbes
203 2070 233 2122 in
252 2069 375 2124 eiusdem
400 2070 478 2140 globi
502 2069 623 2124 circuitu
649 2087 707 2124 esse
732 2073 886 2138 oporteret.
923 2067 999 2139 Ergo
1023 2068 1092 2124 haec
1110 2069 1207 2138 opinio

98 2171 165 2220 tota
183 2165 379 2222 commenticia
397 2169 447 2220 est.

203 2263 331 2332 Denique
348 2263 404 2317 alio
423 2263 493 2328 loco,
517 2280 572 2331 quo
595 2267 671 2318 recte
695 2264 744 2332 ait,
773 2264 808 2318 ab
831 2259 1042 2318 Anaximandro
1069 2263 1098 2316 in
1127 2263 1203 2318 coelo
1242 2247 1244 2251 ⁸

97 2377 157 2413 non
178 2360 281 2414 solidas
301 2359 433 2430 sphaeras
451 2360 527 2431 poni,
546 2360 614 2412 h'aec
632 2360 754 2420 disserit.
773 2378 800 2430 p.
823 2362 870 2414 35:
897 2359 1039 2430 „dagegen
1063 2359 1133 2412 wird
1159 2360 1204 2413 die

98 2473 191 2524 gance
211 2457 401 2526 Anschauung
419 2455 511 2526 gleich
532 2456 729 2524 verstindlich,
749 2474 828 2510 wenn
846 2473 910 2510 man
930 2455 975 2522 die
989 2455 1115 2526 Sph'aren
1130 2456 1204 2509 bloss

99 2553 335 2622 geometriseh
353 2552 430 2607 least.
467 2553 521 2606 Die
539 2551 701 2623 Weltkugel
719 2553 787 2606 liisst
806 2552 864 2606 sich
884 2553 912 2605 in
931 2551 1070 2622 beliebige
1089 2570 1204 2606 concen-

98 2649 209 2703 trische
228 2649 353 2718 Sphb'ren
373 2650 509 2719 zerlegen.
529 2679 562 2689 -
582 2649 708 2703 Nelrmen
734 2649 787 2703 wir
812 2649 840 2701 in
867 2649 957 2702 dieser
976 2648 1033 2718 (die
1052 2649 1127 2704 Erde
1145 2667 1204 2703 um·

99 2746 249 2815 gebendcn
267 2745 348 2813 Luta)
366 2744 411 2799 bei
432 2746 521 2800 einem
541 2745 719 2799 bestimmten
740 2745 846 2799 Radius
865 2746 927 2799 eine
944 2744 1051 2814 Spbiire
1069 2745 1128 2799 und
1142 2745 1205 2799 wie·

100 2843 153 2896 der
171 2843 202 2896 in
221 2842 272 2896 der
290 2842 397 2911 Sph'dre
425 2843 506 2896 einen
525 2842 607 2896 Kreis
636 2859 671 2896 an
690 2841 748 2894 und
771 2841 879 2895 deuken
898 2859 950 2894 uns
973 2859 1009 2895 an
1027 2841 1206 2896 bestimmten

100 2939 212 2993 Stellen
230 2939 279 2992 des
298 2939 408 2992 Kreises
427 2939 472 2992 die
490 2938 746 3008 eigenthiimlichen
759 2937 860 3006 Poren,
878 2956 927 2992 aus
943 2939 1034 2993 denen
1053 2938 1099 2991 die
1112 2937 1205 2991 Stern-

100 3035 235 3090 flammen
253 3035 502 3102 hervorschiessen,
527 3052 557 3088 so
581 3037 691 3088 miissen
717 3034 857 3088 natiirlich
881 3034 957 3088 diese
974 3033 1129 3101 Flammea,
1153 3051 1208 3087 von

102 3133 154 3186 der
172 3131 346 3200 Luftsph'dre
364 3135 509 3201 getragen‚
528 3130 580 3185 mit
598 3130 818 3196 umberkreisen‚
835 3130 907 3184 ohne
928 3148 963 3184 an
986 3130 1031 3184 ein
1052 3129 1135 3184 testes
1156 3129 1207 3183 Ge·

101 3229 194 3284 wb'lbe
214 3229 380 3298 angenagelt
401 3245 435 3280 zu
454 3227 521 3281 sein.
559 3226 608 3280 Ihr
623 3227 703 3280 Platz
731 3227 768 3280 ist
796 3227 940 3280 bestimmt
965 3227 1054 3280 durch
1077 3226 1123 3280 die
1142 3227 1207 3281 dort

101 3323 304 3378 stattfindende
323 3323 520 3393 Ausathmung
538 3323 597 3376 und
615 3323 698 3376 dreht
717 3322 775 3376 sich
795 3323 846 3376 mit
865 3323 929 3376 dem
947 3322 1108 3376 drehendcn
1126 3322 1207 3376 Lutt-

101 3421 211 3491 ringe.“
249 3421 325 3474 Haec
344 3420 437 3474 verbis
457 3425 532 3474 certe
543 3420 578 3473 ab
596 3420 639 3486 iis,
658 3437 728 3488 quae
748 3424 830 3473 antea
844 3420 988 3488 disputata
1001 3424 1074 3482 sunt,
1094 3420 1207 3472 omnino

102 3518 282 3574 dissentiunt.
319 3518 392 3572 Num
414 3517 650 3571 Teiclrmuellerus
677 3516 705 3570 id
728 3517 820 3570 solum
847 3516 951 3586 egerit,
980 3520 1014 3569 ut
1040 3516 1207 3570 sententiam

102 3616 230 3684 priorem
249 3615 305 3668 alio
324 3614 407 3667 modo
427 3613 588 3682 explicaret,
612 3631 647 3666 an
666 3631 766 3666 novam
795 3613 955 3683 opinionem
980 3629 1137 3682 proponere
1161 3631 1207 3666 vo·

103 3712 200 3779 luerit,
225 3711 318 3764 dicere
349 3727 405 3763 non
424 3709 522 3764 ausim.
559 3712 654 3777 Atque
673 3709 743 3763 haec
771 3709 805 3762 de
828 3707 1041 3762 Teichmueileri
1069 3709 1208 3762 sententia

102 3807 173 3862 satis
193 3809 283 3861 sunto.

207 3903 233 3972 1)
253 3903 348 3958 Facile
366 3905 454 3972 patet,
473 3902 559 3956 talem
579 3899 718 3969 quandam
744 3900 905 3969 opinionem
923 3917 980 3954 non
999 3900 1124 3970 potuisse
1142 3904 1207 3955 ante

103 4001 235 4068 existere,
254 4017 339 4068 quam
358 3999 502 4068 cognitum
521 4001 602 4059 esset,
623 3995 717 4051 stellas
736 4015 792 4051 non
812 4014 906 4050 omnes
925 3997 955 4050 in
974 3997 1071 4051 eadem
1090 3997 1209 4066 sphaera

103 4097 210 4152 defixas
229 4113 296 4162 esse,
313 4096 405 4163 idest,
423 4113 480 4148 non
493 4099 652 4162 antequam
672 4093 836 4162 planetae
854 4093 1096 4163 distinguerentur
1114 4093 1208 4148 astel-

103 4195 139 4248 lis
161 4192 233 4248 lixis.

207 4289 235 4359 2)
254 4289 326 4343 Plat.
345 4287 415 4357 Rep.
437 4287 472 4355 X,
492 4288 553 4348 616,
573 4287 594 4340 G
613 4304 652 4356 sq.
