2850 4904
626 385 676 440 lta

81 547 403 639 Ἀναξίμανόρός
423 558 579 642 φησινῑ).
600 554 655 619 καὶ
676 549 750 620 ὅσοι
771 555 798 618 δ’
831 550 866 620 ἓν
888 554 941 618 καὶ
966 545 1075 621 πολλά
1095 575 1193 638 φασιν

81 657 180 748 εἶναι,
204 659 319 745 ὥσπερ
344 658 565 752 Ἐμπεδοκλῆς
585 665 639 729 καὶ
661 656 909 747 Ἀναξαγόρας.“

187 778 379 861 Priusquam
403 777 510 862 ipsum
539 780 644 843 locum
667 777 875 861 explicemus,
905 775 988 842 duae
1016 783 1125 860 partes
1147 776 1192 838 vi-

80 885 203 952 dentur
217 887 431 954 secludendae
447 907 529 969 esse,
551 905 635 970 quae
657 887 699 952 ab
720 886 792 971 ipsa
807 885 870 951 loci
888 886 1049 952 sententia
1063 884 1192 950 alienae

81 1003 170 1062 sunt,
219 996 358 1062 Primum
379 995 480 1062 verba
503 998 624 1078 „saduc
648 995 676 1060 δ’
692 992 780 1060 ἐστὶν
802 993 931 1060 ἐναντία
946 992 1034 1058 κτλ.“
1056 994 1099 1060 ad
1121 1015 1192 1059 eam

82 1127 165 1189 rem,
188 1106 231 1171 de
253 1124 316 1189 qua
337 1108 454 1190 agitur,
478 1127 542 1173 non
564 1105 737 1190 pertinent,
760 1105 819 1172 sed
841 1107 1032 1171 Aristoteles
1055 1126 1094 1170 ea
1116 1125 1190 1169 con-

84 1214 263 1282 tinuationi
285 1216 441 1282 sermonis
463 1215 572 1282 media
585 1216 769 1300 interponit,
791 1215 931 1281 monitus
954 1213 1083 1296 quidem
1104 1219 1192 1278 ante-

83 1328 210 1410 gressis
240 1327 423 1393 notionibus
454 1325 715 1394 condensationis
748 1333 781 1394 et
802 1325 1035 1403 rarei'actionis,
1053 1354 1055 1358 ·
1073 1327 1192 1409 qnippe

84 1454 173 1518 qnae
196 1435 282 1501 inter
310 1456 344 1502 sc
367 1437 548 1502 contrariae
574 1436 649 1517 sint,
680 1455 719 1502 eo
751 1442 858 1503 auteur
881 1436 1024 1513 consilio,
1054 1440 1097 1516 nt,
1120 1454 1191 1499 enm

31 1541 37 1548 ’
84 1551 204 1629 postea
224 1543 312 1626 (inde
326 1546 369 1611 ab
384 1546 474 1612 initio
486 1544 605 1628 eapitis
620 1546 737 1629 quinti)
756 1550 990 1611 monstraturus
1011 1543 1062 1621 sit,
1087 1562 1192 1608 rerum

85 1654 254 1720 sensilium
277 1652 436 1737 principia
457 1660 605 1737 oportere
632 1656 793 1720 contraria
815 1674 888 1720 esse
915 1659 947 1720 et
974 1654 1015 1719 ab
1042 1651 1190 1718 omnibns

85 1765 252 1830 contraria
272 1764 357 1847 poni,
381 1763 416 1830 id
439 1765 503 1830 iam
525 1764 678 1830 hocloco
702 1764 736 1830 in
760 1762 961 1848 exponendis
983 1762 1191 1847 physicorum

87 1873 268 1956 principiis,
297 1872 409 1940 addito
432 1875 528 1940 etiam
554 1874 699 1939 Platonis
722 1876 880 1957 exemplo,
903 1873 998 1938 simul
1022 1871 1190 1955 significet.

88 1983 168 2047 Rem
195 1982 249 2048 ita¹
266 2003 301 2049 se
323 1983 451 2068 habere,
483 1991 515 2049 et
542 2005 560 2050 e
589 1985 713 2049 ratione
743 1977 805 2050 loci
838 1983 1047 2067 grammatica
1068 1980 1190 2046 intelle-

88 2089 175 2173 gitur
209 2097 241 2156 et
270 2097 384 2174 postea
405 2091 511 2174 magis
541 2093 635 2157 ctiam
658 2091 829 2175 apparebit
858 2111 897 2156 ex
929 2091 999 2158 eius
1022 2091 1190 2156 sententia.

91 2199 200 2276 Quare
230 2201 286 2266 illa
313 2201 413 2267 verba
433 2201 526 2268 uncis
553 2201 797 2268 interclusimus.
843 2199 971 2266 Deinde
994 2197 1192 2266 secludenda

89 2315 172 2388 sunt,
195 2328 279 2391 quae
300 2310 334 2374 in
356 2310 419 2376 loci
441 2309 505 2376 fine
526 2312 684 2394 leguntur,
709 2308 780 2390 ,ani
802 2303 876 2375 ὅσοι
900 2307 928 2374 δ’
951 2304 987 2374 ’ἐν
1004 2306 1058 2373 καὶ
1083 2300 1191 2370 πολλά

89 2439 190 2502 φασιν
211 2409 294 2482 εἶναι
316 2417 403 2484 aelst
447 2418 498 2485 Ab
520 2419 609 2486 hisce
624 2420 710 2485 enim
732 2420 841 2486 verbis
862 2422 957 2503 plane
979 2437 1064 2484 nova
1079 2418 1191 2499 incipit

89 2526 322 2594 sententiarum
344 2527 459 2605 series3
484 2528 518 2593 id
540 2527 627 2612 quod
649 2530 825 2594 certissime
847 2536 983 2612 apparet
1006 2549 1024 2594 e
1046 2527 1191 2610 generali

87 2637 230 2700 omnium
252 2634 517 2720 philosophorum
533 2636 704 2716 divisione,
727 2637 821 2703 initio
840 2636 1098 2720 capitissecundi
1118 2655 1190 2719 pro-

87 2746 204 2828 posita.
249 2745 331 2810 Nam
356 2744 417 2811 hae
437 2745 593 2812 divisione
615 2748 805 2838 Aristoteles
827 2746 891 2814 duo
913 2747 1056 2812 maxima
1077 2745 1190 2811 distin-

87 2856 155 2937 guit
185 2854 450 2938 philosophorum
482 2876 612 2940 genera,
638 2858 773 2924 alterum
797 2876 916 2938 eorum,
948 2854 1004 2938 qui
1025 2854 1067 2920 id
1088 2853 1191 2937 quod

87 2969 142 3027 est
179 2964 233 3029 vel
266 2982 446 3030 summurn
482 2984 614 3033 rerum
652 2964 891 3050 principium
925 2983 1037 3029 unum
1068 2969 1190 3029 tantum

87 3091 159 3137 esse
171 3070 284 3155 velint,
306 3071 405 3156 idque
427 3080 483 3139 aut
505 3075 669 3140 immotum
691 3081 748 3140 aut
768 3080 855 3140 motu
877 3073 976 3138 insito
1000 3072 1190 3156 praeditum,

85 3181 224 3248 alterum
246 3201 367 3265 corum,
389 3183 446 3266 qui
469 3183 587 3267 plura
616 3189 737 3267 ponant
764 3182 937 3267 principia,
968 3181 1110 3264 haecque
1134 3202 1191 3248 nu·

86 3310 175 3357 mero
195 3297 252 3356 aut
274 3289 365 3357 linita
391 3299 448 3358 aut
469 3291 612 3370 intinita3
644 3291 791 3375 hancque
823 3290 1086 3375 philosophorum
1108 3288 1189 3355 divi-

88 3401 210 3466 sionem
234 3401 362 3465 omnino
385 3401 528 3483 sequitur
550 3401 738 3485 disputatio.
783 3400 833 3467 De
855 3401 963 3483 priore
985 3418 1104 3482 genere
1126 3398 1190 3464 dis-

88 3509 213 3592 putatio
244 3509 351 3575 verbis
390 3502 524 3591 εὥσπερ
553 3503 809 3592 Ἀναξίμανδρός
840 3499 959 3596 φησιν’
991 3510 1191 3590 terminatur,

88 3636 188 3700 qnare
212 3624 287 3701 post
308 3639 349 3684 ea
371 3621 512 3685 maxima
533 3621 788 3705 interpunctione
811 3621 860 3686 usi
883 3639 1007 3700 sumus3
1040 3639 1061 3683 a
1081 3619 1190 3684 verbis

86 3734 194 3794 autem
215 3720 287 3791 ‘aci
303 3719 378 3792 ὅσοι
394 3726 422 3792 d'
438 3721 474 3793 ἓν
488 3726 542 3793 καὶ
556 3722 665 3792 πολλά
680 3750 781 3814 φασιν
799 3718 906 3814 εἶναι’,
927 3733 962 3793 ut
982 3729 1128 3812 protinus
1150 3747 1191 3793 ex

86 3835 169 3919 ipsis
181 3841 282 3920 patet,
301 3836 419 3922 incipit
431 3836 607 3922 disputatio
622 3837 664 3905 de
678 3839 779 3904 altero
795 3857 922 3921 genere.
954 3838 1051 3903 Areia
1072 3843 1190 3920 autern,

89 3966 174 4029 quae
197 3947 281 4013 inter
303 3945 430 4030 prioris,
444 3945 675 4030 disputationis
690 3946 785 4014 finem
808 3954 840 4013 et
851 3947 1040 4033 posterioris
1064 3946 1190 4012 initium

191 4173 217 4241 1)
237 4171 292 4227 Cur·
309 4177 377 4242 post
394 4170 513 4246 ‘paule’
535 4173 657 4230 maxima
676 4175 719 4230 usi
738 4175 824 4230 simus
842 4176 1076 4247 interpunctione,
1094 4177 1190 4247 paullo

91 4274 151 4338 post
169 4269 365 4340 explicabitur.
