2860 4906
731 365 785 420 260

229 537 436 623 iosophorum
451 539 580 603 nomine
601 557 700 602 unum
715 537 993 603 Anaximandrum
1018 537 1172 621 intellegi,
1195 543 1226 602 et
1240 545 1348 603 antea

231 648 295 711 iam
317 645 458 712 diximus
481 652 513 711 et
535 666 630 726 uuna,
652 650 823 729 postquam
845 646 951 730 ipsum
963 643 1198 712 Anaximandri
1220 648 1347 730 prinoi-

231 756 320 838 pium
341 754 523 820 auuuratius
540 753 763 837 eognovimus,
786 755 917 818 omnino
939 760 1062 818 eertum
1078 773 1151 820 esse
1166 753 1345 821 videbitur.

231 863 353 942 Quodsi
374 870 482 930 autom
512 863 707 946 quaerimus,
736 883 793 928 eur
814 863 1005 930 Aristoteles
1034 883 1099 929 non
1126 884 1253 948 semper
1280 864 1346 930 bao

231 973 434 1057 potissimum
461 973 588 1039 ratione
610 972 847 1038 Anaximandri
873 972 1072 1057 principium
1098 973 1344 1057 significaverit,

231 1102 347 1150 oaussa
369 1085 403 1148 in
426 1103 463 1148 eo
486 1082 613 1148 videtur
636 1081 744 1166 posita
766 1101 847 1158 esse,
873 1081 960 1164 quod
984 1083 1018 1146 in
1039 1084 1344 1166 quattuorelemen-

231 1199 338 1259 torum
360 1192 512 1276 opinione
537 1197 654 1258 natura
676 1193 759 1256 iuter
785 1210 902 1274 aquam
931 1197 964 1257 ot
987 1191 1093 1275 ignem
1117 1190 1225 1258 media
1248 1192 1343 1274 ipse

230 1322 298 1368 aar
331 1307 389 1380 ast,
424 1320 568 1384 ergaque
592 1300 793 1378 Aristoteles,
826 1302 852 1365 si
874 1301 1111 1366 Anaximandri
1145 1299 1342 1383 principium

231 1410 315 1476 inter
336 1429 454 1493 aquam
477 1417 510 1476 ot
529 1411 636 1493 ignom
658 1407 800 1498 medium
823 1409 969 1488 dixisset,
1001 1409 1062 1475 hao
1093 1411 1167 1493 ipsa
1192 1411 1341 1474 revisus

230 1526 318 1586 esset
338 1519 447 1585 dioete
476 1539 614 1600 aerem,
645 1516 679 1582 id
703 1517 789 1600 quod
822 1538 895 1584 oum
916 1517 1152 1583 Anaximandri
1184 1518 1341 1602 opinione

231 1630 360 1695 omnino
382 1629 605 1714 pugnavisset.
648 1628 754 1710 Atque
786 1647 847 1710 ego
870 1626 1002 1710 quidem
1025 1627 1200 1694 admodum
1223 1627 1340 1710 proba·

230 1738 296 1804 bile
319 1757 391 1804 esse
422 1743 510 1822 puto,
541 1737 776 1803 Anaximenem
801 1755 850 1818 eo,
885 1736 971 1818 quod
996 1738 1060 1821 ipsi
1094 1742 1218 1818 natura,
1255 1757 1339 1819 quae

231 1847 315 1914 inter
337 1853 485 1913 naturam
506 1845 672 1912 humidam
703 1852 736 1911 et
759 1846 887 1928 igneam
913 1844 1024 1911 media
1045 1851 1140 1925 asset,
1175 1864 1232 1910 aer
1265 1865 1339 1910 esse

233 1956 409 2040 videretur,
437 1958 576 2041 primum
607 1956 773 2022 inductum
796 1974 878 2038 osse,
909 1962 943 2020 ιιι
968 1975 1076 2022 aerem
1100 1957 1207 2039 ipsum
1230 1974 1338 2020 rerum
1425 2027 1426 2046 χ

231 2067 425 2152 principium
446 2071 587 2150 poneret.

273 2159 276 2166 ¹
307 2177 380 2242 ·26.
404 2174 606 2258 Quamquam
628 2174 850 2258 eognovimus,
871 2193 955 2257 quae
979 2173 1078 2239 fuerit
1099 2171 1336 2240 Anaximandri

231 2283 272 2350 de
294 2284 455 2369 prineipio
477 2284 633 2361 doetrina,
657 2291 766 2349 tamen
790 2281 870 2348 haee
892 2282 1034 2367 cognitio
1058 2302 1122 2348 non
1145 2283 1224 2348 satis
1247 2287 1336 2348 eorta

230 2393 394 2460 videbitur
413 2413 452 2460 ao
474 2393 672 2477 confirmata,
701 2393 764 2458 nisi
786 2393 895 2457 animo
917 2393 1163 2476 oonoeperimus
1186 2395 1335 2473 rationes,

231 2503 346 2585 quibus
368 2505 439 2586 ipso
461 2502 703 2569 Anaximander
729 2501 771 2567 ad
797 2502 885 2566 illam
913 2499 1090 2567 doctrinam
1113 2500 1273 2568 adduotus
1294 2501 1335 2566 sit

231 2621 288 2679 aut
308 2621 395 2679 oerte
411 2611 530 2678 adduci
552 2615 701 2696 potuerit.
726 2610 807 2676 (ium
823 2611 1019 2696 prinoipium
1043 2632 1108 2677 non
1130 2631 1196 2677 una
1209 2617 1333 2676 tantum

231 2719 289 2787 sed
310 2719 455 2806 pluribus
476 2722 560 2786 notis
588 2719 731 2798 definiat,
759 2755 794 2766 -
814 2718 891 2785 dioit
917 2722 1000 2785 enim
1023 2739 1122 2786 unum
1151 2739 1231 2801 esse,
1256 2718 1333 2784 dioit

230 2827 396 2910 infinitum,
418 2827 497 2893 dioit
519 2827 562 2910 id,
586 2827 673 2911 quod
697 2828 846 2893 omnibus
870 2827 1051 2894 subiectum
1080 2830 1132 2910 sit,
1160 2826 1239 2892 dioit
1261 2827 1333 2891 suia

231 2939 380 3005 stantiam
405 2956 591 3022 corpoream
613 2936 801 3022 simplicem,
836 2935 984 3019 hanoque
1015 2955 1125 3001 rursus
1153 2955 1212 3001 sua
1230 2934 1331 3018 ipsius

230 3045 387 3128 qualitate
409 3046 521 3112 statuit
543 3047 626 3111 inter
651 3044 733 3110 duas
755 3046 877 3130 primas
905 3050 1039 3110 naturas
1066 3044 1243 3110 contrarias
1264 3061 1331 3106 me·

230 3154 319 3220 diam
340 3175 413 3220 osse
435 3189 477 3200 —
498 3175 572 3221 oum
593 3155 692 3238 igitur
709 3154 907 3238 principium
923 3153 1066 3236 pluribus
1093 3154 1177 3220 notis
1191 3150 1329 3231 definiat,

231 3265 327 3330 etiam
350 3263 422 3329 illas
445 3262 587 3329 rationes
607 3268 734 3346 oportet
747 3264 857 3346 plures
872 3260 981 3328 fuisse.
1027 3262 1070 3328 Ut
1091 3282 1188 3328 uuum
1201 3261 1328 3338 dioeret,

230 3378 317 3438 oerta
339 3392 403 3438 non
416 3378 482 3437 tam
494 3373 740 3439 ratiooinationo
757 3391 854 3454 quam
865 3377 1037 3455 antecepta
1059 3368 1199 3453 quadam
1216 3367 1328 3434 montis

231 3481 384 3566 opinione
403 3480 564 3548 adductus
587 3487 651 3555 ost3
677 3487 713 3546 ιιι
734 3479 891 3546 infinitum
924 3485 1052 3563 putaret
1073 3479 1263 3563 pariterque,
1290 3482 1327 3540 ut

229 3595 376 3655 naturam
400 3610 480 3668 eam,
506 3609 590 3673 quae
613 3591 759 3656 omuibus
782 3589 1037 3656 rebussubioota
1058 3594 1153 3664 esset,
1175 3585 1326 3654 adduntus

231 3701 299 3765 sine
322 3699 421 3766 dubio
444 3705 494 3765 est
525 3700 599 3784 ipsa
618 3701 750 3765 nodone
772 3699 931 3784 principii,
965 3706 1123 3780 quatenus
1153 3696 1188 3763 id
1219 3715 1273 3780 per
1290 3713 1325 3758 se

229 3811 336 3893 ipsum
353 3811 456 3876 altera
477 3815 569 3894 parte
591 3809 625 3874 id
649 3814 745 3891 esset,
767 3807 855 3891 quod
877 3809 986 3872 omnia
1011 3809 1198 3888 contineret,
1228 3807 1324 3888 ipsum

229 3925 337 3986 autem
359 3919 447 3984 nulla
475 3917 597 3983 aliare
630 3919 857 3997 contineretur,
889 3916 994 3981 altera
1018 3922 1111 3998 parto
1141 3913 1187 3993 id,
1219 3930 1323 3994 equo

230 4029 340 4094 omnia
366 4034 490 4109 essent,
520 4046 715 4109 quamquam
742 4025 786 4092 ad
817 4024 1018 4108 probandam
1046 4023 1236 4088 infinitatem
1255 4019 1324 4086 aliis

229 4139 326 4203 etiam
349 4137 547 4219 argumentis
573 4155 650 4200 usus
663 4141 712 4199 est
722 4134 755 4214 ¹).
793 4133 1012 4200 Substantiam
1032 4132 1168 4215 putabat
1182 4151 1240 4197 nee
1253 4147 1323 4195 vero

331 4357 358 4423 1)
376 4353 440 4407 Vid.
460 4370 544 4421 supra
561 4371 588 4420 p.
609 4355 643 4407 32
663 4371 704 4421 sq.
