2860 4906
725 380 779 432 278

201 556 415 620 rarefactione
447 553 600 620 efficiant.
644 551 768 631 Quodsi
789 559 897 618 autem
919 551 1113 634 quaerimus,
1142 569 1198 616 cur
1219 549 1315 614 Sim-

201 664 317 748 plicius
333 661 393 729 hoe
408 664 479 729 loeo
494 663 773 729 Anaximandrum
796 664 828 727 in
851 662 901 727 his
924 663 1001 746 ipsis
1017 661 1249 740 numeraverit,
1277 662 1313 723 in

201 773 317 856 quibus
338 793 402 837 non
424 774 487 838 nisi
510 793 568 856 per
589 771 740 837 accidens
761 773 921 837 numerari
942 776 1062 854 posset,
1092 789 1206 834 caussa
1231 768 1313 834 sine

201 882 301 947 dubio
323 884 355 946 in
377 884 449 964 ipso
470 882 533 946 loci
547 881 681 947 consilio
703 882 808 964 posita
829 887 886 946 est
909 879 1037 945 Etenim
1057 879 1144 943 locus
1159 879 1313 961 pertinet

201 990 243 1055 ad
265 992 371 1080 locum
393 989 585 1070 Aristotelis,
619 1009 683 1071 quo
712 990 741 1054 is
762 987 806 1053 ad
827 988 1121 1063 demonstrandum,
1151 987 1313 1053 omnibus

201 1106 305 1164 motus
327 1099 499 1182 generibus
524 1105 621 1181 atque
643 1099 716 1182 ipsa
736 1100 833 1164 etiam
855 1099 1063 1181 generatione
1074 1096 1210 1181 priorem
1227 1118 1313 1163 esse

201 1229 274 1274 eum
296 1214 426 1290 motum,
449 1209 503 1290 qui
526 1209 559 1272 in
582 1207 645 1273 loci
668 1208 845 1272 mutatione
860 1207 1026 1287 consistat,
1048 1205 1108 1271 hoc
1123 1206 1218 1270 etiarn
1241 1207 1311 1270 uti-

201 1327 252 1383 tur
263 1322 466 1400 argumento:
485 1315 607 1382 ‘omncs
618 1337 723 1383 rerum
739 1317 980 1382 mutationes
993 1315 1151 1398 proficisci
1163 1315 1278 1381 videri
1290 1339 1314 1382 a

201 1426 450 1494 condensaticne
466 1433 498 1492 et
513 1428 741 1503 rarefactione;
764 1426 1048 1492 condensaticnem
1068 1430 1100 1491 et
1113 1426 1313 1492 rarefactio-

200 1558 274 1602 nem
289 1542 397 1602 autem
410 1534 587 1602 consistere
610 1537 644 1601 in
667 1535 870 1602 concretione
893 1541 925 1601 et
948 1535 1156 1618 discretione,
1182 1537 1313 1617 quibus

200 1647 272 1727 ipsa
293 1665 398 1710 rerum
415 1644 623 1728 generatio
647 1651 684 1709 et
700 1645 903 1727 corruptio
922 1643 990 1710 fieri
1009 1643 1149 1718 dicatum
1171 1665 1314 1710 concre-

200 1754 320 1819 tionem
331 1753 598 1819 etdiscretiouem
607 1759 712 1818 autem
720 1759 840 1818 motum
852 1771 934 1828 esse,
946 1753 999 1834 qui
1010 1753 1043 1816 in
1054 1753 1116 1816 loci
1124 1751 1314 1818 mutatione

200 1864 380 1929 cernatur‘.
404 1861 507 1941 Quam
530 1863 715 1928 Aristotelis
737 1863 928 1928 sententiam
952 1862 1136 1945 Simplicius
1157 1881 1175 1925 e
1197 1859 1312 1944 plrilo-

201 1971 336 2055 sophiae
349 1970 485 2038 historia
500 1972 549 2036 ita
565 1972 716 2056 explicat,
741 1977 775 2036 ut
791 1991 860 2037 cam
877 1991 986 2036 veram
1002 1990 1074 2036 esse
1096 1967 1246 2035 ostendat
1273 1979 1312 2035 et

201 2099 311 2144 eorum
332 2081 491 2162 opinione,
519 2079 574 2162 qui
602 2100 737 2162 corpora
763 2078 959 2163 impatibilia
980 2084 1103 2162 ponant
1125 2077 1309 2160 hommque

200 2188 404 2253 concretione
441 2195 474 2254 et
505 2188 700 2254 discretione
733 2207 843 2252 omnes
873 2208 924 2253 res
946 2187 1092 2270 gignant,
1125 2191 1158 2252 et
1190 2207 1306 2252 eorum

199 2297 364 2380 opinione,
397 2297 452 2379 qui
479 2317 578 2363 unum
602 2297 765 2379 quoddam
795 2304 916 2379 ponant
937 2297 1075 2380 primurn
1098 2298 1307 2379 elementum,

200 2407 358 2488 huiusque
380 2406 632 2472 condensaticne
654 2413 686 2471 et
709 2405 922 2471 rarel'actione
944 2425 1050 2471 rerum
1064 2405 1305 2471 multitudinem

200 2514 352 2581 efficiant.
398 2515 477 2581 (lum
509 2516 605 2598 igitur
626 2515 822 2599 Simplicius,
854 2514 942 2597 quod
969 2513 1013 2579 ad
1033 2522 1175 2580 nostram
1201 2535 1305 2597 quae-

200 2627 335 2690 stioucrn
356 2627 504 2709 pertinet,
538 2625 573 2690 id
594 2626 697 2690 solum
728 2632 815 2708 agat,
848 2630 883 2702 ut
906 2625 995 2690 illam
1016 2624 1202 2690 Aristotelis
1228 2645 1305 2690 sen·

200 2737 332 2800 tentiam
361 2754 469 2798 eorum
505 2733 604 2798 etiam
630 2733 783 2818 opinione
816 2753 925 2808 veram
958 2753 1031 2799 esse
1053 2733 1211 2809 ostendat,
1245 2733 1304 2814 qni

200 2864 304 2910 rerum
321 2843 564 2926 generationem
588 2843 839 2909 condensaticne
863 2850 895 2910 et
917 2843 1132 2908 rarefacticne
1154 2843 1225 2909 fieri
1247 2863 1304 2908 ve-

198 2955 267 3029 lint,
298 2951 534 3019 Anaximandri
562 2958 669 3018 autem
700 2953 851 3037 opinione
888 2939 994 3018 rerum
1027 2955 1192 3036 generatio
1225 2975 1305 3036 per

200 3063 388 3129 accidens
409 3063 762 3130 certecondensatione
786 3063 1053 3141 etrarefactione‚
1077 3065 1140 3147 vel,
1164 3071 1198 3130 ut
1214 3064 1304 3130 idem

200 3175 294 3239 aliter
330 3173 451 3252 dicam,
495 3195 570 3240 non
609 3174 693 3240 sine
731 3173 982 3240 condensaticne
1018 3181 1050 3239 et
1086 3173 1304 3240 rarefactione

199 3282 265 3360 fiat,
298 3282 394 3347 facile
421 3283 626 3366 intellegitur,
660 3304 717 3349 cur
745 3283 897 3349 hocloco
926 3283 1203 3350 Anaximandrum
1225 3285 1306 3349 sim-

199 3391 329 3475 pliciter
359 3411 432 3457 cum
460 3393 523 3456 illis
565 3393 776 3473 coniunxerit,
813 3411 971 3457 summam
1006 3398 1113 3458 autem
1149 3392 1221 3458 eius
1259 3394 1304 3459 ab

200 3501 266 3565 illis
288 3499 503 3565 differentiam
529 3501 671 3567 indicare
702 3501 854 3579 omiserit,
890 3502 1082 3585 praesertim
1112 3521 1185 3566 oum
1218 3502 1305 3568 hane

199 3609 304 3692 ipsam
327 3609 542 3674 differentiam
568 3615 663 3676 antea
693 3610 728 3674 in
750 3609 864 3675 ecdem
887 3608 970 3674 libro
992 3609 1206 3690 apertissimis
1229 3631 1305 3675 ver-

198 3715 250 3782 bis
274 3717 493 3783 indicavisset.
538 3719 624 3801 Ergo
647 3718 698 3783 hic
722 3720 811 3784 locus
835 3718 915 3783 nihil
938 3718 1090 3801 continet,
1117 3718 1205 3800 quod
1229 3739 1305 3784 cum

199 3826 330 3908 reliquis
360 3833 504 3892 veterum
538 3828 731 3894 testimoniis
757 3835 893 3912 pugnet;
927 3830 1022 3894 immo
1054 3828 1172 3912 insigni
1205 3827 1305 3894 modo

200 3934 375 4018 confirmat,
399 3935 484 4019 quod
507 3944 602 4003 antea
620 3936 770 4019 diximus,
793 3917 1028 4003 Anaximandri
1044 3936 1207 4002 sententia
1229 3957 1305 4002 curn

200 4045 433 4110 contrariorum
462 4048 639 4113 secretione
669 4047 830 4130 quandam
855 4048 955 4130 ipsius
987 4047 1138 4131 principii
1161 4046 1302 4112 conden-

200 4154 355 4219 saticnem
378 4161 411 4219 et
434 4155 680 4222 rarefactionem
703 4158 906 4222 coniunctam
928 4177 1010 4222 esse.

301 4263 380 4328 Cum
415 4263 515 4345 igitur
548 4265 677 4332 omnino
706 4272 853 4332 constare
877 4264 1034 4347 videatur,
1067 4266 1306 4332 Anaximandri
