2850 4904
622 367 675 424 209

101 543 217 619 dimus,
239 565 312 611 enm
334 545 369 610 in
392 547 536 629 generali
559 546 617 611 ilia
639 545 801 612 divisione
814 545 850 630 ¹),
879 567 974 631 quam
997 546 1210 632 disputationi

101 652 142 717 de
164 650 307 718 diversis
329 653 592 738 philosophorum
626 653 798 740 principiis
832 657 1011 739 praemittit
1046 676 1207 741 quamque
1281 730 1283 734 ,

101 762 135 826 in
158 761 221 827 hae
251 764 322 846 ipsa
343 762 565 848 disputatione
589 766 743 852 sequitur,
778 786 887 831 omnes
910 767 1064 850 physicos
1089 766 1209 833 induo

101 871 252 938 dividere
273 893 403 957 genera,
425 874 561 940 alterum
576 895 696 957 eorum,
719 875 774 957 qui
798 894 903 939 rernm
924 874 1116 958 principium
1141 877 1227 942 sive.

101 980 134 1045 id
158 981 248 1065 quod
270 989 318 1048 est
341 1003 453 1049 unum
477 985 588 1063 solum,
616 985 752 1049 alterum
778 1003 896 1066 eorum,
919 985 976 1066 qui
994 985 1116 1068 plura
1138 1004 1210 1049 esse

90 1098 289 1158 statuerent.
334 1091 425 1170 Quae
457 1099 565 1158 nostro
588 1093 659 1158 loeo
682 1093 790 1158 verbis
817 1086 848 1154 oi
878 1089 938 1174 μὲν
958 1129 999 1138 —-
1023 1086 1053 1156 oi
1076 1090 1113 1156 δὲ
1138 1113 1210 1177 pro-

102 1202 233 1284 ponitur
252 1200 381 1285 divisio,
405 1204 550 1287 prioris
573 1205 728 1286 generis
751 1209 801 1268 est
824 1202 923 1268 —de
946 1203 1006 1268 hoe
1030 1204 1115 1268 enim
1140 1204 1208 1268 solo

102 1311 161 1377 hoe
184 1313 256 1378 loeo
279 1311 334 1394 agi
354 1331 454 1396 supra
475 1309 684 1378 ostendimus
698 1315 786 1395 Α),
813 1319 910 1395 atque
933 1312 966 1377 in
989 1313 1085 1378 huius
1109 1314 1211 1378 altera

101 1426 193 1503 parte
226 1421 469 1486 Anaximander
499 1421 646 1505 punitum
682 1423 895 1503 Anaxagoras
929 1427 962 1485 et
994 1421 1208 1507 Empedocles

100 1535 208 1594 autem
236 1549 312 1612 pars
334 1531 578 1613 posterioris
608 1530 771 1613 generis
794 1536 877 1614 sunt,
912 1549 952 1594 ea
976 1531 1101 1596 soilioet
1123 1550 1208 1614 para,

101 1657 186 1719 qnae
209 1636 243 1703 id
265 1638 351 1721 quod
371 1645 420 1704 est
442 1639 538 1704 simul
562 1660 660 1704 unum
685 1645 717 1704 et
739 1639 833 1723 plura
854 1639 1005 1724 ponebat,
1029 1645 1062 1705 et
1083 1640 1125 1704 ab
1139 1638 1209 1704 Ari·

102 1748 216 1813 stotele
239 1747 311 1832 ipso
334 1750 367 1813 in
383 1747 444 1813 hoo
465 1767 583 1832 genere
603 1749 773 1832 ponituri).
798 1748 894 1832 Ergo,
917 1769 988 1814 enm
1004 1749 1134 1815 diversa
1156 1769 1209 1831 ge-

102 1876 178 1922 nera
199 1858 303 1922 nullas
327 1856 448 1923 habere
471 1857 597 1941 possint
630 1863 739 1940 partes
768 1857 899 1923 easdem
926 1853 1146 1941 (nemetiam,
1180 1859 1209 1923 si

101 1966 211 2048 aliona
243 1967 339 2032 unius
372 1966 500 2049 generis
527 1986 603 2050 pars
626 1972 658 2031 et
686 1966 797 2050 aliqua
823 1967 958 2032 alterius
980 1969 1109 2050 generis
1133 1985 1209 2051 pars

102 2075 215 2140 eadem
240 2081 368 2140 utuntur
391 2074 581 2149 differentia,
606 2081 714 2140 tamen
744 2074 808 2140 hae
831 2082 938 2159 partes
961 2075 1054 2160 ipsae
1078 2081 1209 2159 propter

102 2186 229 2271 generis
249 2185 471 2250 diversitatem
494 2184 624 2250 omnino
645 2183 801 2250 diversae
816 2185 913 2266 sunt),
942 2183 1154 2268 Anaxagoras
1177 2190 1209 2248 et

102 2293 313 2378 Empedocles
329 2312 393 2358 non
406 2298 493 2358 reete
508 2293 604 2357 simui
626 2312 698 2358 enm
709 2291 953 2358 Anaximandro
969 2312 1028 2358 nee
1052 2293 1084 2357 in
1098 2294 1209 2375 aliqua

103 2403 216 2485 prioris
249 2401 335 2466 illius
358 2408 417 2466 nee
445 2401 478 2466 in
506 2401 618 2484 aliqua
641 2401 829 2485 posterioris
857 2402 987 2484 generis
1015 2407 1108 2486 parte
1131 2401 1209 2486 poni

102 2517 249 2594 possunt3
273 2509 421 2592 quamvis
445 2511 530 2574 enim
546 2510 596 2575 illi
611 2530 683 2575 oum
695 2509 940 2575 Anaximandro
962 2511 1134 2575 iuratione
1155 2529 1208 2591 ge-

104 2618 263 2685 nerandae
285 2617 512 2702 multitudinis,
542 2620 573 2683 in
597 2619 776 2685 secretione
806 2620 1046 2697 contrariorum,
1074 2639 1208 2684 eonsen-
1268 2688 1270 2694 ,

103 2729 191 2812 tiant,
214 2736 322 2794 tamen
351 2729 432 2794 haee
463 2728 537 2812 ipsa
568 2727 802 2793 contrariorum
826 2729 963 2792 seoretio
995 2729 1025 2792 in
1055 2727 1205 2809 ,utrisque
1295 2780 1298 2788 .

103 2839 282 2904 necessario
304 2837 435 2903 diversa
456 2843 515 2918 est,
537 2829 725 2922 propterea,
761 2836 847 2918 quod
876 2836 1012 2902 alterius
1046 2836 1208 2902 sententia

103 2945 136 3010 iit
157 2967 174 3010 e
197 2945 360 3030 prinoipio
394 2965 468 3010 uno
492 2950 529 3009 et
551 2944 780 3027 simplioi⁴),
814 2945 985 3010 alterorum
1008 2951 1114 3009 autem
1139 2964 1208 3009 sen-

103 3054 201 3119 tentia
234 3074 280 3119 ex
310 3073 385 3119 uno
416 3074 462 3119 ex
494 3055 599 3138 ipsis
626 3055 838 3119 eontrariis
866 3054 999 3137 mixto,
1028 3075 1110 3137 quae
1137 3055 1206 3136 qui-

110 3264 304 3273 ———

200 3391 228 3460 1)
246 3391 328 3460 Phys.
346 3391 369 3460 1,
386 3393 412 3447 2.
433 3391 511 3445 reth
527 3393 559 3445 15
578 3409 619 3461 sq.
639 3391 701 3447 vid.
722 3409 806 3460 supra
825 3409 854 3460 p.
874 3393 934 3445 153.

143 3555 146 3560 ,
198 3488 225 3557 2)
245 3488 307 3542 Vid.
327 3502 412 3558 snpra
430 3490 500 3544 ibid.
520 3493 596 3558 etp.
618 3491 677 3544 158.

199 3586 225 3653 3)
244 3585 326 3654 Phys.
346 3586 412 3654 1‚2.
434 3586 506 3640 1841‘
523 3588 567 3639 18:
594 3589 636 3649 „si
660 3585 691 3638 di
711 3589 820 3644 πλείους
843 3582 902 3654 (τὰς
924 3580 1012 3654 ἀρχὰς
1031 3582 1206 3655 φάσκουσιν),

106 3672 121 3743 ἢ
147 3686 359 3753 πεπερασμένττς
384 3676 559 3752 ἢᾶπείρους,
587 3685 632 3735 καὶ
660 3687 685 3734 εἰ
713 3685 929 3754 πεπερασμένας
951 3683 1060 3738 πλείους
1081 3680 1113 3731 δὲ
1132 3681 1206 3751 μιᾶς,

106 3768 121 3840 ἢ
141 3770 187 3828 ddo
204 3771 220 3844 ἢ
237 3785 307 3848 τρεῖς
325 3771 343 3846 ἢ
361 3783 521 3850 τέτταρας
540 3819 547 3833 .
568 3821 574 3834 .
593 3819 609 3847 .,
634 3782 679 3831 καὶ
699 3781 723 3831 εἰ
743 3774 879 3847 ἀπείρους,
900 3770 914 3842 ἢ
936 3771 1020 3834 οὕτως
1038 3771 1132 3844 ὥσπερ
1152 3782 1205 3842 Λη-

106 3862 236 3939 μόκρττος,
256 3913 263 3926 .
283 3912 290 3927 .
309 3865 326 3940 ἢ
346 3875 392 3926 καὶ
410 3873 592 3932 ἒναντίας.“
630 3873 663 3925 In
675 3873 750 3926 hisee
768 3872 816 3940 qni
829 3871 933 3925 dieitur
944 3869 1086 3941 ιτέτταρας
1103 3867 1206 3942 ἀρχὰς’

106 3981 213 4036 ponere,
236 3973 335 4038 aperte
354 3972 396 4022 est
414 3969 609 4038 Empedocles,
628 3969 677 4037 qui
700 3965 841 4035 ’ἀπείρους
858 3972 904 4020 καὶ
924 3965 1069 4030 dramni,
1096 3971 1206 4023 Anaxa-

106 4079 182 4131 goras
199 4065 383 4138 intellegitur.
419 4066 501 4135 Phys.
512 4065 535 4132 Ι,
548 4067 573 4118 4.
596 4065 646 4119 187
660 4066 713 4117 521
733 4068 886 4134 utrumque
906 4064 946 4118 ait
965 4063 1000 4116 ἓν
1018 4067 1075 4116 καὶ
1093 4085 1116 4118 π
1128 4062 1205 4118 nitri

107 4175 213 4226 ponere.

197 4260 222 4324 4)
241 4258 306 4312 Vid.
325 4275 411 4326 supra
428 4275 456 4327 p.
478 4257 529 4320 153
548 4261 622 4326 etp.
646 4258 707 4311 158.

1001 4356 1035 4406 14
