2882 4902
604 405 638 459 37

59 583 172 660 potest,
210 578 242 642 si
276 577 436 644 infinitum
462 579 622 663 accipitur
654 580 887 644 extensione
918 579 1090 646 infinitum.
1135 582 1172 648 Si

58 686 128 768 quis
160 693 278 753 autem
307 686 409 766 dicat,
440 688 474 752 in
503 687 565 754 hac
590 687 864 754 demonstratione
892 688 1169 756 Anaximandrum

58 816 121 861 non
133 803 255 883 aperte
269 797 439 881 nominari,
461 796 575 864 eadem
596 799 759 864 sententia
774 796 850 863 inde
874 816 1000 881 quoque
1022 799 1170 881 efficitur,

59 907 144 988 quod
172 925 253 974 eum
279 907 398 973 scimus
425 906 585 972 infinitum
613 906 738 973 dixisse
764 925 874 974 omnes
902 927 954 974 res
975 909 1027 974 vel
1059 929 1169 978 omncs

45 1015 197 1089 ¹mundos
235 1017 381 1098 amplecti
416 1014 595 1100 (περιέχειν
634 1010 773 1099 ἅπαντα,
803 1023 838 1083 ut
866 1016 1069 1094 Aristoteles,
1100 1021 1171 1086 sive

59 1123 229 1208 περιέχειν
252 1121 377 1202 πάντας
397 1121 476 1202 τούς
497 1119 649 1208 κόσμους,
678 1132 713 1191 ut
734 1126 931 1212 Hippolytus
947 1121 1022 1210 ait);
1045 1129 1079 1194 in
1101 1129 1170 1211 qui-

59 1235 118 1304 bus
146 1237 262 1302 verbis
285 1234 502 1320 amplectendi
524 1235 715 1301 vocabulum
734 1254 799 1301 non
822 1235 862 1302 de
884 1237 1045 1322 amplexu,
1067 1245 1102 1304 ut
1121 1238 1167 1306 ita

60 1348 177 1432 dicam,
206 1347 414 1432 inteltepibili,
439 1347 706 1432 quemadmodum
729 1369 831 1433 genus
858 1350 1011 1434 amplecti
1032 1350 1170 1418 dicimus

62 1456 189 1540 specics
213 1457 280 1540 ipsi
303 1456 475 1535 subiectas,
498 1455 557 1524 sed
577 1455 617 1522 de
633 1457 784 1542 amplexu
806 1457 965 1539 vaporali
979 1458 1167 1544 intellegen-

63 1567 137 1631 dum
159 1587 246 1650 esse,
268 1569 315 1632 ita
334 1574 368 1632 ut
389 1565 477 1632 idem
496 1566 657 1650 significet
680 1573 776 1649 atque
797 1567 838 1632 ab
855 1567 1003 1633 omnibus
1022 1569 1191 1652 partibus

64 1677 194 1761 cingere
217 1685 314 1760 atque
330 1675 589 1760 circumcludere,
611 1676 647 1742 id
663 1683 750 1742 etex
765 1683 833 1742 tota
847 1677 1031 1744 Aristotelis
1048 1678 1090 1744 de
1107 1679 1169 1746 hac
1211 1729 1212 1732 ,

63 1807 96 1851 re
108 1786 333 1872 disputatione
352 1787 566 1870 cognoscitur,
589 1792 620 1852 et
643 1792 757 1871 postea
777 1807 818 1852 ex
838 1787 912 1872 ipsa
935 1787 1169 1855 Anaximandri

66 1883 213 1962 doctrina
227 1895 333 1980 magis
346 1895 446 1961 etiam
461 1895 593 1980 patebit.
614 1895 750 1980 Pariter,
773 1895 802 1961 si
820 1895 980 1961 infinitum
991 1917 1051 1963 nec
1063 1903 1167 1964 ortum

68 2023 211 2088 nuquam
235 2025 305 2072 esse
318 2025 378 2071 nec
391 2024 487 2090 posse
498 2005 659 2090 corrumpi
676 2025 714 2071 eo
730 2004 936 2081 demonstrat,
960 2005 1056 2089 quod,
1079 2007 1173 2091 quid·

68 2113 146 2196 quid
168 2115 323 2199 gignatur
344 2121 376 2180 et
395 2113 541 2190 intereat,
562 2113 847 2197 magnitudinis
869 2113 998 2180 initium
1019 2122 1052 2182 et
1072 2115 1168 2182 finem

67 2221 196 2307 habeat,
219 2223 379 2290 inlinitum
394 2230 502 2289 autem
523 2223 596 2289 finis
618 2224 749 2289 omnino
763 2243 878 2307 expers
894 2224 980 2303 sit¹)‚
1000 2224 1076 2291 hinc
1101 2246 1170 2292 rur-

69 2353 121 2400 sus
142 2319 245 2418 patet,
266 2333 427 2399 infinitum
441 2331 587 2416 intellegi
602 2331 646 2413 id,
668 2331 754 2415 quod
777 2332 1012 2398 extensione
1033 2334 1077 2399 sit
1099 2335 1168 2400 infi-

71 2443 179 2509 nitum.
223 2442 312 2509 Idem
323 2441 440 2508 deinde
456 2443 601 2525 sequitur
613 2461 654 2506 ex
676 2461 724 2521 eo,
746 2440 833 2524 quod
847 2442 1035 2509 Aristoteles
1058 2462 1170 2510 omnes

71 2589 106 2598 —
123 2554 158 2619 in
179 2554 231 2620 his
253 2559 362 2619 autem
384 2559 470 2618 certe
488 2550 726 2617 Anaximander
744 2558 996 2634 quoqneest-—,
1019 2554 1075 2635 qui
1098 2552 1169 2617 infi-

71 2664 169 2728 nitum
191 2661 354 2747 quoddam
375 2682 448 2729 esse
461 2660 630 2739 voluerint,
653 2660 714 2726 hac
733 2661 936 2745 potissimum
953 2663 1078 2727 ratione
1093 2681 1169 2730 usos

72 2791 141 2837 esse
163 2771 250 2852 dicit,
272 2771 360 2855 quod
382 2772 537 2854 cogitatio
555 2771 688 2854 quosvis
711 2770 946 2854 magnitudinis
967 2770 1048 2836 fines
1062 2778 1167 2837 trans·
1287 2781 1289 2787 ’

73 2879 241 2963 grediatur‚
274 2881 398 2965 hacque
434 2881 560 2947 ratione
597 2879 710 2946 ductos
744 2877 931 2958 credidisse,
971 2881 1075 2965 ipsam
1105 2881 1172 2945 vim

74 3007 255 3076 corpoream
289 2998 383 3056 extra
407 2988 560 3055 mundum
591 2989 718 3054 infinita
746 2987 969 3072 magnitudine
997 3008 1033 3054 se
1058 2994 1171 3054 exten·

75 3095 190 3180 dere¹).
227 3100 377 3182 Denique
398 3105 467 3164 tota
482 3097 665 3162 Aristotelis
687 3096 916 3181 disputatione,
939 3117 1004 3179 qua
1025 3104 1169 3164 veterum

74 3205 275 3291 physicorum
296 3206 337 3273 de
348 3206 474 3273 infinito
496 3207 665 3289 opiniones
684 3205 783 3272 refert
804 3212 837 3272 et
858 3205 986 3282 refellit,
1009 3206 1171 3272 infinitum

76 3313 112 3381 de
133 3318 259 3384 infinita
277 3318 465 3384 extensione
488 3315 687 3400 intellegitur
698 3319 732 3395 ³).

170 3425 251 3494 Cum
273 3435 380 3493 autem
403 3425 468 3492 duo
491 3425 565 3509 sint,
588 3427 621 3491 in
644 3425 761 3508 quibus
784 3421 911 3492 infinita
932 3427 1080 3493 extensio
1103 3446 1171 3493 cer·

78 3541 173 3620 natur,
196 3536 339 3622 spatium
354 3543 388 3602 et
402 3544 538 3620 tempus,
561 3535 804 3601 Anaximander
818 3536 933 3602 summi
946 3535 1101 3620 principii
1122 3537 1173 3601 in-

78 3641 226 3712 tinitatem
247 3646 295 3711 ita
316 3645 446 3731 proprie
469 3645 509 3710 de
540 3644 710 3710 infinita
735 3665 809 3728 per
830 3644 1009 3729 spatium
1031 3650 1172 3710 exten-

171 3902 196 3966 1)
217 3898 280 3953 Vid.
299 3915 385 3968 supra
401 3915 429 3967 p.
449 3898 482 3950 27
502 3902 531 3952 et
549 3899 593 3951 al.

170 3996 199 4067 2)
217 3993 280 4051 Vid.
300 4011 385 4065 supra
402 4011 430 4064 p.
449 3996 493 4048 33.

171 4091 199 4161 8)
217 4090 291 4147 Satis
309 4091 372 4160 erit,
398 4108 484 4146 unum
502 4091 629 4146 attulisse
647 4091 739 4146 locum
757 4091 838 4160 Phys.
858 4089 905 4144 ill.
925 4091 951 4144 4.
970 4090 1087 4143 20421:
1106 4083 1176 4159 „pri-

83 4187 150 4242 λιστα
182 4190 212 4244 δὲ
240 4191 359 4264 φυσικοῦ
386 4190 444 4244 ἐστὶ
475 4192 648 4259 σκέψασθαι,
681 4193 705 4242 sl
735 4190 791 4242 ἔστι
816 4191 972 4260 μέγεθος
1000 4181 1177 4251 αἰσθητὸν

83 4274 245 4357 datumst.
371 4289 373 4296 ’
