2882 4902
623 337 657 390 55

63 504 246 572 mixtione
281 507 398 590 reliqui
435 509 557 574 colores
586 509 778 590 oriantur¹);
817 517 913 592 atque
946 513 980 575 in
1010 511 1195 578 universum

63 614 282 681 mixtionem
304 637 368 682 nou
391 638 463 683 esse
492 618 555 682 nisi
587 618 860 703 contrariorum),
894 619 1063 703 ipsamque
1077 691 1080 698 ,
1093 621 1126 687 in
1156 641 1194 686 eo

65 724 278 807 consistere,
308 723 394 807 quod
427 727 588 791 contraria
615 726 774 792 elementa
805 727 840 792 iu
872 727 1026 794 mixtione
1049 729 1194 814 potentia

66 831 221 916 quidem
243 853 337 900 suam
357 833 547 916 qualitatem
568 834 637 900 sive
652 835 787 901 formam
804 837 975 918 retineant,
996 845 1070 904 aeta
1086 848 1193 904 autem

67 963 184 1008 unam
206 942 374 1026 quandam
392 943 533 1009 efficiant
555 964 631 1022 rem,
656 945 747 1011 euius
763 946 904 1028 qualitas
922 947 1006 1014 inter
1019 948 1193 1013 mixtorum

68 1053 323 1120 elementorum
345 1054 519 1137 qualitates
541 1053 650 1120 media
670 1055 840 1122 interiecta
862 1057 905 1122 sit
916 1058 949 1138 ⁸).

186 1162 282 1228 Haeo
304 1162 404 1246 igitur
425 1183 497 1229 eum
518 1163 702 1230 Aristotelis
737 1163 780 1230 sit
811 1164 851 1230 de
879 1165 1034 1232 mixtione
1068 1174 1195 1234 eontra·

71 1272 210 1340 riorum
232 1271 390 1350 doctrina,
424 1273 479 1338 vix
505 1271 575 1338 fieri
597 1278 711 1358 potest,
742 1280 778 1338 ut
800 1293 872 1338 earn
894 1274 936 1340 ad
958 1276 1193 1342 Anaximandri

70 1381 299 1466 principium,
321 1381 441 1466 quippe
461 1380 547 1464 quod
568 1382 665 1447 seiret
683 1401 754 1448 esse
770 1389 918 1448 naturam
932 1384 1093 1466 quandam
1111 1387 1194 1451 inter

72 1491 256 1558 contraria
273 1492 437 1582 elementa
453 1491 602 1565 mediam,
625 1510 689 1556 non
711 1491 906 1558 adhibuerit.
939 1492 1063 1572 Quodsi
1085 1483 1194 1561 autem

74 1601 282 1668 adhibuisse
305 1600 474 1666 statuimus
496 1607 528 1666 et
546 1600 642 1667 simul
664 1601 804 1684 priorem
822 1601 1073 1686 disputationem
1094 1606 1194 1689 respi-

17 1747 22 1754 ·
74 1712 205 1795 nimae,
239 1718 338 1777 totam
360 1711 543 1778 Aristotelis
575 1711 615 1776 de
643 1711 703 1777 hoe
733 1712 894 1796 prineipio
916 1713 1194 1781 ratiocinationem

76 1823 171 1888 hano
190 1822 260 1887 lere
280 1827 405 1907 oportet
427 1821 545 1887 fuisse:
566 1821 615 1904 „si
631 1820 760 1904 ponitur
777 1841 849 1888 esse
865 1823 1029 1904 quandam
1048 1830 1194 1890 naturam

77 1951 280 2016 corpoream
302 1931 343 1996 ab
361 1929 528 1996 elementis
543 1928 706 1996 diversam
720 1929 922 2014 mediamque
945 1931 1103 1998 interduo
1119 1953 1195 2000 eon·

79 2043 192 2106 traria
214 2041 376 2106 elementa
397 2040 609 2123 interieetam,
635 2060 695 2106 sua
714 2039 854 2122 quadam
875 2048 1016 2106 utentem
1038 2044 1195 2124 qualitate

80 2171 102 2215 a
125 2151 370 2216 contrariorum
393 2151 622 2216 elementorum
653 2149 865 2232 qualitatibus
893 2149 1032 2235 diversa,
1063 2172 1102 2218 ea
1131 2173 1195 2219 non

81 2267 207 2326 natura
231 2257 392 2343 quaedam
414 2259 562 2342 simplex,
597 2257 655 2324 sed
678 2259 790 2343 solum,
811 2260 1084 2327 elementorum
1105 2281 1195 2328 eon-

81 2370 304 2436 trariorum
336 2368 471 2434 mixtio
500 2387 596 2434 esse
618 2374 761 2452 potest3
794 2369 973 2435 sinautem
995 2390 1059 2436 non
1081 2390 1193 2438 eonne-

84 2477 188 2557 ditur,
211 2497 284 2543 earn
306 2497 378 2544 esse
399 2477 597 2560 mixtionem,
620 2476 678 2544 sed
700 2484 834 2560 tenetur,
858 2497 930 2544 esse
950 2485 1096 2545 naturam
1118 2480 1195 2545 sim·

85 2588 212 2672 plieem
236 2588 278 2652 ab
298 2587 466 2654 elementis
489 2587 661 2670 diversam,
694 2605 758 2652 non
780 2593 885 2671 potest
907 2608 968 2654 sua
994 2587 1133 2672 quadam
1155 2609 1195 2656 aa

84 2697 224 2782 propria
248 2696 294 2763 uti
324 2696 491 2779 qualitate,
523 2694 582 2762 sed
605 2715 677 2762 esse
708 2716 772 2762 non
798 2702 903 2780 potest
932 2696 996 2762 nisi
1029 2698 1195 2763 materia

87 2807 271 2890 qualibet
293 2805 489 2890 qualitate
512 2798 697 2870 definita
727 2825 889 2888 narens3
925 2811 1021 2888 atque
1043 2805 1119 2871 inde
1145 2827 1193 2872 se·

87 2917 209 2999 quitur,
245 2923 281 2982 ut
310 2916 401 2981 illam
428 2916 575 2981 naturam
603 2920 750 2999 oporteat
781 2933 853 2980 esse
883 2919 939 2979 aut
961 2914 1150 2980 mixtionem
1173 2935 1191 2982 e

93 3091 287 3098 -ῌ-

193 3173 220 3242 1)
238 3171 280 3227 m
302 3171 390 3227 sensu
414 3177 443 3228 a
471 3171 569 3227 sanan
596 3171 621 3224 a.
640 3169 716 3226 aaa
732 3172 778 3237 1⁹3
816 3169 938 3240 Metaph.
962 3153 1001 3238 x,
1021 3171 1045 3225 ι.
1064 3171 1195 3240 rosana

91 3269 291 3325 5.1056⁸26.

191 3365 222 3436 2)
241 3365 309 3420 (len.
337 3369 366 3420 et
387 3363 516 3434 Corrupt.
544 3363 566 3432 I,
587 3363 628 3417 10.
648 3365 721 3417 328⁸
734 3363 781 3418 31:
814 3359 954 3433 „pavcpdv
973 3353 1029 3432 οὗν,
1053 3357 1092 3416 ὅτι
1120 3363 1193 3416 ταῦτ’

92 3463 151 3516 ἐστὶ
168 3455 262 3534 μικτά,
281 3457 348 3515 ὅσα
366 3462 582 3518 ἐναντίωσιν
599 3461 674 3530 ἔχει
691 3461 758 3514 τῶν
775 3452 959 3513 τοιούτων·
983 3459 1065 3513 ταῦτα
1086 3455 1143 3530 γὰρ
1162 3459 1197 3524 δὴ

93 3554 139 3612 im’
158 3551 281 3626 ἀλλήλων
299 3557 358 3612 ἐστὶ
376 3550 541 3624 παθητικᾶ“.
1160 3611 1164 3618 ,

192 3655 222 3722 3)
240 3653 312 3708 Ibid.
332 3651 404 3708 32712
419 3653 465 3706 23:
498 3692 574 3722 „...
594 3650 735 3722 ἐνδέχεται
757 3647 790 3703 τὰ
809 3652 948 3721 μιχθέντα
975 3651 1046 3704 εἶναί
1068 3669 1126 3710 πως
1150 3654 1196 3703 καὶ

94 3746 133 3820 μὴ
157 3752 235 3814 εἶναι,
259 3751 424 3820 ἐνεργείᾳ
446 3749 513 3821 μὲν
535 3747 658 3817 ἑτέρου
685 3741 787 3806 ὄντος
806 3745 865 3799 τοῦ
882 3741 1072 3817 γεγονότος
1089 3747 1122 3806 ἐξ
1138 3744 1196 3801 οὐ·

95 3847 168 3916 τῶν,
187 3840 338 3918 δυνάμει
366 3847 406 3901 δέ
422 3846 593 3916 ἑκατέρου
611 3839 697 3913 ἅπερ
718 3835 806 3910 ἦσαν
823 3846 907 3912 πρὶν
928 3845 1120 3915 μιχθῆναι,
1140 3847 1198 3896 καὶ

97 3937 156 3996 οὐκ
173 3936 410 3996 ἀπολωλότα.“
446 3939 678 3998 mussabat:
715 3936 747 4008 „ti
767 3939 799 3992 δὲ
817 3940 889 4010 μίξις
907 3939 974 3993 τῶν
992 3939 1128 4010 μικτῶν
1146 3933 1197 3992 ἀλ-

96 4041 322 4095 λοιωθέντων
347 4038 498 4098 ἐ’νωσις“.
529 4039 662 4092 328229:
693 4030 869 4107 „pereminet
891 4035 947 4106 μὲν
964 4029 1093 4106 ἑκάτερον
1111 4038 1149 4095 εἰς
1166 4034 1197 4089 τὸ

99 4137 212 4206 κρατοῦν
229 4137 260 4190 ἐκ
278 4137 323 4203 τῆς
341 4132 424 4189 αὑτοῦ
444 4129 562 4206 φύσεως,
587 4129 619 4187 οὐ
640 4138 743 4204 γίνεται
771 4132 803 4186 δὲ
828 4127 954 4202 θάτερον,
983 4127 1051 4185 ἀλλὰ
1069 4130 1199 4204 μεταξὺ

98 4235 152 4284 καὶ
170 4227 318 4288 κοινόνα.
