2862 4910
766 389 819 446 ³02

245 567 338 650 tique
366 567 522 650 religione
545 565 615 631 Soli
637 567 689 630 vel
712 565 854 650 Apollini
885 585 950 630 non
973 565 1074 631 tribui
1097 572 1217 631 motum
1248 566 1345 630 circu·
1423 533 1425 590 ⁴

245 678 357 758 larem,
378 675 650 742 reminiscendum
671 681 729 758 est,
754 673 841 758 quod
869 682 966 742 antea
993 674 1204 758 ostendimus,
1226 674 1347 739 Aristo·
1424 731 1425 756 ,

246 786 341 850 telem
365 805 427 850 non
449 784 653 868 contendere,
687 785 849 850 sententia
882 785 940 848 illa
961 785 1094 866 antiqua
1115 783 1261 849 divinum
1282 782 1347 847 dioi
1424 767 1425 836 ἶ

251 896 295 976 id,
318 895 404 978 quod
425 902 528 961 motu
549 896 739 961 circulari
774 901 891 976 utatur,
923 913 1034 960 verum
1060 895 1104 977 id,
1134 893 1221 976 qnod
1243 901 1348 960 utatur

247 1013 345 1087 motu,
368 1007 433 1088 qui
458 1005 543 1088 ipse
567 1005 649 1071 line
671 1013 805 1071 cureat
822 1013 862 1069 et
884 1003 1346 1088 reliquosmotusfiniat.

245 1115 284 1180 Id
306 1121 413 1180 autern
443 1116 572 1180 omnino
606 1114 696 1179 cadit
727 1116 760 1180 in
791 1115 898 1180 Solem
932 1115 983 1178 vel
1008 1114 1197 1197 Apollinem,
1227 1115 1347 1199 qnippe

246 1226 302 1306 qni
326 1222 476 1290 credatur
497 1225 632 1307 perenni
656 1243 832 1289 succursu
857 1243 968 1289 omnes
991 1228 1023 1288 et
1045 1228 1224 1307 temporum
1246 1230 1348 1288 muta·

245 1333 352 1397 tiones
374 1339 407 1397 et
428 1331 552 1398 dierum
575 1333 785 1415 noctiumque
811 1332 1052 1398 vicissitudines
1080 1333 1225 1416 gignere,
1247 1351 1348 1415 eoque

246 1443 278 1505 in
300 1440 362 1506 boc
383 1441 504 1508 mundo
524 1442 666 1507 omnium
682 1462 787 1507 rerum
810 1447 843 1506 et
857 1447 945 1506 ortus
962 1447 994 1506 ct
1012 1440 1160 1506 interitus
1180 1441 1308 1508 efficere
1317 1440 1348 1520 ¹).

345 1549 413 1614 Iam
436 1548 536 1632 igitur
557 1549 689 1614 omnino
716 1548 844 1614 videtur
870 1548 1126 1615 demonstratum
1154 1569 1237 1631 esse,
1265 1550 1347 1615 bunc

244 1659 427 1724 Aristotelis
449 1660 552 1724 locum
567 1679 627 1724 neo
638 1661 801 1724 continere
814 1679 886 1724 eam
899 1660 1100 1736 sententiam,
1124 1678 1223 1741 quam
1234 1659 1349 1724 Teiob-

246 1771 415 1835 muellerus
441 1788 479 1834 eo
502 1775 597 1853 putat
618 1770 778 1834 contineri
805 1775 838 1833 et
858 1767 1094 1834 Anaximandri
1125 1788 1198 1833 esse
1222 1776 1349 1834 eonten-

245 1879 302 1954 dit,
326 1899 386 1944 nec
408 1878 537 1944 omnino
561 1877 603 1944 ad
627 1878 904 1944 Anaximandrum
927 1878 1039 1943 referri
1059 1898 1167 1962 posse.

345 1988 409 2054 Sed
433 1995 597 2053 aeternum
619 1987 854 2053 Anaximandri
876 1993 996 2053 motum
1022 2007 1093 2054 esse
1115 1987 1350 2053 motumcireu-

246 2098 357 2174 larem,
380 2117 443 2162 non
463 2098 567 2163 solum
582 2097 678 2162 nullis
693 2104 835 2162 veterum
848 2095 1042 2162 testimoniis
1054 2097 1218 2180 probatur,
1241 2117 1349 2163 verum
1424 2115 1425 2126 ¹

247 2209 342 2273 etiam
356 2227 414 2289 per
435 2226 469 2272 se
489 2207 619 2273 omnino
635 2206 850 2290 improbabile
873 2213 937 2283 est;
959 2205 993 2272 id
1005 2205 1092 2288 quod
1104 2211 1196 2290 patet
1216 2207 1351 2272 etribus

246 2316 387 2381 maxime
409 2314 599 2396 rationibus,
624 2333 706 2398 quas
730 2314 763 2379 iu
786 2314 964 2381 refutandis
986 2315 1237 2381 Teicbmuelleri
1258 2335 1352 2397 argn-

248 2425 368 2490 mentis
383 2427 445 2490 iam
460 2424 627 2508 tetigimus
641 2423 780 2508 quidem,
802 2425 1034 2490 accuratiorem
1047 2432 1154 2491 autem
1174 2445 1284 2491 earum
1297 2445 1352 2491 ex-

247 2534 466 2618 planationem
484 2534 516 2599 in
532 2533 617 2599 hunc
628 2534 736 2600 -loenm
749 2534 941 2600 remisimus.
966 2534 1075 2600 Prima
1087 2537 1169 2600 ratio
1182 2543 1241 2618 est,
1264 2533 1351 2618 quod

246 2664 357 2711 omnes
390 2645 586 2726 antiquiores
611 2641 738 2727 physici
761 2641 890 2726 Graeci,
924 2663 1003 2726 quos
1035 2650 1124 2710 certo
1157 2646 1278 2710 seimus
1309 2643 1351 2709 ud
1423 2721 1424 2736 2

247 2752 465 2836 generandum
494 2752 647 2818 mundum
676 2758 763 2818 mota
791 2752 952 2835 circulari,
972 2753 1138 2836 vortice,
1166 2773 1241 2819 usos
1268 2773 1352 2834 esse,
1423 2765 1424 2842 j

245 2862 330 2928 huuc
353 2882 414 2927 non
438 2868 603 2927 aeternnm
626 2867 758 2946 ponunt,
782 2860 841 2926 sed
865 2869 921 2928 aut
943 2883 961 2928 e
982 2867 1070 2928 motu
1087 2861 1226 2946 quodam
1243 2865 1352 2947 priore
1423 2879 1424 2900 ¹

244 2977 302 3037 aut
324 2991 363 3035 ex
397 2971 470 3035 aliis
493 2972 617 3036 caussis
646 2969 913 3036 antecedentibus
939 2971 1063 3036 faciunt
1089 2973 1252 3036 orientem.
1300 2972 1353 3036 Sic

245 3081 459 3162 Democritus,
480 3084 516 3144 ut
540 3085 637 3144 antea
658 3081 874 3162 nonruimus2),
895 3079 1061 3162 vorticem,
1083 3100 1146 3164 quo
1159 3079 1243 3145 effici
1257 3087 1353 3162 putat

245 3187 409 3268 mundum,
439 3208 460 3253 a
481 3207 639 3253 concursu
660 3195 692 3254 et
715 3207 906 3272 repercussu
928 3196 1106 3255 atomorum
1129 3195 1244 3273 suopte
1265 3209 1353 3272 pon—

245 3297 321 3362 dere
356 3296 485 3362 diversa
516 3297 683 3362 celeritate
717 3295 936 3364 decidentium
970 3300 1101 3383 repetit;
1138 3299 1352 3380 Anaxagoras

245 3406 486 3471 conversionem
508 3405 681 3470 rotundam
703 3406 737 3469 iu
761 3406 1067 3472 homoeomeriarum
1078 3406 1235 3472 mixtione
1258 3413 1353 3490 putat

245 3599 443 3606 ———·——

245 3712 388 3766 aiensibus
412 3713 534 3782 patrium
555 3713 648 3768 luisse.
686 3714 746 3768 Iam
764 3732 831 3769 vero
849 3716 1009 3785 Apollinem
1030 3715 1141 3784 quidem
1160 3717 1271 3784 scimus,
1301 3737 1353 3774 nuc

244 3826 312 3862 vero
331 3808 421 3864 Solem
443 3810 479 3864 ab
497 3808 715 3865 Atheniensibus
732 3812 857 3881 patrium
876 3812 1004 3867 habitum
1022 3830 1088 3867 esse.
1126 3813 1204 3884 Ergo
1222 3814 1268 3868 hic
1287 3817 1353 3870 Ari·

245 3906 354 3959 stotolis
373 3907 450 3960 locus
469 3907 580 3962 videtur
595 3913 761 3978 argumento
780 3925 846 3977 esse,
865 3908 1027 3977 Apollinem
1055 3909 1147 3978 prims
1166 3927 1216 3963 sno
1234 3911 1352 3964 notione

245 4021 261 4056 a
281 4002 352 4056 Solis
370 4004 485 4057 numine
504 4021 560 4058 non
578 4003 720 4059 diversum
739 4023 805 4058 esse.

347 4102 373 4167 l)
390 4099 430 4154 Oi.
448 4100 483 4154 de
502 4101 555 4155 hac
573 4119 612 4168 re,
640 4119 674 4155 ne
693 4102 820 4172 longiore
839 4101 1030 4171 disputatione
1048 4120 1118 4172 opus
1141 4103 1187 4170 sit,
1213 4103 1353 4164 Gerhard

247 4195 356 4250 Grieob.
375 4195 491 4264 Mythol.
511 4197 533 4266 l,
550 4197 566 4267 §
586 4197 647 4252 308.
1422 4203 1423 4212 ’

346 4295 371 4358 2)
391 4293 462 4347 Vide
483 4312 567 4363 supra
587 4314 615 4364 p.
634 4295 694 4349 287.
