2882 4902
271 546 352 615 tium
372 547 406 614 in
430 567 469 614 eo
490 546 637 614 videatur
658 547 798 632 positum
821 567 902 630 esse,
924 546 1012 631 quod
1033 567 1133 631 mens,
1155 546 1252 630 vagis
1272 545 1364 631 phan-

270 657 376 723 tasiae
403 656 601 742 imaginibus
628 656 775 740 omissis,
804 663 974 724 accuratas
996 675 1103 721 rerum
1123 655 1272 722 notiones
1301 676 1365 722 con·

272 766 380 851 cipere
401 773 497 849 atque
518 766 715 842 examinare,
749 765 864 850 hisque
892 765 1027 832 ducibus
1058 765 1200 831 naturali
1233 764 1365 847 quadan

272 873 452 942 disserendi
475 875 628 942 facultate
650 896 756 942 rerum
778 881 926 943 naturam
958 875 1199 960 cogitatione
1228 893 1365 960 compre·

273 983 413 1050 hendere
444 984 589 1068 incipiat.
632 985 670 1049 ln
691 984 877 1051 universum
905 990 1013 1050 autern
1040 985 1069 1050 is
1091 984 1191 1060 locus,
1224 985 1281 1068 qni
1303 1003 1364 1050 ver-

272 1101 361 1159 satur
383 1093 418 1158 in
440 1094 638 1177 quaestione,
661 1093 740 1176 quid
762 1093 805 1159 ad
819 1114 979 1178 quamque
994 1093 1219 1178 philosophiae
1233 1100 1363 1158 aetatem
1420 1149 1421 1168 ,

273 1203 546 1269 accommodatum
571 1203 623 1286 sit,
645 1222 703 1287 per
724 1223 759 1269 se
781 1203 878 1285 solus,
899 1208 935 1268 ut
957 1203 1022 1268 alio
1038 1202 1108 1270 loco
1130 1203 1196 1268 iam
1219 1201 1362 1280 diximus,

272 1310 446 1378 admodum
467 1312 609 1378 lubricus
632 1320 664 1379 et
685 1312 826 1379 incertus
847 1319 911 1394 est3
949 1311 1119 1396 siquidem,
1141 1331 1224 1396 quae
1246 1328 1363 1394 quaque

271 1429 378 1487 aetate
411 1421 636 1506 philosophiae
668 1420 816 1488 condicio
851 1423 903 1505 sit,
938 1422 1002 1488 nisi
1036 1422 1176 1488 incertas
1203 1421 1362 1504 opiniones

273 1531 366 1614 sequi
387 1533 547 1615 volemus,
575 1531 731 1599 historiae
752 1531 947 1598 testimoniis
971 1530 1241 1616 cognoscendum,
1270 1547 1362 1611 neque
1421 1543 1422 1560 ¹

271 1649 379 1707 autem
392 1641 462 1707 sine
476 1641 527 1707 his
540 1641 580 1706 ob
596 1642 764 1725 generales
776 1640 934 1724 quasdam
949 1643 1090 1706 rationes
1104 1639 1295 1707 sumendum
1313 1645 1361 1702 est.

371 1753 401 1816 4.
429 1751 604 1833 Postquam
634 1750 674 1817 de
695 1751 889 1832 rationibus,
918 1751 1034 1834 quibus
1056 1758 1230 1817 commotus
1252 1747 1361 1814 Anaxi·

274 1859 408 1926 mandor
430 1881 587 1926 summum
610 1881 716 1926 rerum
738 1860 934 1945 principium
962 1860 995 1925 iu
1022 1879 1061 1926 eo
1089 1860 1259 1944 posuisset,
1288 1854 1362 1939 qood

274 1977 360 2036 esset
380 1969 557 2050 inlinitum,
591 1971 773 2056 expositum
792 1976 850 2053 cst,
881 1970 946 2034 iam
974 1970 1015 2036 de
1037 1970 1108 2054 ipso
1141 1967 1265 2034 infinito
1293 1986 1362 2049 qna·
1422 1955 1423 1972 ¹

274 2078 407 2145 rendum
434 2089 496 2156 est,
520 2079 615 2162 quale
646 2086 751 2145 mente
781 2079 984 2144 informatum
1006 2078 1164 2146 habuerit
1209 2075 1360 2143 Dividitur

272 2194 379 2255 autem
402 2188 456 2254 hic
482 2189 572 2256 loeus
603 2190 637 2254 in
666 2188 747 2254 duas
777 2190 992 2271 quaestiones.
1037 2187 1120 2254 Cum
1149 2187 1236 2254 enim
1257 2183 1362 2252 infiniti

274 2299 364 2364 notio
386 2298 516 2364 omnino
538 2299 572 2363 in
594 2317 712 2382 genere
734 2297 925 2382 quantitatis
947 2297 1033 2379 sit1),
1056 2295 1138 2363 haec
1159 2303 1266 2362 autem
1284 2301 1313 2359 et
1332 2293 1361 2357 in
1423 2339 1424 2344 .

275 2405 498 2490 magnitudine
529 2406 742 2486 extensionis,
772 2407 840 2474 sive
868 2407 966 2491 spatii
988 2405 1057 2472 sive
1083 2406 1251 2491 temporis,
1279 2410 1307 2469 et
1331 2401 1360 2465 in

276 2515 498 2600 magnitudine
519 2518 644 2582 numeri
666 2521 698 2581 et
718 2516 752 2581 in
775 2513 996 2599 magnitudine
1011 2515 1128 2580 virium
1143 2515 1213 2581 sivo
1234 2512 1361 2580 efficien-

273 2627 339 2690 tiae
365 2625 555 2710 cernatur2),
578 2626 717 2710 primum
728 2625 981 2708 quaeritur,qna
995 2625 1120 2692 ratione
1136 2620 1361 2690 Anaximander

273 2733 435 2801 infinitum
470 2735 674 2802 intellexerit.
724 2739 828 2817 Atque
858 2733 899 2800 de
931 2734 992 2800 hac
1025 2734 1155 2816 quidem
1187 2733 1361 2818 quaestione

274 2850 421 2929 apertum
448 2853 510 2924 est,
534 2843 810 2910 Anaximandrum
839 2842 1000 2908 infinitum
1022 2843 1162 2927 primum
1183 2863 1224 2908 ac
1245 2839 1360 2927 proprio

272 2955 402 3018 omnino
422 2953 623 3019 intellexisse
635 2953 675 3018 de
696 2952 823 3018 infinita
836 2953 1031 3035 extensione,
1054 2972 1102 3036 ea,
1126 2971 1209 3034 quae
1232 2952 1360 3018 cernitur

272 3062 308 3128 in
329 3062 444 3146 spatio.
488 3062 528 3127 Id
560 3062 646 3128 enim
679 3063 816 3146 primum
845 3061 990 3144 sequitur
1020 3081 1062 3126 ex
1083 3061 1278 3144 sanatione,
1308 3078 1361 3142 qua

273 3171 315 3237 ab
337 3191 384 3251 co,
413 3192 570 3238 summum
598 3193 703 3239 rernm
731 3172 927 3256 principium
956 3190 1027 3238 esse
1047 3171 1221 3254 infinitum,
1243 3166 1357 3254 probari

276 3278 426 3347 vidimus.
460 3282 608 3364 Namque
631 3282 659 3346 si
676 3280 824 3364 ostendit,
847 3300 1004 3346 summum
1020 3279 1217 3365 principium
1232 3299 1302 3347 esse
1321 3279 1359 3342 in-

274 3388 409 3473 finitum,
442 3389 600 3474 huiusque
626 3390 674 3455 rei
701 3397 925 3473 argumentum
954 3388 1071 3468 adfert,
1106 3389 1193 3472 quod
1215 3390 1359 3456 infinitum

276 3499 382 3564 solum
414 3519 478 3565 non
500 3499 604 3584 possit
637 3499 672 3565 in
700 3498 844 3565 subiecto
864 3519 948 3577 esse,
972 3519 993 3564 a
1014 3518 1076 3582 quo
1099 3498 1361 3568 circumcludatur,

272 3641 312 3651 -
340 3599 392 3690 εἴη
418 3601 477 3690 γὰρ
505 3599 545 3670 dv
576 3597 680 3671 anicet
708 3605 811 3691 πέρας
840 3609 924 3691 —⁸),
964 3606 998 3672 id
1025 3607 1072 3672 ita
1100 3609 1202 3673 solum
1232 3602 1361 3688 intellegi

375 3791 401 3862 l)
420 3794 537 3847 Aristot.
556 3792 637 3863 Phys.
656 3793 678 3860 Ι,
697 3793 721 3846 2.
744 3792 818 3847 185·
832 3794 878 3847 33:
916 3790 963 3863 „td
980 3790 1034 3863 γὰρ
1045 3788 1160 3863 ἄπειρον
1178 3794 1209 3848 ἐν
1226 3793 1264 3847 τῶ
1281 3787 1357 3858 ποσῷ,

272 3887 371 3946 οὐσίαν
385 3892 417 3946 dl
430 3885 545 3963 ἄπειρον
564 3892 632 3946 εἶναι
656 3885 672 3957 ἢ
691 3885 821 3958 ποιότητα
841 3884 856 3958 ἢ
875 3885 967 3950 πάθος
985 3885 1034 3944 οὐκ
1052 3889 1191 3960 ἐνδέχεται
1211 3891 1236 3942 εἰ
1253 3884 1292 3962 μὴ
1307 3901 1362 3938 κατα

272 3983 453 4062 συμβεβηκός,
472 3991 495 4042 sl
512 3985 571 4060 ἅμα
590 3991 636 4042 καὶ
654 3985 729 4042 ποσὰ
748 3982 813 4041 ἅττα
832 3987 905 4042 alar·
929 3985 944 4040 ὁ
963 3984 1015 4057 γὰρ
1036 3984 1084 4039 τοῦ
1101 3982 1216 4056 ἀπείρου
1234 3979 1312 4054 λόγος
1327 3979 1356 4048 τῷ

271 4085 352 4154 ποσῷ
369 4085 548 4156 προσχρῆται.
558 4086 575 4116 “

372 4183 399 4252 2)
417 4181 456 4236 cl.
478 4182 596 4237 Aristot.
617 4182 745 4252 Cetegor.
764 4197 787 4236 o.
804 4182 830 4234 6.
850 4179 973 4250 Metaph.
994 4179 1026 4248 V,
1045 4181 1121 4250 eia.

373 4278 402 4349 3)
420 4278 482 4334 vid.
502 4295 586 4348 supra
603 4296 630 4348 p.
650 4279 685 4332 26
704 4283 733 4333 et
752 4281 794 4332 31.
