2882 4902
794 375 828 428 58

263 546 433 612 trariorum
455 545 525 611 lieri
550 546 657 627 velint,
689 563 832 627 ergoque
854 543 1083 625 differentiam,
1117 564 1182 626 qua
1216 543 1299 610 inter
1323 561 1353 606 se

263 661 473 741 opponantur,
503 657 537 720 in
559 656 662 738 ipsius
691 654 844 737 principii
866 659 981 719 natura
1004 652 1103 736 pouit.
1148 651 1267 730 Quare,
1289 672 1352 718 cum

165 805 170 817 ·
263 763 471 850 Empedoclis
492 771 525 831 et
538 765 752 846 Anaxagorae
775 762 968 846 principium
992 783 1090 828 unum
1113 768 1145 828 et
1166 763 1267 828 multa
1289 781 1353 826 esse

263 875 360 950 dicat,
394 873 546 956 sequitur,
578 879 613 940 ut
638 871 873 938 Anaximandri
903 871 1094 956 principium
1119 891 1183 936 non
1207 875 1354 936 unumst

264 985 384 1049 multa
406 980 473 1048 sed
496 1003 607 1048 unum
630 983 751 1047 solum
773 1000 845 1046 esse
860 986 1005 1057 censeat;
1028 987 1126 1063 atque
1147 982 1193 1046 ita
1212 979 1253 1048 de
1275 987 1352 1046 utro·

264 1112 397 1175 rumque
419 1092 586 1176 principiis
610 1093 752 1158 sentiens
775 1089 860 1156 hunc
882 1087 938 1172 „da
958 1089 1017 1154 τοῦ
1033 1083 1138 1171 sulp,
1161 1091 1232 1155 illos
1253 1096 1352 1156 autom

266 1199 321 1284 „e’a
343 1202 402 1267 τοῦ
416 1198 594 1283 polypum&
617 1201 732 1283 (μῖγμα
752 1200 836 1265 enim
851 1205 900 1265 esi
911 1198 1069 1281 quaedam
1084 1195 1352 1274 moliviciorum)

264 1312 388 1394 reliqua
407 1330 575 1377 secernere
597 1309 687 1375 dicit.
731 1309 767 1374 Si
789 1309 862 1391 quis
884 1315 992 1375 aulem
1014 1307 1144 1388 dixerit,
1166 1309 1241 1373 huic
1261 1307 1351 1389 expli-

265 1419 386 1486 cationi
408 1419 538 1486 obstare
567 1421 599 1484 in
621 1420 797 1486 sententia:
832 1413 890 1502 „ia
919 1419 979 1482 τοῦ
1000 1415 1160 1500 μίγματος
1181 1414 1240 1500 γὰρ
1263 1413 1352 1495 κτλ.“,

266 1527 366 1594 verba
388 1526 461 1612 „aod
482 1517 605 1610 citor,
635 1528 754 1612 quibus
782 1527 951 1610 indicetur,
973 1527 1204 1612 Empedoclem
1225 1532 1257 1592 et
1276 1526 1351 1592 Ana

265 1658 419 1722 xagoram
443 1638 577 1721 adiungi
598 1638 657 1703 alii
679 1637 807 1704 cuidam
822 1673 861 1684 -
881 1639 909 1702 is
931 1645 1040 1703 autem
1062 1642 1111 1702 est
1122 1633 1352 1702 Anaximander

268 1782 305 1792 —
329 1747 385 1830 qui
406 1746 491 1814 idem
519 1749 645 1829 sentiat,
671 1748 861 1831 respondeo,
893 1747 992 1814 verba
1017 1744 1092 1830 „acl
1114 1727 1231 1810 οὗτοι(ι
1252 1743 1350 1810 admo

266 1856 343 1922 dum
366 1865 517 1942 suspecta
538 1857 650 1923 videri.
694 1857 841 1940 Namque
863 1862 896 1922 ct
918 1855 1034 1922 desunt
1062 1855 1095 1920 in
1118 1853 1197 1922 cod.
1222 1854 1248 1918 F
1269 1872 1349 1937 prae·
1417 1853 1418 1900 ἶ

254 1972 419 2048 torosque
442 1966 475 2030 in
491 1964 615 2032 duabus
637 1965 863 2032 vetustissimis
886 1963 1090 2031 versionibus
1104 1962 1226 2045 latinis,
1248 1965 1350 2028 inver-

267 2077 357 2141 sione
378 2074 619 2159 Argyropyli¹),
641 2081 674 2142 et
695 2094 735 2142 ea
757 2094 821 2157 qua
845 2093 922 2140 usus
943 2080 994 2140 est
1016 2072 1157 2140 Thomas
1174 2070 1350 2155 Aquinum),

266 2189 299 2250 et
320 2203 434 2268 parum
467 2184 661 2251 conveniunt
692 2205 764 2251 cum
796 2191 910 2269 aperta
939 2184 1004 2250 loci
1034 2184 1202 2250 sententia.
1255 2181 1350 2260 Quare

267 2294 396 2360 omnino
430 2296 497 2360 veri
529 2293 635 2360 simile
657 2299 715 2372 cst,
751 2313 791 2360 ea
821 2314 841 2360 a
871 2292 1021 2377 quodam,
1051 2293 1108 2375 qui
1131 2289 1351 2358 Anaximandri

267 2405 426 2471 rationem
456 2423 520 2469 non
552 2403 631 2469 satis
659 2404 866 2488 perspiceret,
900 2402 1011 2468 addita
1042 2421 1123 2468 esse.
1168 2400 1227 2468 Sin
1256 2408 1351 2468 autem

266 2514 408 2596 genuina
438 2533 510 2579 esse
532 2513 707 2597 putaveris,
741 2519 826 2580 certe
855 2534 919 2579 non
941 2512 984 2579 ad
1020 2509 1077 2596 „e‘a
1095 2510 1154 2576 τοῦ
1176 2507 1352 2594 μίγματοςιι,

266 2642 376 2689 verum
388 2621 431 2688 ad
445 2618 668 2706 ,,ἒκκρίνουσι“
680 2623 852 2690 referenda
864 2628 965 2702 eruut,
983 2622 1135 2705 quoniam
1149 2619 1352 2704 Empedocles

265 2739 297 2797 et
317 2730 528 2815 Anaxagoras
551 2751 589 2798 ea
612 2733 715 2798 solum
738 2731 862 2798 ratione
885 2752 957 2798 cum
971 2728 1212 2796 Anaximandro
1234 2746 1349 2809 compa·
1417 2711 1418 2718 ἵ

266 2846 386 2920 rantur,
409 2841 494 2923 quod
516 2861 567 2909 res
590 2843 736 2924 singulas
758 2861 798 2908 ex
821 2841 982 2925 principio
1005 2840 1239 2906 contrariorum
1259 2853 1350 2902 secre-

266 2951 354 3015 tione
374 2951 523 3033 generari
538 2958 691 3018 statuant.
733 2952 906 3018 Praeterea
924 2957 1034 3020 autem
1047 2969 1159 3030 nexus,
1186 2967 1250 3030 quo
1264 2943 1351 3012 verba

267 3052 320 3140 „oi
342 3056 407 3124 δ’ἐκ
428 3060 488 3125 τοῦ
503 3054 575 3136 ἑνὸς
595 3059 683 3126 κτλ.“
709 3081 780 3126 cum
796 3057 1003 3144 praecedenti
1013 3057 1077 3125 loci
1089 3065 1182 3141 parte
1194 3056 1351 3124 coniuncta

268 3174 351 3247 sunt,
375 3169 504 3235 omnino
516 3168 745 3252 demonstrant,
763 3170 944 3235 Aristotelis
958 3168 1119 3235 sententia
1128 3160 1350 3234 Anaximandri

267 3276 463 3362 principium
488 3285 635 3345 naturam
653 3278 817 3363 quandam
832 3299 929 3345 umam
952 3299 990 3344 ac
1006 3278 1187 3362 simplicem
1210 3295 1290 3342 esses
1309 3272 1351 3337 De

268 3404 332 3467 qua
353 3406 387 3452 re
416 3389 509 3471 plura
540 3388 647 3456 dicere
670 3391 791 3468 omitto,
825 3390 976 3472 qnoniam
997 3395 1110 3472 postea
1142 3387 1182 3453 de
1215 3391 1280 3452 toto
1300 3383 1352 3448 hoc

267 3495 348 3574 loco,
382 3498 502 3582 quippe
522 3500 578 3581 qui
600 3499 633 3563 in
661 3501 850 3582 quaestione
883 3499 925 3564 dc
945 3496 1179 3563 Anaximandri
1207 3495 1351 3580 principio

267 3604 409 3670 omnium
431 3607 526 3691 longe
549 3608 761 3692 gravissimus
784 3609 836 3690 sit,
859 3608 1035 3692 separatim
1057 3605 1219 3690 agendum
1239 3607 1304 3672 crit.

366 3714 527 3798 Apparuit
537 3717 644 3800 igitur,
666 3718 787 3782 nullam
811 3737 882 3783 esse
905 3737 965 3783 neo
979 3715 1165 3782 Aristotelis
1188 3713 1351 3780 necTheo-

268 3821 392 3905 phrasti
414 3825 529 3905 locum,
552 3846 615 3908 quo
637 3827 767 3911 probari
789 3829 900 3909 possit,
922 3825 1156 3892 Anaximandri
1171 3824 1353 3909 principium

369 4076 395 4146 1)
413 4078 607 4147 Argyropylus
625 4077 665 4133 sic
682 4077 784 4132 vertit:
817 4094 869 4139 „ex
896 4077 957 4145 ipsa
976 4093 1097 4144 namque
1120 4074 1251 4145 congerie
1273 4078 1355 4130 cnara

269 4173 445 4246 segregandi

369 4271 398 4342 2)
416 4270 514 4326 Versio
533 4271 600 4326 haec
618 4275 673 4326 est:
692 4289 746 4340 „ex
765 4270 957 4326 commistione
976 4287 1097 4339 namque
1115 4272 1266 4340 segregant
1283 4266 1353 4322 alia“
