2850 4904
658 327 661 336 ⁴
743 349 794 403 194

221 525 350 590 nioncm
373 523 402 589 si
429 522 636 604 adhibemus,
673 523 730 588 illa
752 522 992 608 adsumptione:
1027 521 1327 588 ‘Anaximandrum

222 639 328 699 autem
350 632 541 711 Aristoteles
563 637 662 714 negat
683 631 934 698 condensatione
957 637 989 698 et
1017 633 1233 697 rareiaetione
1254 623 1328 710 nti',

222 741 303 808 haec
325 743 507 807 continetur
519 742 694 807 sententia:
716 734 856 806 ‘nullum
880 747 987 807 autem
1010 739 1190 825 physicum,
1213 741 1273 824 qui
1296 741 1327 805 id

226 851 313 934 quod
338 859 387 918 est
410 871 506 917 unum
529 871 645 934 corpus
669 850 793 917 infinite
816 850 936 916 dietum
959 857 1068 933 ponat,
1090 849 1171 916 dicit
1192 850 1255 916 hac
1278 869 1327 932 ge·

144 964 147 972 '
222 962 397 1027 notationis
420 961 524 1026 forma
545 949 617 1025 uti’.
649 960 741 1025 Haec
763 979 840 1026 vero
863 959 1026 1025 sententia
1051 961 1180 1024 omnino
1203 965 1328 1042 pugnat

223 1090 295 1136 cnm
320 1091 369 1149 co,
391 1069 682 1152 quodAristoteles
705 1069 746 1135 de
769 1069 933 1151 aliquibus
953 1067 988 1134 id
1003 1067 1098 1151 qnod
1114 1074 1163 1134 est
1184 1075 1216 1134 et
1229 1089 1327 1133 unum

223 1188 254 1245 et
277 1199 394 1263 corpus
426 1179 622 1263 ponentibus
654 1179 866 1244 communiter
899 1176 1077 1260 praedicat.
1122 1179 1227 1261 Atque
1251 1177 1326 1242 inde

223 1291 379 1372 sequitur,
401 1295 436 1352 ut
459 1289 647 1353 Aristoteles
670 1287 949 1353 Anaximandrum
961 1306 1025 1352 nou
1041 1287 1128 1353 dicat
1150 1306 1221 1352 eum
1245 1307 1326 1366 esse,

223 1399 278 1482 qui
301 1395 336 1463 id
358 1395 445 1480 quod
468 1403 517 1462 est
539 1417 636 1462 unum
658 1416 773 1481 corpus
796 1395 1053 1462 infinitedictum
1076 1403 1185 1480 ponat.
1229 1396 1326 1460 Nam-

217 1525 297 1590 que,
324 1543 359 1552 -
382 1513 417 1571 ut
440 1525 551 1571 rursus
580 1505 696 1571 iisdem
720 1505 880 1590 Simplicii
910 1507 1016 1572 verbis
1039 1511 1176 1587 utamur,
1210 1506 1326 1587 quibus

224 1617 252 1680 is
279 1615 590 1697 argumentationem
614 1612 751 1679 absolvit
775 1649 813 1660 -
837 1615 866 1679 si
901 1612 993 1696 hunc,
1027 1614 1087 1680 hac
1109 1615 1324 1698 generationis

224 1724 327 1789 forma
349 1743 413 1788 non
436 1729 587 1806 utentem,
622 1723 776 1788 voluisset
806 1741 878 1789 eum
900 1743 980 1804 esse,
1014 1725 1068 1806 qui
1098 1723 1131 1789 id
1162 1722 1250 1806 quod
1279 1730 1327 1786 est

224 1853 320 1899 unum
353 1851 469 1916 corpus
500 1831 623 1898 infinite
646 1832 767 1898 dictum
790 1840 932 1915 poneret,
966 1833 1022 1915 qui
1052 1832 1212 1915 potuisset
1245 1831 1325 1896 hano

223 1942 439 2025 generationis
473 1941 606 2006 formam
640 1941 850 2007 communiter
882 1941 1071 2025 praedicare
1100 1941 1141 2007 de
1169 1941 1325 2023 aliquibus

223 2050 318 2130 (haee
343 2050 429 2116 enim
461 2070 570 2115 rursus
602 2051 701 2116 verba
733 2071 751 2115 e
778 2053 995 2134 propositione
1026 2049 1208 2134 supplenda
1238 2053 1326 2126 sunt)

135 2155 142 2174 '
224 2167 257 2226 61
278 2179 377 2225 unum
401 2165 432 2224 61
463 2179 580 2242 corpus
603 2159 820 2242 ponentibus?
854 2159 968 2241 Itaque
1001 2159 1062 2226 hac
1085 2179 1211 2242 quoque
1234 2177 1324 2241 argu-

224 2271 419 2334 mentatione
443 2266 616 2351 Porphyrii
649 2270 807 2334 sententia
830 2287 961 2350 prorsus
984 2268 1149 2351 refellitur,
1182 2266 1324 2349 haecque

225 2385 256 2443 61
278 2378 346 2443 6616
370 2379 498 2442 omnino
520 2396 554 2442 se
577 2377 720 2460 applicat
754 2376 796 2442 ad
826 2376 932 2461 ipsam
954 2377 1127 2462 Porphyrii
1148 2376 1324 2442 sententiae

224 2488 382 2552 rationem
406 2485 515 2564 (huius
538 2487 621 2551 enim
645 2488 803 2551 sententia
825 2485 881 2550 illa
900 2487 1117 2568 generationis
1139 2487 1240 2551 forma
1261 2503 1325 2548 non

224 2597 264 2662 de
287 2595 430 2680 physicis
464 2600 496 2660 61
519 2615 614 2660 unum
638 2603 670 2660 61
697 2615 813 2678 corpus
837 2594 960 2660 infinite
984 2594 1103 2660 dictum
1126 2593 1325 2679 ponentibus,

224 2705 282 2772 sed
306 2705 347 2771 de
370 2703 511 2790 physicis
535 2711 567 2770 61
588 2724 686 2770 unum
708 2712 740 2770 61
761 2725 877 2789 eorpus
901 2703 1064 2786 quoddam
1087 2703 1246 2770 definitum
1266 2721 1324 2785 po-

224 2815 374 2880 nentibus
405 2814 615 2880 communiter
644 2814 871 2898 praedicatur),
906 2822 938 2879 61
971 2815 1041 2879 6616
1073 2833 1145 2879 cum
1180 2814 1323 2878 universa

224 2923 384 3007 Simplicii
406 2923 567 2988 sententia
590 2926 756 2989 consentit.
801 2924 907 3007 Atque
928 2923 1009 2989 haec
1031 2923 1072 2988 de
1095 2923 1167 2989 loco
1187 2921 1228 2987 ad
1248 2921 1320 2984 Por-

225 3031 373 3116 phyrium
395 3031 569 3115 pertinenti
590 3032 739 3099 videntur
761 3035 839 3098 satis
866 3052 947 3098 6666.

323 3140 497 3222 Postquam
520 3139 706 3222 Simplicius
740 3140 844 3223 prima
874 3147 906 3206 et
928 3139 1071 3207 secunda
1098 3139 1321 3226 disputationis

225 3255 316 3333 parte
339 3251 506 3332 quaesivit,
528 3249 585 3330 qui
608 3247 737 3333 physici
759 3250 800 3315 ah
817 3250 991 3315 Aristotele
1012 3249 1045 3316 id
1062 3250 1149 3332 quod
1162 3257 1210 3316 est
1230 3268 1320 3315 unum

225 3358 368 3423 etrihus
391 3359 559 3423 elementis
589 3365 621 3422 et
655 3358 709 3440 qui
740 3365 886 3424 naturam
918 3358 1080 3441 quandam
1113 3361 1195 3426 inter
1220 3375 1320 3424 aerem

225 3475 257 3532 et
279 3469 385 3550 ignem
408 3467 548 3534 mediam
570 3487 690 3552 ponere
713 3468 906 3552 dicerentur,
931 3471 1024 3534 tertia
1046 3476 1077 3535 et
1099 3476 1215 3551 quarta
1234 3471 1320 3552 parte
1417 3493 1418 3536 r

224 3578 291 3658 agit
313 3575 353 3641 de
378 3597 417 3642 66
439 3576 624 3642 Aristotelis
646 3579 817 3662 sententia,
845 3599 909 3661 qua
931 3580 957 3644 is
980 3578 1187 3663 physicorum
1210 3579 1319 3645 alteros
1417 3591 1418 3664 f

224 3703 330 3748 rerum
357 3685 597 3751 multitudinem
629 3685 880 3752 condensatione
914 3697 945 3752 61
965 3687 1189 3766 rarefactione,
1209 3687 1320 3751 alteros
1417 3721 1418 3736 ,

224 3795 455 3859 contrariorum
488 3797 665 3862 secretione
698 3815 855 3878 generare
889 3794 977 3862 dioit.
1030 3796 1137 3879 Atque
1170 3799 1202 3861 in
1232 3793 1321 3862 tertia

224 3901 352 3984 quidem
375 3910 476 3985 parte,
507 3908 627 3988 pariter
649 3912 746 3988 atque
768 3907 800 3970 in
822 3908 935 3990 prima,
968 3905 1062 3971 initio
1085 3926 1195 3972 rursus
1218 3902 1317 3988 physi-
1417 3939 1418 3960 r

226 4031 335 4078 corum
367 4011 543 4079 doctrinam
571 4023 603 4080 et
633 4015 830 4098 generaliter
857 4014 969 4082 definit
995 4017 1081 4080 etin
1105 4012 1319 4098 suasspecies
1417 4019 1418 4076 l

224 4120 349 4203 dividit,
373 4119 491 4188 dividit
510 4132 617 4189 autem
641 4145 704 4190 non
728 4143 748 4188 6
769 4126 892 4190 forma
914 4126 1099 4209 corporis,
1123 4124 1208 4207 quod
1228 4121 1319 4187 omni·

223 4230 283 4294 hus
307 4231 401 4296 rebus
430 4233 607 4297 subiectum
639 4253 710 4298 osse
734 4235 842 4312 velint,
874 4231 1145 4316 quemadmodum
1168 4235 1201 4297 in
1222 4229 1319 4314 prima
