2864 4910
640 371 692 424 875

93 546 172 610 loco
196 544 237 610 de
259 545 363 629 ipsius
387 545 467 611 solis
490 544 594 629 ligura
606 543 687 609 nihil
699 543 892 610 continetur.
926 543 1044 608 Verum
1056 543 1155 608 etiam
1178 543 1206 608 si

95 655 269 731 sumimus,
291 654 398 737 priore
420 653 484 720 loci
507 659 600 737 parte
621 653 729 736 ipsum
753 653 853 718 solem
876 650 938 716 dici
959 656 1051 718 rotae
1071 650 1205 718 formam

95 762 223 828 habere
246 761 393 845 hancque
414 764 606 828 sententiam
630 781 755 827 summa
777 759 918 843 quadam
942 760 1150 843 cogitationis
1174 767 1207 828 ct

95 872 261 938 orationis
284 872 536 938 inconcinnitate
558 871 706 955 relinqui,
729 877 837 936 tamen
852 888 1012 951 nusquam
1034 868 1206 951 indicatur,

95 983 129 1045 in
155 1001 223 1064 qua
243 1001 278 1046 re
303 981 384 1048 haec
414 980 593 1047 similitudo
622 979 787 1045 consistat.
831 978 916 1043 Nam
945 976 1032 1055 inde,
1063 976 1150 1061 quod
1172 978 1206 1043 in

96 1091 206 1156 altera
227 1091 290 1157 loci
306 1098 397 1174 parte
419 1093 468 1156 sol
483 1090 600 1158 dieitur
622 1110 666 1156 ex
681 1111 776 1156 cavo
798 1090 902 1156 lucem
920 1087 1076 1170 emittere,
1100 1088 1207 1173 suspi-

96 1196 169 1260 cari
194 1195 324 1279 quidem
347 1198 462 1280 possis,
493 1196 554 1263 hoe
584 1216 699 1264 cavum
729 1195 875 1279 intellegi
903 1217 1020 1282 corpus
1043 1197 1205 1281 quoddam

96 1325 228 1388 cavum,
250 1324 268 1371 e
290 1324 352 1387 quo
375 1306 459 1390 ignis
481 1305 547 1389 ipsi
570 1306 713 1371 inclusus
744 1325 802 1388 per
829 1305 974 1373 toramen
1005 1305 1204 1372 effundatur:

95 1435 215 1480 verum
237 1413 298 1481 hoc
320 1399 435 1480 cavum
456 1421 562 1481 utrum
585 1413 751 1500 cylindrus
774 1434 874 1480 cavus
897 1416 950 1500 s'it,
971 1418 1004 1481 in
1028 1416 1120 1483 euius
1143 1436 1206 1482 ure·

96 1523 158 1590 dia
181 1525 318 1608 planitie
344 1525 504 1608 inferiore,
527 1545 570 1591 an
592 1525 725 1609 pervius
748 1525 897 1606 annulus,
924 1526 958 1590 in
982 1526 1071 1591 ouius
1095 1546 1205 1592 curva·

97 1640 176 1699 tura
207 1634 302 1700 nobis
331 1632 470 1700 adversa
501 1632 581 1700 illud
608 1633 755 1700 foramen
784 1632 837 1716 sit,
872 1630 934 1700 hoc
956 1653 998 1699 ex
1031 1632 1103 1717 ipso
1135 1634 1206 1700 loco

98 1741 192 1808 nullo
213 1741 310 1810 modo
332 1749 438 1826 potest
459 1740 618 1826 dignosci.

204 1870 311 1952 Atque
333 1867 410 1935 huic
430 1868 613 1951 quaestioni
634 1887 674 1933 ne
696 1869 767 1952 ipse
789 1867 919 1950 quidem
935 1869 1060 1950 Tatius,
1082 1868 1206 1952 opinor,

100 1978 304 2064 respondere
327 1985 445 2063 posset.
489 1978 600 2044 Facile
632 1978 718 2044 enim
746 1977 955 2062 intellegitur,
984 1979 1114 2044 Tatium
1137 1981 1207 2054 (aut

100 2109 188 2171 eum,
216 2107 312 2171 quern
336 2089 543 2172 sequebatur)
565 2087 600 2153 id
632 2087 762 2170 quidem
784 2086 938 2153 traditum
961 2087 1137 2165 invenisse·
1164 2087 1206 2152 ab

99 2197 347 2264 Anaximandro
370 2197 471 2263 solem
502 2203 592 2262 rotae
615 2197 753 2262 similem
779 2197 852 2274 dici,
880 2195 916 2262 in
945 2216 1009 2279 qua
1040 2202 1148 2262 autem
1171 2215 1206 2261 re

99 2307 185 2372 haec
217 2305 397 2373 similitudo
431 2307 630 2385 consisteret,
661 2326 726 2371 uon
758 2307 921 2372 invenisse
953 2303 1115 2390 traditum,
1148 2305 1206 2372 sed

99 2419 209 2500 ipsum
231 2414 274 2482 ad
290 2435 360 2482 eam
383 2416 611 2500 explicandam
632 2415 906 2499 comparationem
930 2415 1019 2480 illam
1052 2413 1131 2481 satis
1159 2413 1206 2479 iu-

100 2533 213 2610 eptam
246 2527 492 2611 excogitavisse.
537 2525 642 2604 Quam
675 2527 842 2610 ineognita
874 2525 970 2593 Tatio
1003 2524 1101 2592 fuerit
1135 2526 1207 2608 ipsa

101 2634 340 2701 Anaximandri
371 2633 530 2716 doctriua,
564 2635 597 2700 id
632 2637 729 2702 etiam
763 2641 870 2719 potest
902 2633 1092 2701 documento
1124 2653 1206 2712 esse,

100 2745 190 2828 quod
212 2745 308 2811 lunae
330 2743 572 2812 diminutionem
598 2765 619 2811 a
640 2744 834 2828 quibusdam
867 2743 946 2810 dicit
959 2821 964 2832 ὓ
977 2763 1016 2810 00
1039 2743 1205 2827 explicari,

101 2854 191 2937 quod
213 2855 283 2920 eius
306 2856 486 2922 foramen
509 2861 620 2921 rotae
651 2853 1078 2934 simileobstruatur1).
1122 2851 1205 2916 Nam

101 2985 168 3047 eos,
191 2964 249 3046 qui
260 2966 305 3029 ita
320 2963 471 3038 sentiant,
493 2985 557 3031 non
568 2964 634 3031 nisi
645 2963 922 3030 Anaximandrum
934 2961 1081 3045 intellegi
1097 2979 1204 3044 posse,

100 3072 249 3158 protinus
273 3080 380 3158 patet3
403 3075 430 3140 is
451 3080 558 3140 autem
579 3076 676 3140 lunae
698 3073 818 3152 orbem,
844 3092 908 3138 non
931 3071 1026 3138 huius
1047 3069 1137 3136 orbis
1159 3069 1175 3134 f
1194 3107 1204 3118 ·
1300 3117 1304 3126 .

101 3261 302 3272 —-.-——-—-

100 3384 171 3454 χοῦ“
193 3383 280 3438 verba
296 3380 408 3454 “οχῆμα
428 3383 527 3452 ἔχοντα
545 3377 654 3452 τροχοῡ’
675 3379 858 3452 grammatice
877 3395 939 3433 eam
958 3377 1064 3432 habent
1082 3363 1149 3444 vim,
1174 3380 1207 3430 ut

102 3481 218 3537 modum
236 3480 281 3535 vel
300 3479 419 3535 formam
438 3478 606 3550 significent,
626 3496 680 3548 qua
699 3477 768 3532 lucia
787 3475 897 3530 emissio
916 3474 975 3529 fiat.
1011 3473 1090 3528 Nihil
1110 3477 1205 3527 autem

101 3577 230 3648 impedit,
247 3577 394 3646 quominus
419 3573 449 3630 rb
470 3577 565 3648 σχῆμα
589 3576 664 3646 ἔχειν
685 3574 786 3645 τροχοό
809 3573 850 3628 ita
875 3572 1055 3627 coniunctum
1083 3571 1120 3624 sit
1142 3586 1206 3624 oum

102 3674 172 3729 lucis
191 3673 346 3742 emiraione,
365 3679 398 3728 ut
414 3673 455 3728 sol
474 3671 676 3744 hancfiguram
695 3688 752 3725 non
770 3687 820 3738 per
839 3668 991 3736 schabest,
1007 3659 1106 3722 verum
1125 3664 1205 3734 quasi
1268 3663 1277 3673 “

102 3773 217 3826 demum
230 3771 351 3840 accipiat
370 3788 433 3826 cum
452 3770 522 3824 lucia
533 3769 687 3834 emissione,
708 3765 1007 3838 proptereavidelicet‚
1026 3763 1102 3832 quod
1114 3762 1206 3817 lucem

102 3869 233 3924 emittere
252 3869 289 3923 ait
308 3869 337 3922 in
363 3868 456 3923 radios
480 3865 693 3935 semilaudare,
721 3865 775 3920 hoc
794 3868 897 3932 autem,
920 3866 1000 3918 rotae
1023 3859 1143 3932 figuram
1163 3877 1206 3914 ac·

103 3981 205 4035 erpere.

204 4078 230 4147 l)
249 4077 351 4133 Aehill.
370 4077 448 4132 Taot.
466 4095 489 4132 c.
510 4080 558 4130 21:
579 4074 664 4145 „rard
688 4076 765 4147 μῆνα
791 4074 824 4128 δὲ
843 4075 979 4128 ἐκλείπειν
999 4112 1006 4127 .
1026 4111 1033 4126 .
1053 4112 1060 4125 .
1079 4063 1155 4124 ἔλλοι
1173 4069 1206 4123 δὲ

101 4177 151 4231 τοῦ
169 4180 286 4248 στομίου
312 4174 359 4231 τοῦ
379 4174 562 4247 τροχοειδοῦς,
586 4174 622 4226 δι’
651 4157 683 4228 οὗ
702 4174 876 4244 ἐκπέμπεται
903 4167 934 4226 τὸ
963 4170 1033 4242 φῶς,
1056 4165 1206 4238 ἀποφραχ-

103 4275 227 4332 θέντος“,
314 4315 316 4319 .
