2862 4910
631 347 683 398 32⁷
746 348 748 364 '

98 510 237 582 effecta.
282 518 365 583 Nam
392 521 419 584 si
434 518 573 602 priorem
593 519 682 584 illum
693 518 878 583 Aristotelis
893 519 997 584 locum
1011 517 1215 600 respicimus,

99 645 174 706 quo
200 646 241 692 ea
261 633 397 693 naturae
431 627 580 693 humidae
612 647 697 711 pars,
728 647 812 709 quae
847 628 1127 710 evaporaverit
1161 618 1213 704 (τὰ

98 731 308 817 decuplum),
324 737 359 802 in
369 757 476 804 aerem
490 737 641 803 transiise
652 734 828 818 codemque
847 733 942 800 modo
959 755 1087 818 semper
1102 735 1214 817 aliqua

100 845 211 910 maris
244 865 321 927 pars
352 847 385 910 in
419 865 525 911 aerem
552 831 634 912 verti
660 843 788 926 dicitur,
824 864 897 909 cum
930 843 1054 926 hacque
1077 864 1111 908 re
1141 864 1214 909 con-

101 952 285 1036 iungimus,
319 953 407 1036 quod
428 953 515 1037 apud
552 952 772 1019 Alexandrum
807 952 1052 1038 Theophrostus
1087 972 1214 1035 quoque

101 1063 185 1126 illas
209 1065 434 1128 conversiones
456 1051 594 1141 α’τμίόας
614 1060 668 1125 καὶ
690 1055 927 1142 ἀναθυμιάσεις
950 1063 1104 1145 appellat,
1127 1062 1211 1127 Ana·

101 1170 279 1237 ximander
290 1172 523 1238 existimandus
537 1173 599 1237 erit
613 1172 943 1256 evaporationem
958 1164 1010 1254 (ed
1025 1169 1215 1252 διατμίζειν)

103 1281 279 1361 putavisse
301 1279 519 1346 dissolutionis
552 1281 688 1346 formam
718 1282 866 1346 omnibus
894 1281 991 1345 rebus
1015 1299 1214 1345 communem

104 1389 280 1472 ipsamque
313 1389 383 1455 eius
416 1391 580 1456 notionem
613 1391 646 1456 in
679 1411 717 1457 eo
749 1391 907 1473 posuisse,
942 1388 1030 1472 quod
1061 1395 1148 1454 essct
1180 1390 1214 1454 in

102 1518 243 1564 aerem
267 1497 503 1565 dissolutio.

210 1606 280 1672 lam
301 1607 382 1674 haec
405 1610 434 1674 si
457 1610 680 1692 coniungimus
703 1629 775 1675 cum
797 1609 849 1692 iis,
872 1627 957 1691 quae
978 1613 1075 1672 antea
1097 1608 1137 1673 de
1160 1627 1213 1691 gc-

103 1716 289 1784 ncrationis
320 1717 488 1783 ordinibus
522 1717 671 1800 diximus,
711 1723 863 1802 apparet,
895 1717 1092 1802 triplicem
1126 1730 1214 1784 esse

105 1825 289 1892 ordinem
311 1846 449 1900 rerum,
473 1846 530 1910 per
557 1847 637 1909 quas
660 1835 776 1892 natura
803 1825 936 1891 humida
963 1825 996 1891 in
1019 1826 1213 1910 principium

105 1941 300 2000 revertatur.
344 1935 528 2001 Revertitur
552 1936 637 2000 enim
671 1944 726 2001 aut
755 1955 825 2021 per
851 1955 962 2000 unum
986 1954 1122 2017 aerem,
1158 1941 1214 2001 aut

106 2064 331 2127 peraquam
354 2050 549 2125 elacrem,
582 2051 637 2110 aut
670 2064 739 2128 per
773 2064 912 2128 aquam
943 2051 979 2110 ct
1006 2051 1155 2111 terram
1177 2052 1214 2112 et

105 2173 253 2220 acrem.

211 2261 306 2340 Quod
328 2263 445 2328 attinet
466 2263 510 2329 ad
531 2268 676 2328 naturam
701 2264 839 2346 igneam,
863 2261 944 2328 haec
966 2262 999 2328 in
1022 2264 1143 2328 nullam
1158 2283 1213 2327 na-

113 2376 231 2452 turam,
253 2390 336 2453 quae
349 2370 480 2454 quidem
504 2379 575 2436 orta
597 2374 638 2437 sit
660 2391 677 2436 e
698 2379 814 2437 natura
825 2371 968 2450 humida,
994 2379 1101 2456 potest
1112 2380 1227 2438 trans.
1280 2403 1283 2408 ·

107 2480 164 2561 ire,
200 2486 381 2564 propterea,
411 2481 498 2563 quod
535 2481 610 2546 huic
633 2487 766 2545 naturae
797 2501 929 2564 prorsus
963 2481 1125 2546 contraria
1153 2488 1211 2547 est.

107 2589 196 2671 Ergo
219 2586 303 2653 hanc
327 2596 453 2674 oportet
480 2591 585 2674 ipsam
614 2591 685 2656 sine
708 2591 774 2656 ulla
794 2597 910 2656 natura
933 2590 1043 2656 media
1068 2591 1101 2655 in
1127 2593 1211 2674 prin-

107 2696 231 2781 cipium
254 2701 380 2766 reverti.

214 2808 260 2870 10.
284 2807 348 2873 Sed
370 2807 612 2874 Anaximander
634 2829 697 2874 non
721 2809 823 2874 solum
846 2808 1098 2873 innumerabiles
1123 2827 1242 2894 mun-⁴,

107 2915 167 2982 dos
201 2916 316 2982 statuit
349 2919 526 2983 intervallis
560 2918 752 3000 quibusdam
781 2916 934 3000 deinceps
965 2915 1106 2982 orientes
1129 2915 1212 2982 oeci-

107 3025 298 3108 dentesque,
342 3045 452 3092 verum
497 3027 594 3092 etiam
628 3027 939 3092 innumerabiles
981 3025 1143 3090 mundos
1176 3027 1212 3090 in

107 3132 273 3199 infinito
312 3137 518 3219 principio
562 3137 680 3202 simul
716 3141 943 3200 constantes
984 3135 1212 3216 aequisque

107 3240 287 3306 intervallis
311 3243 416 3308 inter
444 3249 485 3307 se
508 3242 720 3309 distantes.
766 3241 829 3307 Res
853 3248 885 3307 et
908 3242 986 3307 satis
1010 3244 1096 3308 certe
1119 3241 1212 3308 colli-

107 3351 196 3433 gitur
230 3370 271 3414 ex
303 3352 412 3434 aliquo
448 3353 519 3417 loeo
558 3352 741 3418 Aristotelis
779 3359 811 3418 et
840 3371 860 3414 a
893 3350 1040 3435 plurimis
1069 3357 1211 3416 veterum

107 3458 322 3543 scriptoribus
344 3467 456 3543 aperte
479 3467 633 3526 narratur.

210 3568 352 3634 Primum
375 3571 565 3636 Aristoteles
587 3590 626 3636 eo
648 3572 728 3652 loeo,
750 3591 812 3652 quo
836 3571 981 3636 consulto
1004 3576 1147 3636 veterum
1171 3568 1212 3635 de

107 3675 232 3742 infinito
256 3680 433 3744 sententias
462 3681 596 3762 exponit
622 3687 653 3745 et
680 3699 815 3745 caussas
846 3681 944 3745 etiam
967 3686 1143 3759 enumerat,
1171 3680 1211 3744 ob

107 3806 189 3869 quas
214 3786 348 3852 credant
370 3809 458 3854 esse
485 3788 611 3871 aliquid
633 3787 800 3870 infinitum,
832 3792 863 3853 in
892 3789 944 3854 his
967 3789 1092 3855 caussis
1115 3809 1211 3854 unam

109 3896 224 3972 adfert,
254 3917 337 3978 quae
368 3899 464 3981 longe
486 3898 680 3982 gravissima
709 3900 752 3964 sit
785 3906 816 3964 et
849 3899 995 3964 omnibus
1025 3897 1213 3980 communis,

109 4005 159 4070 his
183 4005 252 4071 iere
273 4007 390 4090 verbis,
419 4001 679 4091 ‘quiacogitatio
704 4029 828 4092 omnes„
848 4028 929 4090 quos
952 4009 1033 4073 forte
1056 4008 1211 4090 posuerit,

110 4113 231 4198 spatii
254 4113 334 4180 fines
357 4117 621 4202 transgrediatur,
653 4125 746 4183 extra
767 4118 921 4183 mundum
944 4117 1032 4183 credi
1055 4116 1212 4182 inlinitum

109 4243 179 4292 esse
204 4225 417 4309 spatiumst,
450 4228 476 4293 si
500 4227 656 4294 infinitum
691 4230 734 4294 sit
756 4230 904 4312 spatium,
936 4234 1026 4293 extra
1059 4223 1212 4291 mundum
