2864 4904
602 385 638 446 97

65 567 132 628 tam
169 561 358 648 suscepisse
367 562 401 647 ¹).
453 563 575 632 Ilodem
608 563 704 634 modo
726 565 911 634 Alexander
943 566 1072 636 videtur
1103 587 1174 635 seu-

66 675 199 756 sisse’).
256 708 261 716 ·

167 785 229 850 His
251 783 426 871 disputatis
448 787 593 868 quamvis
613 805 665 852 res
688 785 769 852 satis
784 786 933 854 rideatur
953 786 1172 857 demonstrata

66 912 150 978 esse,
174 900 294 978 tamen,
315 915 356 961 ne
378 896 444 960 ulla
469 894 661 962 incertitudo
689 897 896 979 relinquatur,
927 899 1068 982 reliquos
1094 920 1172 984 quo·
1206 921 1209 928 ’

67 1023 132 1085 que
155 1010 309 1088 quattuor
326 1007 424 1084 lucos,
448 1025 583 1088 quorum
604 1005 731 1074 duobus
754 1027 861 1086 unum,
884 1007 1011 1074 duobus
1038 1010 1172 1077 alterum

68 1113 197 1179 illorum
211 1114 439 1183 vocabulorum
458 1114 639 1198 adhibetur,
662 1114 949 1182 considerabimus.
972 1117 1087 1201 Itaque
1104 1119 1172 1184 Ari-

70 1225 204 1289 stoteles
226 1226 260 1289 in
287 1227 390 1309 primo
411 1224 705 1310 Metaphysicorum
725 1226 816 1306 libro,
846 1245 885 1292 eo
911 1226 992 1311 loco,
1023 1247 1087 1310 quo
1109 1228 1174 1312 pri-

70 1352 161 1398 orum
183 1332 443 1420 pbilosopborum
466 1336 634 1419 opiniones
657 1355 729 1401 oum
745 1340 894 1418 quattuor
916 1335 983 1401 suis
1005 1336 1173 1421 principiis

71 1449 248 1528 comparat,
277 1442 435 1527 quosdam
462 1463 534 1509 esse
557 1445 612 1526 ait,
644 1446 700 1526 qui
726 1445 847 1510 nullum
867 1444 955 1511 aliud
980 1445 1174 1530 principium

72 1557 218 1618 statuant
249 1553 311 1618 nisi
333 1560 515 1619 naturam
547 1554 661 1620 rebus
685 1554 913 1636 subiectam,
941 1573 1007 1638 eos,
1044 1557 1097 1637 qui
1117 1562 1174 1620 aut

73 1681 191 1744 aquam
212 1667 269 1728 aut
292 1681 401 1728 aerem
423 1670 479 1728 aut
501 1663 609 1746 ignem
633 1670 689 1730 aut
715 1669 863 1730 naturam
892 1664 1057 1748 quandam
1079 1665 1173 1748 igne

75 1771 291 1837 densiorem
312 1791 400 1838 aare
422 1778 552 1838 autem
568 1772 811 1844 subtiliorem
828 1775 964 1858 primum
982 1776 1174 1840 elementum

74 1879 236 1966 ponant⁸).
280 1881 368 1947 Loco
389 1888 496 1947 autern
520 1881 610 1946 illum
627 1869 716 1948 bre'vi
738 1884 907 1948 intervallo
929 1884 1087 1967 sequenti,
1110 1904 1175 1966 quo

75 1991 216 2072 priorum
237 1989 364 2057 illorum
380 1990 645 2075 pbilosophorum
668 1991 708 2057 de
731 1992 904 2076 principiis
927 1993 1095 2077 opiniones
1108 1995 1175 2059 exi-

175 2253 202 2323 1)
220 2254 331 2322 Philop.
342 2253 494 2308 comment.
506 2252 572 2307 Gen.
586 2252 662 2308 Corr.
674 2271 700 2322 p.
711 2255 755 2322 46,
764 2271 788 2306 a.
808 2253 879 2308 med.
894 2254 932 2322 (in
944 2253 980 2316 ll,
994 2257 1017 2308 l.
1036 2255 1110 2308 32311
1125 2257 1176 2324 33;
1207 2325 1216 2337 ο

79 2349 133 2405 vid.
151 2368 235 2420 supra
246 2369 274 2420 p.
284 2352 329 2418 64,
341 2349 382 2420 3):
402 2349 634 2421 ,Ἀναξίμανδρος
652 2349 683 2402 δὲ
696 2344 762 2402 ἄλλο
781 2367 803 2403 τι
816 2347 891 2419 παρὰ
911 2347 942 2404 τὰ
961 2354 1082 2420 τέσσαρα
1103 2368 1174 2404 στοι-

77 2451 138 2514 χεῖα
160 2444 279 2500 ὑπέθετο
297 2447 353 2500 τῶν
372 2440 460 2501 ὄντων
477 2439 566 2517 ἀρχὴν
585 2483 726 2500 ......
744 2443 779 2500 τὸ
798 2443 926 2518 μεταξὺ
949 2447 1008 2516 γῆς
1029 2441 1045 2514 ἢ
1069 2445 1176 2517 πυρὸς

79 2545 132 2595 καὶ
150 2538 268 2604 ὕδατος
286 2547 341 2596 καὶ
358 2539 457 2613 ἀέρος
475 2583 481 2597 .
501 2545 526 2595 .“
551 2541 631 2612 (quid
656 2541 814 2613 siguificare
842 2523 992 2598 videantur
1019 2543 1175 2612 particulae

81 2632 96 2706 ἢ
114 2643 142 2693 et
158 2643 202 2694 καὶ
219 2639 274 2695 hoo
291 2639 375 2694 modo
393 2639 501 2709 positae
520 2639 576 2696 alio
595 2640 655 2694 loco
682 2639 886 2709 explicabitur).
923 2639 953 2694 P.
974 2641 1016 2706 tu,
1034 2640 1054 2694 b
1071 2639 1118 2696 fin.
1136 2641 1175 2707 (in

81 2737 105 2788 5.
116 2738 193 2814 '332⁸
206 2739 254 2805 20;
272 2737 329 2792 vid.
344 2754 428 2806 supra
441 2754 469 2806 p.
479 2739 523 2806 66,
538 2735 576 2807 ll:
599 2739 742 2806 ,τρέπεται
753 2737 871 2790 ἐνταῦθα
886 2733 956 2806 πρὸς
973 2733 1023 2804 τὴν
1034 2737 1082 2789 τοῦ
1097 2733 1176 2792 Ἀνα-

80 2827 224 2904 ξιμὰνδρου
241 2829 326 2894 δόξαν
350 2833 559 2907 ὑποτεθεμένην
575 2829 660 2904 ’σῶμά
679 2854 703 2886 τι
722 2828 851 2908 ὖφεστός,
873 2836 983 2911 μέσον
1005 2823 1104 2903 uidcor
1124 2837 1177 2886 καὶ

82 2927 180 2998 πυρὸς
195 2923 212 2996 ἢ
230 2926 330 3002 ἀέρος
347 2933 403 2985 καὶ
422 2925 548 3000 ὕδατος,
565 2925 599 2998 ἢν
616 2923 709 3000 ἤλεγξε
727 2929 784 3002 μὲν
798 2933 844 2984 καὶ
857 2929 983 3001 occisast
1003 2929 1116 2998 (32928
1135 2929 1176 2983 in·

81 3025 241 3098 tellegitur).

175 3123 202 3193 2)
220 3121 382 3178 Alexander
400 3122 429 3176 in
441 3122 594 3176 Comment.
612 3121 737 3190 Metaph.
751 3139 778 3190 p.
792 3123 836 3188 34,
851 3123 869 3175 2
889 3121 967 3183 Bon„
985 3121 1034 3175 ubi
1046 3124 1176 3176 naturam

83 3217 157 3273 illsm
174 3220 294 3275 medium
316 3215 377 3288 (τὴν
400 3218 501 3292 μεταξὺ
521 3215 607 3292 φύσιν
627 3249 659 3260 -
679 3219 708 3273 id
727 3223 778 3287 est,
806 3223 936 3274 naturam
954 3217 1076 3273 mediam
1095 3235 1177 3288 gene·

83 3315 176 3371 naliter
193 3317 309 3386 dictam)
334 3316 370 3370 ad
393 3317 637 3371 Anaximandrum
659 3315 758 3380 refert,
787 3315 874 3379 addit.
903 3315 1086 3370 Aristotelem
1104 3315 1178 3370 hano

84 3411 236 3468 doctrinam
258 3429 415 3468 memorare
443 3413 472 3467 in
494 3413 576 3472 libris
598 3413 633 3468 de
652 3412 853 3481 Generationc;
881 3429 938 3466 non
965 3413 1054 3466 multo
1083 3417 1177 3466 autern

84 3513 151 3578 post,
168 3529 194 3581 p.
214 3513 260 3582 45,
278 3513 322 3577 20,
341 3511 415 3566 hano
432 3515 564 3570 naturam
582 3510 703 3564 mediam
724 3510 765 3564 ait
784 3513 813 3564 et
831 3509 907 3564 inter
924 3525 1018 3564 acrem
1035 3512 1064 3564 et
1082 3509 1177 3580 ignem

86 3610 111 3660 ct
129 3607 200 3662 inter
218 3625 310 3663 acrem
330 3611 360 3662 et
378 3624 479 3676 aquom
497 3606 616 3662 medium
639 3606 704 3662 dici.

178 3705 207 3778 3)
226 3705 350 3775 Metaph.
370 3704 392 3774 I,
413 3707 437 3760 7.
455 3706 527 3758 988Ιι
539 3706 574 3758 28
593 3709 621 3758 et
640 3705 688 3774 323
713 3702 776 3758 vide
801 3720 885 3772 supra
907 3720 935 3772 p.
954 3703 1025 3772 63,2
1044 3706 1072 3758 ct
1090 3705 1134 3771 64,
1156 3706 1179 3760 l.

86 3799 245 3857 Aristoteles
269 3805 396 3857 veterum
414 3799 645 3870 philosophorum
670 3799 705 3854 de
724 3799 843 3854 materia
866 3798 1012 3869 opiniones
1035 3808 1179 3881 recensens

88 3913 129 3950 eor
146 3915 255 3968 quoquc
273 3902 419 3961 memorat,
438 3898 488 3968 qui
506 3902 556 3952 aut
573 3916 660 3952 unum
679 3914 694 3951 e
713 3897 805 3951 tribus
822 3897 967 3952 elementis
985 3899 1034 3952 aut
1048 3901 1179 3952 naturam

87 3992 158 4048 illam
184 3994 257 4051 inter
281 4013 373 4051 aerem
403 3997 429 4050 et
449 3996 544 4067 ignem
570 3995 691 4050 medium
720 3994 842 4064 primurn
871 3995 1038 4048 elementum
1064 3997 1179 4063 ponant,

88 4093 193 4162 tumque
217 4093 304 4160 addit,
327 4093 410 4148 hosce
428 4096 568 4162 praeter
590 4095 748 4145 naturam
770 4089 874 4144 rebus
894 4090 1083 4145 subiectam
1109 4090 1179 4143 nul·

88 4185 149 4242 lum
168 4190 266 4245 aliud
284 4189 493 4260 principium
515 4188 726 4260 cognovisse.
762 4187 831 4241 Inde
849 4187 976 4256 sequitur
994 4204 1027 4242 ea
1045 4187 1099 4240 loci
1119 4204 1179 4240 sen·

89 4285 178 4356 tenus,
196 4304 278 4358 quum
297 4288 327 4342 iu
347 4287 408 4358 ipsa
426 4285 616 4356 disputatione
635 4283 838 4354 proposuimus.

962 4383 978 4432 7
