2862 4910
693 359 811 456 v344

332 571 402 636 Iam
424 572 465 638 de
491 572 598 656 prima
629 572 740 638 mundi
768 575 893 657 origine
925 579 958 640 et
993 573 1188 639 formatione
1217 571 1332 636 Anaxi-

230 682 365 748 mander
388 681 470 748 haec
491 682 558 748 fere
586 682 689 748 docet.
733 682 829 748 Circa
860 683 955 748 huius
989 682 1101 747 mundi
1119 682 1268 770 vinitium
1297 702 1334 746 ex
1415 696 1417 705 ’

229 791 352 857 infinito
376 791 537 875 principio
554 791 718 874 quoddam
740 791 853 856 mundi
867 811 976 858 semen
995 791 1184 872 secernitur,
1209 811 1252 856 ex
1267 792 1334 872 ipso

230 900 392 985 principio
425 899 598 965 fecundum
632 899 767 965 duarum
799 907 985 966 naturarum
1008 901 1256 976 contrariarum,
1285 920 1335 964 na·
1418 905 1419 968 l

229 1016 320 1075 turae
343 1008 484 1092 frigidae
507 1015 604 1090 atque
627 1007 781 1074 humidae
803 1015 835 1074 et
857 1016 990 1074 naturae
1018 1001 1143 1074 c'alidae
1165 1015 1270 1090 atque
1293 1009 1335 1091 ig-

229 1138 326 1195 neae;
350 1116 583 1200 quodquidam
607 1136 716 1182 semen
731 1118 825 1183 nobis
839 1119 945 1183 visum
970 1124 1018 1184 est
1033 1119 1075 1183 ab
1091 1117 1335 1183 Anaximandro

232 1229 339 1295 simile
362 1227 470 1310 putari
493 1228 556 1291 ovi.
601 1226 671 1291 Hoc
686 1247 804 1306 semen,
827 1225 914 1309 quod
937 1247 1013 1310 pars
1036 1235 1086 1292 est
1099 1227 1202 1311 ipsius
1218 1224 1334 1291 infiniti

231 1336 397 1421 principii,
430 1356 464 1402 se
498 1336 621 1401 dirimit
653 1337 685 1402 in
708 1343 841 1402 naturas
875 1337 947 1402 illas
981 1337 1166 1416 contrarias,
1197 1355 1336 1418 quarum

231 1444 404 1512 fecundum
426 1452 490 1520 est;
513 1465 598 1527 quae
622 1444 753 1526 quidem
776 1445 927 1511 diremtio
948 1447 993 1511 ita
1015 1444 1059 1521 fit,
1082 1451 1117 1510 ut
1139 1452 1259 1510 natura
1283 1442 1335 1507 hu-

231 1554 320 1620 mida
343 1552 484 1619 medium
506 1556 611 1619 locum
635 1560 782 1638 occupet,
805 1560 920 1620 natura
947 1556 1043 1638 ignea
1063 1554 1152 1619 illam
1175 1553 1336 1638 sphaerae

231 1663 327 1729 modo
339 1662 609 1746 undiquecingat.
632 1663 802 1729 Efficiente
819 1664 960 1748 sphaera
971 1665 1066 1746 ignea
1076 1663 1174 1743 (hanc
1189 1665 1277 1728 enim
1289 1681 1335 1726 so·
1420 1711 1421 1730 r

230 1776 297 1839 lam
320 1771 360 1837 ab
370 1771 610 1838 Anaximandro
621 1773 766 1855 potuisse
776 1792 923 1837 caussam
937 1772 1044 1856 putari
1056 1773 1126 1837 eius
1139 1769 1336 1850 mutationis,

234 1883 275 1948 de
286 1901 350 1964 qua
362 1883 425 1946 iam
436 1880 554 1945 dicturi
567 1900 685 1962 sumus,
698 1887 794 1946 antea
804 1880 911 1963 certis,
920 1882 1043 1962 opinor,
1055 1882 1255 1964 argumentis
1267 1900 1334 1965 pro

233 1990 378 2056 bavimus
389 1988 425 2071 ¹))
448 1990 589 2055 exterior
605 1998 741 2054 naturae
753 1989 906 2055 humidae
922 2009 999 2073 pars
1012 1991 1149 2056 vertitur
1160 1994 1191 2056 in
1214 2010 1334 2066 aerem;

236 2101 271 2177 ia,
294 2099 328 2164 in
352 2099 491 2182 amplius
508 2119 542 2164 se
553 2099 730 2164 extendens
747 2100 897 2180 spatium,
918 2099 1089 2184 sphaeram
1104 2085 1237 2182 'igneam
1248 2101 1335 2164 innu-

234 2209 331 2275 meris
344 2209 422 2274 locis
432 2207 588 2290 dirumpit
601 2213 632 2272 et
645 2207 789 2290 partibus
801 2205 939 2290 diruptis
952 2207 998 2272 ita
1011 2227 1046 2272 se
1058 2209 1292 2290 circumvolvit,
1304 2213 1335 2270 ut

234 2318 328 2383 orbes
339 2317 520 2383 efficiantur
531 2318 611 2382 aerii
623 2318 735 2398 igneos
760 2317 853 2382 orbes
870 2317 1165 2384 circumcludentes.
1190 2319 1254 2397 Qui
1269 2317 1336 2400 qui-

232 2426 306 2492 dem
323 2427 416 2492 orbes
428 2447 493 2492 non
511 2447 622 2492 omnes
641 2427 674 2491 in
689 2427 835 2492 eiusdem
857 2428 945 2512 globi
964 2427 1107 2510 circuitu,
1132 2429 1190 2494 sed
1213 2428 1273 2494 alii
1293 2429 1334 2492 in-

195 2542 197 2546 '
234 2535 379 2617 teriones,
402 2536 460 2600 alii
487 2536 664 2602 exteriores
683 2543 773 2615 sunt;
798 2537 831 2602 id
854 2537 941 2620 qnod
962 2537 1037 2603 inde
1059 2531 1158 2622 patet,
1180 2539 1278 2621 quod,
1303 2543 1336 2601 ut

234 2652 348 2728 postea
381 2645 576 2724 videbimus,
602 2646 840 2712 Anaximandri
865 2649 1023 2713 sententia
1055 2649 1168 2714 stellae
1202 2647 1334 2713 diversis

234 2753 458 2840 interuallisa
481 2755 593 2820 mundi
616 2761 725 2820 centro
748 2755 911 2832 distaut2).
955 2757 1063 2839 Atque
1084 2777 1125 2822 ex
1145 2757 1208 2824 hac
1232 2777 1267 2822 re
1291 2775 1335 2821 sa-

234 2865 350 2946 quitur‚
385 2870 418 2929 ut
449 2863 694 2931 Anaximander
716 2885 825 2930 aerem
854 2868 1015 2949 putaverit
1040 2886 1103 2931 non
1133 2865 1255 2948 ubique
1287 2885 1334 2930 eo·

234 2972 317 3054 dem,
339 2994 450 3039 verum
472 2973 660 3056 regionibus
683 2975 877 3057 quibusdam
897 2975 1019 3041 maiore
1037 2975 1160 3060 impetu
1182 2975 1334 3060 sphaerae

234 3082 351 3165 igneae
362 3084 481 3148 instare
496 3101 598 3165 eoque
620 3081 715 3147 huius
729 3083 887 3167 sphaerae
902 3090 1011 3167 partes
1034 3086 1067 3150 in
1089 3078 1335 3167 hiaregionibus
1421 3065 1422 3100 ³

235 3192 358 3276 positas
380 3192 574 3275 abrumpere
598 3199 696 3275 atque
722 3193 850 3277 longius
873 3194 1068 3277 propellere3
1091 3214 1155 3275 qua
1175 3215 1211 3260 re
1227 3201 1334 3278 postea

235 3302 268 3367 in
296 3302 363 3367 alia
397 3321 514 3367 caussa
547 3307 682 3366 utemur.
728 3300 860 3367 Orbium
894 3304 1020 3368 illorum
1053 3305 1211 3368 aeriorum
1244 3321 1334 3369 unus·

234 3412 370 3494 quisque
390 3411 526 3477 rotundo
559 3412 661 3476 utitur
696 3413 855 3479 foramine
883 3414 976 3478 nobis
999 3413 1147 3494 adverso,
1172 3434 1230 3497 per
1252 3411 1335 3496 quod

234 3523 318 3604 ignis
349 3521 490 3586 inclusus
523 3520 565 3586 ad
599 3541 657 3586 nos
681 3521 866 3588 effunditur.
911 3523 1001 3588 Haec
1033 3524 1193 3589 foramina
1225 3523 1334 3588 stellae

235 3636 308 3694 sunt
331 3649 398 3711 eae,
421 3649 505 3711 quae
527 3631 622 3695 nobis
647 3639 823 3714 apparent3
857 3651 953 3698 verae
985 3639 1092 3698 autem
1124 3634 1237 3699 stellae
1266 3639 1336 3698 sunt

236 3738 299 3820 ipsi
321 3738 366 3802 illi
392 3739 486 3806 orbes
508 3741 595 3822 ignei
620 3740 718 3804 aeriis
734 3739 865 3806 orbibus
888 3740 1013 3822 inclusi,
1037 3760 1172 3822 quorum
1189 3739 1335 3806 flammae

339 3984 364 4050 1)
380 3983 443 4038 Vid.
464 4001 548 4052 supra
567 4001 594 4053 p.
614 3984 765 4047 utu-249,
785 4001 847 4038 cum
867 3991 924 4039 not.

339 4079 367 4148 2)
388 4079 428 4132 cl.
451 4080 528 4133 Stob.
547 4080 568 4143 1,
589 4081 632 4146 24,
653 4097 680 4148 p.
701 4082 767 4148 5103
793 4079 868 4134 Plut.
889 4081 963 4136 Plau.
985 4081 1020 4149 ll,
1043 4085 1089 4150 153
1113 4081 1215 4136 Euseb.
1240 4082 1338 4152 Pracp.

236 4172 290 4228 Ev.
311 4173 369 4239 XV,
391 4174 439 4240 463
459 4172 554 4230 Galen.
575 4174 646 4229 Hist.
665 4174 738 4228 Phil.
761 4177 801 4228 13.
