2862 4910
615 385 667 442 sla

78 559 234 625 cedentis
267 559 329 624 fine
362 558 577 642 promisimus.
623 559 750 624 Etenim
780 562 807 626 si
831 561 1072 628 Anaximander
1094 570 1193 647 putat,

78 689 194 734 rerum
218 674 322 732 ortum
353 673 385 733 et
406 667 571 733 interitum
600 687 639 733 ea
670 675 794 734 tantum
818 670 1008 736 condicione
1030 693 1193 754 nunquam

79 778 286 844 defecturum
310 797 391 857 esse,
414 777 441 842 si
464 776 622 842 infinitum
646 777 689 843 sit
712 777 755 852 id,
780 778 873 855 unde,
891 799 975 861 quae
997 779 1084 864 fiant,
1106 785 1191 847 avel-

77 888 203 969 lantur,
240 887 333 953 huius
367 887 528 968 opinionis
553 907 617 953 non
654 889 719 966 alia
752 894 857 971 potest
880 909 998 955 caussa
1027 911 1098 956 esse
1129 893 1192 960 nisi

79 997 175 1078 quod
199 997 334 1080 putavit,
358 998 491 1079 siquae
515 1016 566 1062 res
591 997 768 1077 interirent,
792 1007 971 1064 naturam
992 999 1054 1065 his
1077 1003 1192 1068 rebus

80 1105 308 1171 subiectam
331 1126 524 1188 nunquam
547 1107 758 1172 informas
781 1109 947 1174 relictas
966 1109 1101 1187 redire,
1124 1111 1192 1178 sed

80 1221 209 1280 totam
238 1223 304 1280 aut
327 1217 461 1281 statim
492 1222 560 1281 aut
596 1236 663 1300 per
692 1216 847 1282 medias
882 1219 1035 1300 aliquas
1069 1240 1191 1286 rerum

80 1325 235 1390 formas
256 1327 295 1389 in
311 1327 438 1407 ipsum
458 1325 692 1408 principium
708 1327 872 1406 reverti,
896 1346 1031 1410 eamque
1045 1329 1085 1393 ob
1101 1350 1191 1396 caus-

81 1453 165 1514 sam,
189 1433 218 1498 si
239 1453 366 1518 semper
388 1434 521 1500 eaedem
545 1455 650 1500 rerum
671 1433 793 1500 formae
819 1443 1071 1518 renascerentur,
1096 1438 1130 1502 id
1152 1459 1190 1507 eo

80 1551 210 1608 tantum
233 1542 303 1608 fieri
341 1563 447 1626 posse,
482 1543 582 1626 quod
616 1564 661 1610 ex
684 1546 770 1626 ipso
805 1545 1003 1629 principio
1037 1566 1191 1630 semper

82 1673 209 1717 novae
232 1660 367 1734 partes
391 1659 700 1718 secernerentur
723 1654 762 1719 in
785 1673 991 1737 earumque
1015 1657 1190 1739 partium,
1267 1740 1269 1744 ι

84 1781 187 1843 quae
227 1754 376 1844 quoqne
418 1770 594 1846 tempore
632 1763 859 1843 interirent,
896 1765 1024 1828 locum
1065 1784 1190 1830 suece-

84 1871 238 1937 derent.
284 1872 376 1937 Hanc
391 1878 497 1937 autem
521 1891 634 1938 revera
648 1871 882 1936 Anaximandri
895 1875 1084 1938 sententiam
1099 1866 1188 1957 esse,

84 1987 117 2046 et
140 2002 161 2046 a
186 1980 354 2063 Simplicio
389 1980 510 2064 apertis
533 1981 638 2046 verbis
673 1980 790 2046 dicitur
813 1988 845 2046 et
878 1980 1042 2048 eduobus
1065 1984 1189 2050 Aristo-

83 2090 157 2154 telis
182 2090 261 2154 locis
283 2089 373 2156 facili
396 2089 641 2156 ratiocinatione
665 2089 874 2156 concluditur.

187 2199 302 2279 Itaque
329 2199 512 2281 Simplicius
541 2200 647 2281 aliquo
680 2201 750 2264 loco
774 2199 854 2264 duas
889 2201 935 2265 ait
967 2199 1007 2266 de
1039 2204 1189 2267 continua

84 2312 175 2372 ortus
192 2313 223 2372 et
238 2309 383 2372 interitus
399 2307 624 2374 vicissitudine
638 2308 806 2392 opiniones
823 2329 904 2392 esse,
917 2309 1051 2374 alteram
1068 2331 1189 2394 eorum,

84 2416 142 2498 qui
165 2437 263 2481 unum
287 2418 389 2482 solum
411 2437 518 2484 rerum
540 2419 733 2501 principium
756 2417 851 2500 idque
875 2418 1005 2500 quidem
1029 2419 1188 2486 infinitum

84 2534 209 2608 ponant
231 2545 276 2590 ex
300 2524 454 2608 hocque
476 2529 607 2593 omnia
628 2527 711 2591 κατ’
737 2519 911 2612 εὐθεῖαν,
933 2529 972 2594 id
995 2536 1061 2611 est,
1078 2537 1190 2597 recta

84 2636 151 2699 via
165 2638 351 2718 generari
371 2641 500 2719 putent,
524 2637 658 2702 aiteram
681 2657 802 2720 eorum,
825 2640 881 2720 qui
905 2639 1068 2723 principia
1089 2639 1189 2704 velint

85 2743 178 2809 finita
202 2765 273 2810 esse
297 2766 337 2810 ex
352 2745 465 2827 hisque
491 2746 600 2811 omnia
613 2753 758 2812 statuant
781 2767 818 2813 eo
842 2749 930 2829 oriri,
954 2742 1188 2830 quodadutrp,

87 2855 129 2920 id
153 2861 224 2935 est,
248 2853 489 2919 orbis-modo
516 2855 552 2918 in
576 2874 663 2920 sese
687 2849 908 2936 remeantis,
940 2858 1109 2923 alterius
1132 2857 1190 2922 rei

86 2963 272 3028 interitus
307 2982 374 3045 per
405 2982 447 3028 se
476 2965 560 3046 ipso
587 2964 760 3028 alterius
785 2971 895 3029 ortus
918 2966 982 3047 sit;
1015 2972 1111 3048 atque
1141 2965 1186 3030 ita

85 3071 255 3156 opiniones
281 3070 481 3154 distinguens
506 3072 784 3138 Anaximandrum
819 3074 851 3138 in
886 3076 1026 3156 priorum
1058 3094 1189 3140 numero

87 3183 221 3266 ponit1).
267 3181 347 3248 (ium
371 3184 467 3266 igitur
489 3183 675 3267 Simplicius
698 3182 759 3249 hoe
781 3185 851 3250 loco
875 3184 972 3260 dieat,
996 3184 1189 3250 Anaximan-

86 3289 137 3354 dri
160 3292 321 3358 sententia
343 3313 447 3358 rerum
469 3295 711 3376 generationem
734 3314 797 3358 uon
827 3293 932 3378 κύκλῳ
956 3295 1014 3360 sed
1044 3295 1110 3356 κατ’
1136 3287 1189 3357 ro'-

88 3495 287 3503 Qu...—

189 3609 216 3676 l)
236 3609 358 3679 Simplic.
379 3611 452 3664 Coel.
472 3613 528 3664 slb
544 3614 587 3678 41,
608 3611 735 3666 Garsten:
756 3615 801 3663 καὶ
820 3620 913 3674 μέντοι
937 3653 942 3664 .
963 3652 969 3664 .
991 3614 1018 3663 οἱ
1041 3612 1096 3682 μὲν
1113 3609 1190 3666 ἀναι-

87 3708 161 3774 ροῦσι
182 3705 232 3772 τὴν
249 3711 360 3776 γένεσιν
379 3749 474 3774 .....
495 3711 520 3760 οἱ
540 3709 570 3761 δὲ
591 3710 624 3768 ἐξ
641 3707 719 3767 ἑνὸς
739 3702 846 3762 πάντα
870 3715 1035 3778 γίνεσθαι
1052 3711 1187 3777 λέγουσι

87 3802 154 3854 κατ’
175 3798 326 3864 εὐθεῖαν,
354 3801 398 3874 ὡς
416 3800 688 3875 Ἀναξίμανδρος
708 3809 752 3856 καὶ
772 3805 952 3874 Ἀναξιμένης,
976 3808 1001 3856 oi
1027 3805 1058 3857 dt
1078 3809 1123 3858 καὶ
1141 3810 1189 3874 γέ-

88 3917 164 3954 νεσιν
182 3903 290 3970 λέγουσι
312 3904 357 3952 καλ
376 3901 404 3960 ἐξ
419 3895 539 3966 ἀλλήλων
560 3897 610 3966 τὴν
627 3905 738 3969 γένεσιν
756 3901 875 3968 ποιοῦσι,
899 3897 950 3964 τὴν
974 3894 1056 3954 ἄλλου
1075 3899 1189 3973 φθορὰν

87 3990 168 4050 ἄλλου
185 4000 297 4066 γένεσιν
316 3991 444 4065 (ὁρῶντες,
464 3993 500 4054 ὠς
510 3999 535 4048 οἱ
546 4000 762 4066 πεπερασμένης
776 3992 920 4066 τάςάρχάς
930 3998 1079 4064 λέγοντες.“
1100 4002 1187 4067 Aper·

88 4094 193 4148 tissime
212 4112 228 4147 a
248 4091 414 4161 Philopon0,
436 4092 588 4147 Comment.
614 4094 643 4147 in
672 4094 738 4147 Gen.
767 4099 794 4148 et
820 4093 895 4147 Corr.
917 4097 959 4162 55,
985 4113 1008 4155 a,
1034 4113 1060 4163 p.
1080 4095 1138 4158 inf„
1158 4094 1187 4162 ’ἡ

88 4194 194 4258 γένεσις
214 4189 272 4242 κατ’
292 4183 403 4242 εὐθεῖαν
431 4189 473 4242 vel
500 4190 543 4242 ἐπ’
564 4186 686 4248 εὐθεῖαί
712 4194 739 4244 et
763 4185 794 4255 ‘d
812 4194 920 4258 γένεσις
938 4185 1037 4260 κὺκλῳ’
1065 4191 1140 4244 inter
1158 4209 1187 4246 se

88 4290 275 4356 opponuntur.
