2862 4910
735 371 788 424 280

208 543 381 625 contendit,
412 564 468 610 eos
490 543 655 628 physicos,
677 544 734 626 qui
757 541 1008 608 innumerabiles
1031 546 1152 624 ponant
1173 540 1320 606 mundos

210 654 364 738 deinceps
396 655 536 720 orientes
569 651 826 733 occidentesque,
860 656 982 716 motum
1014 655 1154 716 statuere
1185 655 1320 714 aeter·
1424 661 1425 682 ³

208 783 298 828 num
320 781 392 856 esse
401 764 433 840 ¹).
478 763 516 826 ln
548 760 637 828 hisce
660 766 768 826 autem
790 759 946 845 physicis,
980 760 1036 842 qui
1059 758 1319 824 innumerabiles

209 877 331 955 ponant
353 870 489 938 mundos
502 869 655 954 deinceps
678 870 819 938 orientes
835 869 1093 952 occidentesque,
1114 868 1319 933 Anaximan-

210 981 302 1046 drum
324 982 423 1046 etiam
442 999 524 1058 esse,
547 986 579 1046 et
601 979 664 1064 ipsi
689 985 803 1063 postea
823 977 1115 1044 demonstrabimus
1137 983 1169 1042 et
1190 977 1320 1042 aSim-
1425 1029 1426 1032 ,

209 1089 308 1174 plioio
330 1091 363 1155 in
385 1088 480 1155 huius
502 1090 566 1156 loci
587 1089 804 1172 explicatione
826 1094 939 1172 aperte
963 1085 1210 1169 contenditnr²);
1235 1107 1319 1170 ergo

209 1199 402 1266 Aristoteles
414 1198 692 1264 Anaximandrum
708 1197 866 1282 principio
889 1218 953 1264 uon
969 1199 1073 1264 solum
1089 1203 1206 1264 motum
1231 1197 1321 1264 dicit

211 1308 269 1374 sed
291 1313 490 1374 aeternum
512 1315 654 1375 motum
676 1308 828 1374 tribuere.

311 1417 406 1498 Quod
434 1416 477 1484 ad
499 1419 675 1503 scriptores
697 1416 900 1504 ‘posteriores
921 1420 1047 1501 attinet,
1069 1419 1206 1503 primum
1229 1421 1319 1488 Sim-

211 1527 329 1612 plicius
341 1549 380 1595 eo
391 1530 471 1611 loco,
494 1548 587 1612 quem
603 1528 749 1612 proxime
765 1529 969 1594 laudavimus
976 1530 1012 1610 ³),
1036 1529 1319 1596 Anaximandrum

211 1639 405 1722 generaliter
440 1639 473 1703 in
505 1658 614 1704 eornm
636 1659 769 1704 numero
794 1638 894 1723 ponit,
928 1639 986 1721 qui
1018 1646 1182 1704 aeternum
1213 1640 1321 1704 velint

213 1767 285 1813 esse
307 1752 440 1830 motum,
464 1746 589 1812 duobus
611 1753 721 1812 antem
741 1747 822 1812 loeis
845 1746 930 1812 hunc
946 1747 1222 1829 antecedentibus,
1243 1747 1321 1829 qni-

211 1856 282 1940 bus,
303 1854 562 1940 Theophrastum
576 1857 647 1922 sine
666 1855 766 1922 dnbio
789 1862 927 1938 secutus,
950 1856 1095 1922 consulto
1118 1862 1217 1922 totam
1227 1856 1320 1922 Ana-

212 1965 374 2032 ximandri
395 1966 572 2032 doctrinam
597 1966 740 2031 breviter
754 1964 935 2042 adumbrat,
959 1964 1043 2030 huno
1067 1964 1145 2031 dicit
1166 1973 1320 2030 naturam
1427 2027 1428 2044 ,

213 2075 375 2156 quandam
390 2075 548 2140 infinitam
564 2077 706 2141 omniurn
721 2096 827 2142 rerum
843 2075 1049 2161 principium,
1072 2082 1104 2141 et
1114 2083 1321 2142 aeternnm

213 2184 332 2250 huius
354 2185 553 2268 principii
584 2191 723 2251 motum
751 2205 933 2250 caussam
961 2187 1232 2268 generationis
1254 2206 1321 2269 po-

214 2293 349 2376 nere⁴),
379 2301 411 2360 et
438 2295 621 2361 accuratius
647 2293 755 2377 etiam,
788 2295 1008 2377 generationis
1041 2315 1191 2361 caussam
1212 2297 1246 2360 in
1277 2317 1321 2362 eo

321 2531 348 2597 1)
368 2532 486 2586 Aristot.
518 2532 600 2601 Phys.
627 2531 702 2602 VIII,
728 2536 752 2587 l.
776 2531 849 2587 asub
866 2533 910 2586 15:
939 2533 1022 2600 ,εἶναι
1050 2532 1106 2603 μὲν
1133 2524 1183 2585 οὗν
1209 2536 1324 2597 κίνησιν

214 2620 315 2686 πάντες
333 2631 423 2698 φασὶν
441 2631 468 2681 ot
485 2633 548 2698 περὶ
569 2623 679 2701 φύσεώς
701 2650 725 2682 u.
750 2629 891 2700 λέγοντες“
911 2659 944 2670 -
965 2633 994 2684 st
1010 2629 1106 2698 paullo
1125 2634 1198 2698 post,
1223 2646 1249 2682 v.
1270 2631 1321 2683 18:

216 2719 290 2791 ,ἀλλ’
310 2718 372 2777 ὅσοι
389 2725 446 2797 μὲν
455 2721 584 2796 ἀπείρους
602 2744 628 2779 τε
648 2721 771 2798 κόσμους
789 2727 861 2781 εἶναί
873 2742 953 2798 φασι,
972 2723 1089 2785 καὶτοὺς
1101 2725 1157 2797 μέν
1168 2731 1320 2795 γίγνεσθαι

213 2816 274 2879 τοὺς
293 2820 324 2873 di
344 2826 512 2892 φθείρεσθαι
531 2823 586 2875 τῶν
604 2818 729 2893 κόσμων,
748 2819 804 2875 ἀεί
821 2839 930 2893 φασιν
948 2821 1033 2876 εἶναι
1054 2821 1215 2887 κίνησιν.“

313 2918 343 2983 2)
363 2919 485 2988 Simplic.
505 2919 585 2989 Phys.
606 2921 669 2988 257,
689 2921 718 2986 b,
741 2924 805 2990 post
824 2919 895 2974 med.
920 2948 970 2986 ,—
991 2918 1062 2978 τινὲς
1084 2918 1140 2989 μὲν
1162 2919 1217 2973 τῶν
1236 2935 1321 2989 φυσι-

214 3017 271 3070 κῶν
287 3011 380 3069 ἀίδιον
397 3013 535 3070 ὑπέθεντο
554 3014 736 3086 τὴνκίνησιν,
755 3018 826 3076 τινὲς
845 3017 876 3070 δὲ
894 3013 943 3070 οὐκ
955 3013 1048 3069 ἀίδιον
1068 3056 1075 3070 .
1095 3058 1100 3069 .
1120 3057 1126 3070 .
1147 3018 1173 3068 ol
1191 3012 1322 3086 μὲνγὰρ

214 3108 342 3184 ἀπείρους
360 3114 397 3184 τῷ
415 3109 514 3180 πλήθει
533 3111 595 3174 τοὺς
611 3109 735 3186 κόσμους
745 3113 927 3186 ὑποθέμενοι,
947 3111 982 3173 ὡς
1001 3116 1027 3166 ol
1039 3115 1103 3182 περὶ
1113 3109 1152 3167 'A
1162 3115 1321 3183 νοξίμον-

215 3211 233 3262 d
239 3227 296 3280 ρον
314 3213 360 3263 acl
378 3205 542 3265 Λεύκιππον
560 3216 606 3264 καί
625 3206 803 3283 Δημόκριτον
822 3216 867 3264 καὶ
887 3207 1000 3280 ὕστερον
1019 3213 1045 3262 οἱ
1063 3213 1126 3280 περὶ
1137 3205 1321 3279 Ἐπίκουρον,

213 3311 377 3377 γινομένους
395 3304 490 3366 αὐτοὺς
508 3312 554 3361 καὶ
574 3312 778 3380 φθειρομένους
790 3305 926 3362 ὑπέθεντο
945 3307 990 3360 ἐπ’
1002 3301 1125 3377 ἄπειρον,
1143 3301 1243 3372 ἄλλων,
1263 3307 1321 3376 μὲν

214 3401 256 3457 ἀεὶ
274 3408 437 3476 γινομένων,
456 3397 544 3459 ἄλλων
564 3405 595 3458 δὲ
606 3409 813 3476 φθειρομένων,
831 3408 876 3458 aul
894 3405 1107 3471 τὴνκίνησιν
1125 3401 1242 3456 ἀΐδιον
1263 3405 1320 3456 ἔλε-

214 3517 278 3570 γον·
297 3494 363 3554 ἄνευ
379 3496 432 3570 γὰρ
451 3494 582 3566 κινήσεως
600 3493 649 3554 οὖν
668 3502 723 3555 ἔστι
744 3505 851 3570 γένεσις
869 3505 915 3553 καὶ
934 3505 1055 3572 φθορο.ιι
1067 3529 1101 3540 -·
1115 3499 1223 3554 Eodem
1233 3500 1319 3554 modo

215 3594 384 3650 Plutarchus
403 3593 490 3664 (apud
509 3595 612 3649 Euseb.
632 3594 731 3664 Praep.
744 3595 795 3649 Ev.
811 3595 833 3663 1,
843 3597 869 3662 8,
883 3597 911 3661 2)
931 3595 960 3648 in
970 3595 1177 3648 Anaximandri
1187 3595 1320 3649 doctrina

216 3691 354 3745 infinitam
375 3692 544 3745 mundorum
563 3692 774 3746 multitudinem
794 3696 823 3746 et
836 3692 1033 3746 aeternitatem
1053 3696 1144 3745 motus
1157 3691 1319 3762 coniungit3

214 3793 364 3857 postquam
383 3787 457 3842 euim
475 3788 557 3852 dixit,
575 3789 779 3843 Anaximandri
805 3789 945 3842 sententia
963 3789 998 3842 ab
1019 3775 1088 3842 aevo
1107 3788 1220 3842 infinito
1236 3789 1319 3844 innu-

215 3885 362 3938 merabiles
381 3885 499 3939 mundos
517 3885 585 3939 oriri
610 3889 638 3939 et
663 3885 788 3949 interire,
807 3885 899 3939 addit:
925 3878 1105 3955 ,ἀπεφήνατο
1125 3885 1156 3938 ol
1176 3882 1226 3951 τὴν
1244 3893 1319 3956 φθο-

215 3979 267 4052 ρὰν
284 3985 417 4051 γένεοθαι
436 3986 482 4035 καὶ
500 3982 571 4036 πολὺ
588 3977 722 4053 πρότερον
740 3979 789 4049 τὴν
805 3986 924 4051 γένεσιν,
953 3982 984 4034 έν
1004 3977 1118 4051 ἀπείρου
1136 3983 1237 4041 αἰῶνος
1253 3981 1319 4036 riva·

216 4081 399 4150 κυκίωμίνων
417 4072 530 4135 πάντων
545 4076 634 4134 αὐτῶν
650 4079 697 4150 (sc.
717 4080 772 4134 τῶν
789 4076 910 4149 ἀπείρων
930 4073 1082 4150 κόσμων).“

316 4176 344 4245 3)
363 4175 427 4230 Vid.
446 4182 504 4231 not.
523 4177 650 4246 proxime
669 4181 757 4231 antec.
1067 4243 1071 4250 Ι

317 4275 343 4336 4)
363 4271 486 4342 Simplie.
510 4272 590 4342 Phys.
618 4274 643 4340 9,
662 4272 689 4335 h,
716 4277 790 4342 part.
814 4291 873 4342 sup.
900 4269 1122 4343 Ἀναξίμανδρος
1146 4315 1151 4327 .
1176 4269 1320 4344 ,cinomia
