2870 4904
735 397 789 450 aet

205 568 273 634 lam
296 589 372 635 varo
395 589 542 634 omnem
567 574 705 634 motum
732 569 968 635 tollentibus
984 569 1137 636 contrarii
1152 575 1237 650 sunt,
1260 569 1320 650 qui

206 680 240 742 in
263 681 446 744 universum
469 678 639 760 aliquem
663 683 801 743 motum
824 685 982 761 ponunt,
1005 681 1188 761 quicunque
1206 679 1234 742 is
1258 683 1320 742 est.

205 788 291 870 Ergo
314 786 506 852 Aristoteles
536 786 690 870 physicos
717 786 795 851 dicit
818 789 872 852 uni
894 806 953 852 suo
978 787 1046 852 enti
1068 786 1100 851 in
1126 785 1318 852 universnm

205 895 347 978 aliquem
369 902 490 960 motum
513 895 661 977 tribuere,
685 895 788 961 itaut
811 894 949 979 quodvis
972 902 1077 961 motus
1092 915 1197 978 genus
1222 895 1319 961 intel-

204 1005 269 1087 legi
294 1006 403 1087 possit.
446 1003 537 1069 Idem
554 1003 629 1068 inde
641 1009 788 1088 apparet,
811 1002 899 1085 quod
911 1003 1026 1069 eodem
1037 1005 1119 1082 loco,
1143 1009 1179 1068 ut
1204 1003 1318 1086 paullo

206 1122 281 1179 ante
304 1113 513 1191 ostendimus,
543 1111 696 1196 physicos
719 1112 839 1178 inuno
864 1131 922 1178 suo
946 1119 1019 1178 ente
1043 1117 1166 1177 motum
1192 1132 1318 1196 ponere

206 1223 282 1288 inde
304 1225 409 1305 sumit,
431 1222 518 1305 quod
539 1241 580 1287 ex
598 1242 637 1288 eo
653 1221 892 1288 multitudinem
907 1228 1075 1305 generent;
1097 1242 1173 1286 nam
1197 1227 1317 1302 motus,

206 1333 261 1415 qui
294 1333 531 1415 generationem
573 1333 669 1397 etiam
701 1331 912 1415 diversosque
945 1330 1166 1414 generationis
1197 1332 1318 1397 modos

207 1443 380 1522 contineat,
425 1443 607 1508 necessario
656 1441 852 1525 intellegitur
895 1446 999 1506 motus
1032 1442 1064 1504 in
1117 1443 1317 1506 universum.

207 1553 405 1618 Posteriores
454 1557 560 1617 autem
608 1571 688 1633 quos
733 1552 897 1616 attulimus
948 1551 1140 1635 scriptores,
1191 1550 1317 1634 simpli-

207 1663 287 1728 citer
326 1661 450 1738 dicunt,
491 1661 765 1728 Anaximandrum
799 1667 964 1726 aeternum
1001 1658 1155 1744 principii
1193 1667 1319 1724 motum

208 1778 358 1848 statuere,
381 1772 471 1836 nulla
500 1773 626 1854 generis
646 1769 884 1852 significatione
906 1767 1028 1834 addita.
1071 1767 1184 1832 Nihilo
1207 1775 1318 1834 tamen

207 1883 312 1946 minus
340 1900 411 1945 cum
442 1882 475 1945 in
507 1879 621 1946 horum
656 1885 722 1943 tum
755 1880 788 1944 in
819 1878 1003 1944 Aristotelis
1034 1880 1114 1943 locis
1151 1878 1320 1960 quaedam

209 1997 291 2066 sunt,
329 2009 346 2053 e
382 1988 512 2070 quibus,
547 1990 574 2054 si
611 2008 682 2053 cum
719 1987 793 2052 aliis
831 1987 1028 2070 argumentis
1065 1986 1320 2070 coniunguntur,

146 2099 147 2102 ’
208 2099 356 2182 quaestio
389 2097 556 2182 proposita
582 2097 730 2162 videatur
762 2096 845 2162 solvi
877 2116 982 2180 posse.
1040 2095 1106 2162 Sed
1138 2103 1320 2179 antequam

209 2207 463 2292 progrediamur,
498 2206 659 2273 sententia
691 2205 926 2272 consideranda
964 2213 1013 2272 est
1048 2204 1321 2287 Teichmuelleri‚

208 2318 264 2401 qui
287 2319 373 2383 solus
396 2317 437 2382 de
459 2316 697 2383 Anaximandri
731 2323 819 2382 motu
843 2315 1030 2398 diligentius
1052 2314 1247 2398 disputavit,
1272 2322 1321 2397 ut,

210 2429 237 2492 si
269 2426 360 2492 hanc
384 2428 465 2493 forte
499 2426 686 2512 apparuerit
718 2447 826 2492 veram
854 2446 936 2506 esse,
970 2424 1057 2490 omni
1090 2423 1321 2508 disputatione

209 2537 370 2620 possimus
394 2535 613 2620 supersedere.

306 2644 581 2710 Teichmuellerus
610 2645 710 2728 igitur
739 2650 904 2710 aeternum
939 2641 1094 2726 principii
1126 2647 1250 2708 motum
1275 2643 1320 2709 ab

209 2754 452 2820 Anaximandro
465 2754 602 2836 positum
621 2752 788 2819 contendit
811 2772 882 2818 esse
908 2757 1045 2817 motum
1068 2749 1320 2830 simularem,

208 2885 282 2949 quo
309 2865 435 2948 ipsum
458 2864 660 2928 inlinitum
682 2862 928 2947 principium
951 2860 1096 2926 circum
1121 2880 1233 2925 axem
1267 2859 1320 2926 fe-

208 2979 326 3050 ratur.
371 2972 509 3052 Etenim,
543 2977 577 3036 ut
599 2971 752 3037 brevibus
780 2976 878 3036 totam
902 2971 971 3035 eius
994 2967 1190 3034 sententiam
1214 2970 1319 3053 expli-

209 3102 287 3157 cem,
311 3080 542 3148 Anaximandri
561 3079 757 3164 principium
771 3101 843 3147 esse
866 3085 959 3164 putat
973 3080 1105 3163 globum
1122 3079 1319 3145 immensum

208 3193 380 3270 (infinitum
403 3191 487 3257 enim
519 3212 582 3256 non
612 3190 676 3257 nisi
707 3211 792 3273 vaga
824 3189 963 3273 quadam
985 3188 1183 3272 cogitatione
1206 3188 1319 3268 dici¹).

208 3303 323 3386 vapori
346 3301 494 3383 similem,
517 3321 579 3383 quo
593 3301 754 3366 contraria
768 3321 873 3366 rerum
897 3301 1055 3365 elementa
1070 3298 1215 3383 perfecte
1231 3318 1318 3364 com-

209 3413 311 3478 mixta
321 3411 557 3485 commeantum
581 3410 666 3475 hunc
677 3409 807 3493 globum
819 3409 859 3474 ab
873 3407 959 3473 omni
973 3407 1166 3474 aeternitate
1183 3427 1316 3474 conver-

210 3523 300 3588 sione
324 3520 461 3587 rotunda
476 3519 595 3586 circum
611 3539 703 3584 axem
721 3519 853 3600 moveri,
869 3516 994 3601 haeque
1016 3516 1229 3582 conversione
1243 3537 1317 3583 cum

210 3633 368 3696 elementa
381 3631 437 3696 illa
447 3629 607 3695 contraria
620 3633 965 3700 seee1·nantur,terram
978 3627 1074 3709 eique
1084 3626 1314 3692 circumfusum

209 3760 317 3805 aerem
348 3746 380 3804 et
403 3740 496 3805 orbes
519 3739 674 3804 coelestes
697 3736 787 3817 oriri;
809 3772 850 3780 —
873 3735 1019 3800 similiter
1040 3740 1137 3816 atque
1163 3753 1184 3798 a
1206 3754 1314 3800 recen-

210 3847 348 3915 tioribus
371 3848 517 3933 physicis
541 3868 582 3912 ex
603 3847 697 3913 unius
720 3846 808 3931 globi
824 3844 959 3929 vaporei
982 3843 1114 3926 (silicet
1136 3841 1198 3908 hoc
1221 3863 1314 3909 voca-

210 3957 320 4023 bulum
342 3957 479 4041 tingere)
511 3955 760 4023 circumactione
784 3956 986 4039 planetarum
1009 3952 1100 4036 origo
1123 3958 1156 4017 et
1179 3952 1259 4018 ordo
1280 3957 1312 4015 ct

312 4305 339 4375 1)
359 4304 475 4359 Studien
496 4321 545 4357 zur
565 4304 662 4359 Gesoh.
683 4305 733 4359 der
752 4303 873 4375 Begritie
893 4321 919 4372 p.
940 4305 983 4357 56.
