2864 4910
749 388 802 442 416

125 631 129 639 ⁸
226 581 297 626 cum
320 559 376 626 alii
403 566 471 625 turn
491 557 669 640 Zellerus1)
696 561 744 626 ita
765 565 881 644 putant
910 561 1159 646 intellegendam
1180 581 1261 644 esse,
1286 568 1318 627 ut
1403 537 1404 548 ἵ

225 671 267 735 ab
289 670 496 736 Anaxemene
519 669 632 734 stellae
655 669 812 751 dicantur,
842 676 1015 754 postquam
1037 671 1071 735 in
1093 672 1181 737 coelo
1202 677 1317 736 motum

225 782 267 846 ab
291 788 362 846 artu
384 780 426 845 ad
453 799 603 846 occasum
625 780 829 863 perfecerint,
864 781 1008 846 alatere
1041 781 1088 846 ita
1121 779 1253 862 deflecti,
1287 785 1319 844 ut

225 890 332 954 cirea
354 901 488 955 terrae
510 891 722 973 marginem
744 891 787 955 ad
810 897 914 956 ortum
937 899 1149 975 revertantur,
1178 893 1319 959 similiter
1404 913 1405 934 ¹

225 1005 321 1082 atque
343 1005 469 1065 veteres
498 1005 613 1084 poetae
644 1001 744 1066 solem
777 1001 935 1084 putabant
966 1022 1087 1068 oceano
1113 1002 1317 1082 circumvehi;

225 1116 257 1174 et
279 1109 423 1174 Zellerus
443 1128 501 1191 pro
524 1108 657 1192 insigni,
690 1129 754 1190 qua
776 1109 885 1191 utitur,
916 1110 1064 1176 doctrina
1086 1111 1191 1178 adfert
1222 1113 1316 1177 etiarn

224 1220 329 1284 locum
353 1217 547 1299 Aristotelis,
571 1237 633 1300 quo
657 1219 685 1283 is
708 1218 844 1284 eandem
860 1222 1051 1287 sententiam
1076 1220 1183 1291 multis
1204 1226 1319 1284 meteo-

223 1328 343 1409 rologis
366 1327 507 1408 antiquis
530 1327 694 1407 tribuas).
739 1329 781 1392 At
803 1349 879 1393 nurn
897 1331 1061 1395 versimile
1080 1338 1131 1396 est
1153 1335 1236 1411 (narn
1252 1328 1318 1393 fieri
1405 1317 1406 1320 '

223 1435 365 1517 potuisse
388 1434 553 1516 concedo),
589 1437 838 1519 Anaximenem,
877 1446 1051 1522 postquam
1084 1437 1319 1505 Anaximander

222 1550 333 1627 aperte
363 1545 526 1611 stellarum
559 1554 678 1611 motum
701 1548 788 1612 circa
817 1548 929 1613 mundi
961 1569 1055 1615 axem
1088 1548 1247 1628 docuerat,
1278 1545 1316 1609 ad

222 1657 389 1737 antiquam
410 1663 578 1738 poetarum
601 1654 787 1737 opinionem
810 1659 984 1723 revertisse
1006 1664 1054 1723 tot
1078 1658 1238 1739 tantisque
1261 1655 1316 1718 dif-

170 1795 171 1802 ,
221 1765 417 1830 ficultatibns
440 1762 663 1846 implicatam?
685 1763 727 1828 Et
749 1785 768 1828 a
791 1785 932 1847 quanam
954 1786 1073 1832 caussa
1092 1766 1251 1850 putandus
1272 1769 1316 1828 est

221 1877 294 1940 illos
316 1881 420 1940 motus
443 1882 508 1938 tam
530 1873 727 1955 multiplices
744 1877 933 1958 repetiisse?
976 1876 1059 1940 Nam
1083 1875 1315 1957 quochllerus

217 1977 331 2052 'stellas
355 1990 447 2068 putat
479 1983 565 2049 aeris
599 1983 694 2067 pulsu
717 1983 936 2068 circumflecti,
968 1992 1064 2050 antea
1085 1987 1152 2050 iam
1173 1984 1314 2057 vidimus,

223 2096 455 2160 Anaximenem
477 2094 518 2159 ab
538 2095 624 2160 aeris
640 2096 735 2178 pulsu
759 2114 824 2159 non
838 2096 902 2159 nisi
924 2095 1022 2160 solis
1045 2101 1085 2160 et
1107 2096 1221 2160 lunae
1241 2111 1314 2172 τρο-

223 2199 302 2286 πάς,
323 2204 356 2269 id
380 2210 438 2287 est,
465 2204 692 2268 conversiones
721 2224 741 2266 a
762 2204 902 2269 solstitio
928 2203 971 2268 ad
998 2205 1145 2269 brumam
1169 2209 1315 2288 repetere.

225 2313 273 2389 lit,
297 2312 383 2395 quod
404 2312 578 2386 maximum
601 2319 659 2392 est,
687 2312 746 2377 illa
766 2311 951 2377 narratione
984 2333 1048 2377 non
1080 2314 1183 2378 solum
1215 2314 1260 2378 sol
1286 2316 1331 2376 et.

222 2424 310 2504 luna,
335 2443 447 2488 verum
481 2423 592 2488 stellae
625 2422 657 2485 in
690 2421 873 2486 universum
905 2415 959 2500 (τὰ
980 2409 1093 2503 docco,
1123 2415 1154 2486 oi
1177 2412 1314 2504 ἀστέρες)
1408 2493 1409 2500 ἵ

222 2553 285 2597 non
320 2539 431 2615 supter
451 2537 570 2596 terram
603 2530 661 2595 sed
687 2531 774 2596 circa
798 2537 916 2596 terram
939 2530 1140 2596 circumferri
1169 2531 1313 2598 dicuntur.

224 2642 266 2706 At
288 2640 520 2705 Anaximenen
544 2645 630 2704 certe
661 2660 724 2703 non
747 2639 861 2722 fugere
884 2645 1019 2722 poterat,
1047 2641 1158 2705 stellas
1182 2641 1254 2723 polo
1273 2638 1313 2701 vi-

222 2750 311 2815 cinas
334 2751 372 2814 in
389 2750 498 2814 coelo
520 2747 606 2813 circa
628 2746 712 2812 huno
728 2749 830 2829 ipsum
855 2748 961 2830 polum
975 2749 1133 2822 oou'verti;
1155 2748 1213 2813 hos
1225 2747 1314 2830 igitur

221 2879 286 2923 non
309 2858 440 2923 credere
463 2864 589 2940 poterat
611 2857 728 2922 circa
749 2862 882 2921 terrae
905 2858 1121 2940 marginem
1142 2856 1184 2922 ab
1205 2872 1312 2921 occasu

221 2967 264 3031 ad
288 2974 393 3032 ortum
414 2965 530 3030 redire.
574 2965 723 3046 Denique
746 2963 832 3046 quod
854 2963 897 3029 ad
918 2964 1010 3028 illum
1022 2964 1204 3030 Aristotelis
1218 2965 1313 3030 locun

220 3145 317 3224 ’μοίως
338 3154 395 3206 ἐπὶ
417 3149 479 3220 τὴν
500 3154 562 3223 γῆν
584 3156 642 3206 καὶ
668 3156 746 3220 περὶ
772 3148 873 3218 αὐτὴν
900 3156 1072 3224 στρέφεσθαι
1096 3148 1159 3211 τοὺς
1181 3147 1313 3219 ἀστέρας-ί(

221 3250 283 3318 Sed,
310 3252 357 3304 ἐπὶ
375 3246 424 3315 τὴν
447 3251 512 3320 γῆν’
540 3253 659 3319 propter
687 3249 856 3302 sententiam
884 3249 1026 3302 insolitam
1056 3248 1169 3302 videtur
1195 3247 1312 3301 additum

219 3366 287 3414 esse,
310 3347 364 3399 nisi
383 3346 456 3400 forte
480 3346 630 3415 legendum
649 3349 692 3399 est
709 3342 779 3397 ‘ind
800 3343 849 3412 τὴν
867 3345 940 3414 yriv’.

320 3444 345 3513 l)
365 3444 460 3497 Gesoh.
482 3443 504 3512 I,
524 3445 574 3495 211
597 3459 620 3497 c.
639 3449 699 3497 not.
719 3444 779 3496 384.

319 3541 347 3610 2)
368 3538 776 3607 Aristot.Mateor.ll,l.'3512
791 3541 834 3607 27,
853 3542 1003 3607 postquam
1011 3537 1093 3603 dixit,
1103 3538 1312 3606 septentrionem

219 3655 314 3691 versus
333 3642 439 3690 terram
459 3635 587 3690 altiorem
607 3653 673 3696 esse,
695 3637 747 3688 ait:
769 3639 849 3704 ,cept
868 3634 899 3687 dl
923 3635 970 3686 τοῦ
988 3631 1020 3686 τὰ
1040 3631 1108 3703 πρὸς
1131 3627 1230 3703 ἄρκτον
1252 3633 1310 3685 εἶναι

217 3736 262 3799 τῆς
283 3735 333 3803 γῆς
349 3730 442 3801 ὑψηλὰ
462 3726 579 3803 σημεῖόν
596 3729 664 3784 τιτὸ
685 3728 801 3790 πολλοὺς
814 3732 962 3797 πεισθῆναι
982 3732 1037 3783 τῶν
1055 3727 1182 3800 ἀρχαίων
1194 3747 1312 3802 μετεωρο·

218 3826 316 3900 λόγων,
335 3828 384 3884 τὸν
402 3825 495 3896 ἥλιον
521 3826 561 3899 μὴ
580 3832 720 3899 φέρεσθαι
744 3827 808 3880 ὑπὸ
832 3829 896 3897 γῆν
921 3824 1003 3878 ἀλλὰ
1023 3831 1095 3896 περὶ
1117 3823 1178 3894 τὴν
1195 3827 1254 3895 γῆν
1273 3823 1311 3876 nat

215 3923 364 3982 rdvrdnov
381 3928 485 3991 τοῦτον,
507 3925 693 3996 ἀφανίζεσθαι
714 3924 745 3977 dl
758 3929 804 3976 καὶ
822 3929 911 3976 ποιεῖν
933 3917 1013 3976 νύκτα
1028 3919 1113 3976 διὰτὸ
1133 3921 1243 3991 ὑψηλὴν
1252 3921 1309 3974 εἶναι

215 4025 283 4095 πρὸς
302 4017 402 4093 ἰίρκτυν
421 4020 469 4090 τὴν
488 4023 567 4091 γῆν.“
609 4021 711 4076 Statim
731 4019 1009 4074 animadvertendum
1028 4024 1107 4090 puto,
1128 4019 1310 4072 Alexandrum

216 4122 290 4175 huno
314 4122 403 4173 locum
429 4119 518 4172 solum
544 4117 781 4179 circumscribere,
812 4117 897 4170 nullis
921 4117 1081 4170 nominibus
1105 4115 1222 4184 additis;
1247 4111 1311 4168 unde

215 4216 404 4288 colligendum
423 4219 474 4281 est,
493 4232 556 4267 eum
581 4213 846 4282 ephilosophorum
870 4230 986 4267 numero
1015 4213 1123 4272 nullum
1147 4213 1310 4282 cognovisse,

215 4315 263 4382 qui
282 4315 361 4368 illam
381 4311 550 4365 sententiam
569 4311 768 4379 proposuisset.
