2882 4902
610 288 690 422 Ἰ
784 335 818 390 m

248 510 350 578 lertm
358 509 392 592 ¹).
428 507 519 588 Quae
542 509 736 576 antecedunt
757 508 832 574 inde
849 508 991 574 averhis
1015 505 1160 590 „iacivog
1181 499 1247 591 γὰρ
1261 503 1360 581 uulf&

249 627 384 706 possunt
401 619 532 703 quidem
553 619 809 706 eTheophrasto
832 625 961 704 sumpta
980 637 1066 700 esse;
1090 617 1148 684 sed
1163 615 1362 701 Simplicius

249 751 289 798 ea
312 731 441 797 omnino
465 737 500 796 ut
521 751 582 796 sna
602 731 725 815 profert
739 737 836 813 atque
858 729 1042 813 ecquidem
1063 727 1200 794 consilio
1221 727 1361 811 profert,

250 847 285 908 ut
310 840 352 906 ad
375 840 591 924 Theophrasti
615 841 808 906 sententiam
827 837 1077 923 intellegendam
1098 835 1326 922 praeparem).

350 948 490 1016 Gravius
514 956 621 1015 antem
657 968 728 1015 esse
757 948 886 1015 videtur
907 947 1090 1014 Aristotelis
1122 946 1359 1026 testimonium,

250 1061 307 1144 qui
329 1078 392 1126 uno
412 1056 708 1142 ¹ldetaphysicorum
727 1058 797 1124 loco
813 1055 1047 1124 Anaximandri
1066 1056 1269 1142 principium
1287 1059 1359 1124 sim·

251 1167 382 1252 pliciter
402 1167 630 1233 mixtionem
658 1167 811 1252 appellat.
856 1168 966 1252 Agens
988 1167 1074 1232 enim
1095 1165 1136 1231 de
1156 1187 1270 1232 rerum
1295 1187 1358 1232 cor·

251 1295 420 1357 persarum
449 1276 655 1361 principiisi)
677 1277 815 1362 primum
838 1275 933 1356 dicit,
967 1276 1077 1342 omnia
1107 1275 1175 1342 lieri
1197 1296 1217 1342 e
1238 1284 1358 1342 natura

182 1411 184 1415 ·
250 1385 390 1468 quadam
413 1386 572 1466 subiecta,
601 1405 685 1476 qnae
707 1385 756 1468 id,
784 1384 871 1470 quod
893 1385 965 1469 fiat,
994 1385 1091 1452 simul
1118 1391 1150 1451 et
1168 1385 1214 1451 sit
1235 1394 1273 1451 et
1297 1407 1356 1451 non

251 1495 304 1575 sit,
326 1503 426 1586 atque
446 1495 499 1561 sit
516 1495 648 1578 quidem
659 1496 813 1580 potentia,
836 1515 912 1561 non
934 1495 989 1561 sit
1010 1502 1117 1561 antem
1130 1495 1251 1578 actn4),·
1275 1503 1356 1562 turu-

251 1625 322 1686 qne,
356 1605 467 1690 {raucis
494 1610 636 1670 veterum
666 1603 873 1689 physicorum
900 1603 941 1670 de
967 1604 1029 1671 hac
1055 1625 1090 1670 re
1111 1604 1285 1690 opiniones
1310 1624 1356 1669 re·

251 1733 395 1798 censens,
417 1713 556 1796 additll:
591 1720 688 1796 atque
721 1705 797 1780 talis
826 1719 943 1780 natura
962 1721 1011 1780 est
1043 1709 1102 1794 „cd
1133 1704 1355 1797 Ἀναξαγόρου

251 1819 300 1906 ἓν,
323 1821 465 1903 (βέλτιον
492 1817 551 1904 γὰρ
578 1814 600 1907 ἢ
627 1815 711 1903 ὁμοῦ
739 1814 860 1904 πάντα)
890 1820 943 1886 καὶ
973 1813 1283 1904 Ἐμπεδοκλέους
1312 1816 1354 1886 nd

251 1935 373 2014 μῖγμα
401 1929 468 1995 καὶ
492 1921 840 2012 Ἀναξιμάνδρου.“
882 1929 1035 1996 Dubitari
1068 1930 1198 2013 quidem
1220 1929 1263 1996 'de
1293 1931 1354 1995 loci

252 2041 436 2124 integritate
458 2039 570 2124 possit,
593 2039 676 2104 hano
698 2039 804 2123 ipsam
820 2038 861 2104 oh
877 2059 1035 2123 caussam,
1058 2039 1146 2122 quod
1168 2039 1210 2104 ad
1230 2039 1353 2104 Anaxi-

251 2148 419 2214 mandrum
442 2150 600 2216 referatur
627 2148 748 2227 mixtio,
772 2150 860 2214 nullo
882 2150 948 2216 alio
970 2151 1042 2216 loco
1064 2151 1096 2216 ei
1118 2149 1159 2215 ah
1180 2149 1353 2216 Aristotele

250 2258 413 2339 tributai).
455 2258 520 2324 Sed
548 2279 619 2324 cnm
649 2259 683 2323 in
713 2257 805 2324 libris
826 2259 956 2325 omnino
976 2260 1066 2324 nulla
1086 2259 1267 2344 reperiatur
1288 2259 1353 2323 dis-

250 2367 368 2449 sensio,
393 2367 602 2452 accipiendus
624 2368 713 2433 locus
740 2373 800 2446 est,
825 2368 931 2449 qualis
954 2368 1081 2451 legitur,
1113 2388 1256 2452 ergoque
1279 2387 1352 2432 con·

251 2475 438 2559 cedendum,
451 2475 685 2542 Anaximandri
696 2477 893 2561 principium
906 2477 966 2544 hoc
980 2479 1051 2543 loco
1070 2486 1183 2562 aperte
1193 2476 1351 2562 appellari

252 2585 448 2651 mixtionem.
492 2586 610 2652 Verum
640 2585 701 2652 hoc
728 2593 899 2670 postquam
930 2587 1161 2671 concessimus,
1189 2587 1294 2654 statim
1317 2587 1350 2652 in

253 2702 393 2760 mentem
407 2695 496 2761 venit
512 2696 601 2762 locus
614 2695 838 2776 Theophrasti,
862 2695 902 2761 de
915 2715 978 2778 qno
993 2695 1089 2761 modo
1107 2695 1349 2782 disputavimus,

253 2821 316 2884 quo
331 2803 387 2869 ille
402 2803 638 2871 Anaximandri
655 2803 814 2870 infinitum
830 2803 910 2870 dicit
933 2803 1044 2888 „pius
1066 2798 1187 2890 φύσιν
1199 2796 1350 2887 ἀόριστον

355 2971 381 3040 l)
400 2971 479 3027 Hauc
497 2971 655 3041 Simplicius
669 2972 753 3026 etiam
765 2989 791 3042 p.
805 2971 838 3026 33
849 2990 873 3040 a,
887 2978 952 3042 post
962 2973 1033 3028 med.
1047 2973 1149 3028 iisdem
1161 2973 1249 3029 uerbis
1262 2971 1347 3026 refert

253 3069 281 3118 et
300 3084 334 3120 ex
353 3066 539 3137 Theophrasti
559 3067 683 3122 Historia
700 3068 822 3122 naturali
841 3070 960 3138 petitam
979 3087 1037 3124 csse
1057 3069 1135 3130 dicit,

351 3165 379 3232 2)
397 3165 476 3233 Quod
494 3165 541 3219 Fr.
560 3164 647 3219 Liitze
674 3165 782 3234 „Ueber
801 3165 849 3220 das
868 3166 991 3236 Apeirou
1013 3167 1250 3222 Anaximanders“
1267 3181 1292 3232 p.
1312 3163 1347 3217 69
1423 3157 1424 3184 ¹

253 3258 332 3310 Anin.
351 3260 376 3322 4,
395 3275 548 3327 pronomen
566 3255 685 3318 ‘taetros’
706 3259 742 3313 ad
760 3259 986 3330 Theophrastum
1005 3259 1180 3315 referendum
1199 3275 1253 3315 esse
1269 3256 1346 3321 dicit,

251 3351 279 3404 id
300 3353 341 3406 ita
360 3370 423 3407 curn
442 3354 624 3422 grammatica
648 3353 703 3408 loci
725 3353 832 3409 ratione
849 3359 965 3426 pugnat,
984 3364 1017 3410 ut
1035 3356 1090 3410 alia
1110 3355 1273 3410 refutatione
1288 3369 1344 3406 non

252 3465 321 3517 opus
340 3449 385 3502 sit.
414 3448 489 3502 Idem
511 3450 583 3504 valet
594 3450 628 3504 de
641 3450 825 3521 explicatione
839 3454 1022 3520 grammatica
1035 3454 1184 3508 verborum
1197 3455 1255 3522 „mi
1266 3446 1344 3502 τοῦτο’
1423 3461 1424 3522 }

252 3559 340 3616 φησιν
357 3545 440 3614 κτλ.“,
461 3546 484 3599 si
504 3545 632 3600 nimirum
652 3537 801 3617 explicatio
822 3547 942 3603 dicenda
960 3553 1010 3603 est

356 3643 381 3707 3)
399 3640 523 3712 Metaph.
541 3642 602 3706 llll,
621 3645 647 3698 2.
669 3644 787 3699 1069113
806 3662 846 3716 sq.

353 3737 579 3806 emam

355 3835 580 3905 mmmm

353 3930 382 4000 6)
397 3931 483 3986 Litas
501 3932 520 3986 l.
531 3932 549 3987 l.
562 3951 588 4002 p.
601 3935 636 3989 64
654 3933 745 3990 locum
764 3935 805 3990 sic
820 3934 982 3990 mutandum
995 3951 1054 3991 esse
1066 3937 1184 3992 conicit:
1203 3938 1264 4003 „aci
1273 3921 1336 3986 οὔτ’

252 4027 311 4081 ἐστὶ
328 4025 359 4080 τὸ
374 4023 654 4100 Ἀναξιμάνδρου
672 4027 984 4104 ἓνκαὶἘμὴεδοκλέους
1000 4031 1031 4086 τὸ
1044 4040 1139 4106 μῖγμα
1159 4037 1205 4088 καὶ
1220 4028 1337 4088 ’Arnim
1423 4043 1424 4062 ³

250 4117 386 4194 γόρου“;
416 4124 451 4179 do
470 4142 524 4194 qua
542 4126 654 4195 quidem
673 4130 828 4182 mutatione
846 4145 903 4183 non
926 4135 996 4199 puto
1014 4146 1077 4184 eum
1098 4131 1226 4200 cuiquam
1241 4138 1339 4198 persua-
1423 4157 1424 4196 ο

252 4236 347 4272 surum
367 4236 436 4274 ΘΕΙΘ.
