2850 4904
628 389 677 442 141

86 559 388 628 Schleiermacheri
413 563 496 627 ratic
533 563 663 627 omnino
700 561 862 628 evertitur.
914 562 956 629 At
986 562 1055 628 fieri
1086 565 1205 658 possit,

87 675 125 733 ut
149 669 223 735 iam
248 677 324 736 ante
347 670 568 736 commentarii
591 671 795 755 scriptionem
817 670 992 737 Alexandri
1013 675 1204 738 sententiam

86 800 130 845 ex
145 781 233 846 eius
256 773 480 864 libris,'atque
493 802 533 848 ex
554 780 604 847 his
626 781 757 864 quidem
771 783 1046 865 sclisccgncverit
1069 788 1203 848 etsuam

87 889 219 955 fecerit.
267 889 371 970 Sane3
393 890 450 956 sed
475 892 507 955 in
530 896 597 957 tcta
616 893 684 956 cius
707 893 853 957 oratione
880 890 959 957 nihil
980 898 1037 970 est,
1064 891 1148 958 unde
1171 891 1206 956 id

87 999 203 1064 conici
229 999 337 1064 liceat.
380 999 528 1083 Namque
561 1003 593 1065 in
627 1000 819 1084 explicando
852 1000 909 1066 illc
931 1000 1112 1067 Aristotelis
1134 1003 1204 1067 loco

89 1109 204 1173 solum
224 1106 355 1190 quidem
381 1109 597 1175 Alexandrum
620 1110 773 1191 nominat,
801 1110 858 1191 qni
878 1104 917 1174 τὸ
940 1102 1030 1191 παρὰ
1051 1104 1092 1174 cd
1115 1131 1205 1176 στοι-

87 1220 169 1298 χεῖα
184 1217 262 1301 (hoc
276 1219 358 1282 enim
371 1219 528 1284 vocabulo
543 1221 654 1300 utitur)
676 1220 917 1285 Anaximandro
933 1219 1054 1285 tribuat
1067 1219 1204 1306 huicque

89 1327 314 1412 Porphyrium
337 1327 431 1393 aliter
453 1331 642 1394 sentientem
665 1328 801 1419 opponit
823 1335 919 1412 atque
942 1315 1072 1412 refellit3
1096 1330 1154 1396 scd
1176 1333 1204 1397 si

92 1437 188 1516 inde,
204 1437 292 1520 quod
307 1438 411 1502 solum
425 1439 579 1520 nominat,
602 1437 729 1520 aliquid
749 1437 899 1504 concludi
913 1443 1028 1524 potest,
1045 1438 1080 1503 id
1103 1439 1206 1504 sclum

91 1550 208 1629 potest
230 1547 389 1623 concludi,
411 1545 643 1614 Alexandrum
675 1547 886 1632 aSimplieic
921 1549 987 1614 dici
1020 1569 1101 1614 eum
1123 1549 1228 1614 Ari·

94 1655 262 1721 stotelis
284 1655 560 1742 interpretem,
583 1657 638 1742 qui
661 1657 784 1742 primus
811 1658 899 1723 illum
922 1657 1135 1742 Physicorum
1158 1659 1206 1724 lo·

95 1783 172 1830 cnm
196 1764 241 1830 ad
263 1765 541 1834 Anaximandrum
563 1768 772 1833 rettulerit-
797 1787 992 1850 quamquam
1017 1787 1058 1834 ne
1079 1767 1115 1834 id
1136 1769 1205 1851 qui·

97 1874 174 1940 dem
197 1872 415 1939 necessarium
437 1880 486 1938 est
508 1907 558 1955 —,
580 1893 640 1940 nec
661 1893 738 1940 vero
767 1893 851 1957 eum,
880 1875 938 1958 qui
960 1874 994 1940 in
1021 1876 1206 1942 universum

98 1984 226 2068 primus
251 1989 399 2050 naturam
433 1981 573 2048 mediam
597 1982 846 2049 Anaximandro
868 1983 1030 2064 tribuerit
1063 1985 1098 2051 id
1120 1986 1206 2052 enim

99 2094 244 2160 maximo
267 2113 364 2178 opere
397 2091 518 2176 differt,
549 2091 711 2175 siquidem
746 2099 874 2177 praeter
894 2093 1078 2161 Aristotelis
1111 2097 1206 2162 inter·

100 2209 211 2287 pretes
244 2221 315 2268 esse
349 2203 446 2269 etiam
482 2208 630 2287 poterant
664 2201 862 2268 historiae
893 2203 1117 2289 scriptores,
1150 2205 1207 2287 qui

101 2312 189 2379 idem
205 2355 208 2360 -
224 2312 265 2378 de
291 2309 538 2378 Anaximandrix
559 2312 719 2397 principio
752 2313 917 2378 referrent.
962 2313 1034 2378 Huc
1069 2312 1205 2392 accedit,

102 2421 189 2505 quod
212 2422 401 2507 Simplicius
423 2423 699 2488 Anaximandrum
723 2442 786 2488 non
811 2423 892 2490 dicit
914 2418 953 2486 cd
973 2416 1092 2503 μεταξύ
1108 2412 1208 2505 οἷέρος

101 2531 157 2597 καὶ
179 2527 296 2616 πυρός,
325 2532 366 2599 de
387 2533 478 2598 cuius
512 2539 642 2599 auctore
674 2533 850 2616 quaeritur,
884 2532 942 2598 sed
973 2527 1012 2596 τὸ
1028 2526 1133 2614 ,παρὰ
1167 2525 1207 2596 τὰ

103 2644 252 2722 στοιχεῖα
274 2641 517 2708 Anaximandro
546 2641 698 2724 tribuere,
729 2662 793 2725 quo
821 2642 979 2709 vocabulo
1007 2641 1079 2726 ipse
1101 2648 1206 2723 antea,

104 2751 419 2835 Theophrastum
436 2757 574 2834 secutus,
590 2750 824 2840 Anaximandri
837 2751 1034 2836 principium
1047 2751 1204 2829 delinivit,

104 2861 254 2943 quamvis
275 2861 362 2928 enim
390 2868 423 2926 et
442 2859 632 2946 Simplicius
655 2866 687 2927 et
710 2859 897 2927 Alexander
923 2859 984 2926 hcc
1008 2860 1092 2926 idem
1114 2860 1207 2926 intel·
1265 2852 1266 2863 ’

103 2972 214 3054 legant
235 2976 333 3054 atque
356 2965 550 3054 τὸμεταξύ,
575 2977 682 3036 tamen
709 2972 780 3036 sine
802 2972 869 3036 ulla
892 2970 1093 3037 dubitatione
1115 2990 1207 3036 voca·

106 3080 216 3146 bulum
248 3077 288 3144 ad
315 3079 435 3161 μεταξὺ
464 3079 677 3163 adhibuisset,
711 3080 739 3144 si
771 3079 990 3146 Alexandrum
1023 3079 1211 3162 significare

105 3191 262 3256 voluisset
283 3189 423 3273 primum
445 3209 526 3269 esso,
552 3190 608 3272 qui
630 3195 777 3256 naturam
791 3188 943 3257 ,mediam
966 3190 1208 3256 Anaximandro

105 3303 272 3370 tribueret.
316 3304 363 3368 llo
394 3309 512 3386 autem,
548 3302 633 3386 quod
666 3301 779 3368 eodem
815 3302 885 3366 loco
918 3299 1133 3385 Porphyrium
1166 3301 1208 3366 ab

105 3410 295 3479 Alexandro
317 3411 560 3478 dissentientem
584 3412 714 3494 refellit,
737 3409 897 3494 significat
910 3409 1050 3493 quidem,
1073 3429 1109 3476 se
1133 3429 1208 3475 ean-

106 3522 179 3589 dem
205 3528 302 3605 atque
324 3520 544 3588 Alexandrum
569 3521 761 3587 sententiam
789 3519 891 3602 sequi,
922 3537 1025 3602 neque
1054 3538 1140 3598 vero,
1173 3537 1208 3584 se

106 3651 176 3697 eam
200 3631 242 3697 ab
265 3629 322 3695 illc
344 3631 525 3715 accepisse.'
899 3647 902 3652 ·

207 3741 277 3807 Iam
299 3760 376 3806 vem
398 3740 483 3824 quod
514 3739 634 3823 dicunt,
669 3740 759 3804 illam
782 3737 1019 3804 Anaximandri
1051 3736 1207 3822 principii

109 3849 272 3915 notionem
295 3851 427 3915 exsulo
449 3849 623 3916 Aristotele
639 3847 782 3931 fluxisse,
804 3867 914 3913 verum
929 3845 1060 3929 quidem
1085 3854 1143 3928 est,
1166 3845 1208 3910 iis

110 3959 298 4025 Aristotelis
320 3959 411 4042 locis,
434 3977 514 4040 quos
536 3964 632 4025 antea
655 3958 827 4040 attulimus,
841 3977 914 4022 ncn
927 3958 1029 4022 solum
1047 3955 1209 4020 notionem

110 4068 268 4136 contineri
291 4067 445 4152 principii
469 4067 646 4144 cuiusdam,
676 4067 763 4149 quod
792 4068 874 4132 inter
897 4065 961 4130 duc
983 4064 1141 4130 elementa
1163 4063 1210 4128 ita

111 4179 252 4244 medium
275 4179 326 4258 sit,
349 4185 384 4244 ut
416 4179 488 4263 pari
518 4178 588 4243 iure
610 4177 695 4242 inter
716 4195 824 4242 aerem
862 4182 894 4242 et
926 4175 1032 4258 ignem
1063 4179 1095 4238 et
1126 4173 1209 4238 inter

112 4307 217 4354 aerem
240 4293 272 4353 ct
294 4307 411 4371 aquam
433 4285 573 4352 medium
596 4285 663 4351 dici
685 4285 796 4369 possit,
825 4284 884 4350 sed
906 4283 1005 4349 etiam
1034 4303 1075 4348 ex
1096 4302 1209 4348 eorun-
