2850 4904
617 397 673 468 '14'7

82 593 152 667 tur;
166 591 200 652 et
213 585 301 652 idem
311 588 375 671 ipsi
385 587 493 671 paullo
505 594 577 671 pest
586 587 649 653 aiio
662 593 852 671 argumento
865 588 1083 671 probabimus.
1100 587 1193 668 Quod

82 695 112 760 si
124 715 242 762 verum
262 703 320 777 est,
344 716 415 762 eum
429 695 463 760 in
479 696 587 779 priore
603 694 833 780 disputationis
849 701 941 780 parte
957 704 1082 781 oportet
1096 699 1194 764 etiam

80 806 184 870 talem
224 806 386 887 quandam
419 807 522 890 ipsius
552 806 790 892 Anaxi-mandri
823 805 1041 873 definitionem
1075 829 1190 893 prepo-

81 913 202 996 suisse,
236 933 255 979 e
289 933 353 996 qua
386 915 442 980 illa
471 917 692 1000 interpretatio
726 921 923 998 sequeretur.
967 917 1057 982 Haeo
1086 923 1192 982 autem

81 1019 236 1087 definitio
258 1022 314 1087 rix
335 1030 442 1106 potest
468 1043 507 1088 eo
538 1023 707 1105 contineri,
733 1022 824 1106 ¹quod
845 1023 1121 1090 Anaximandrum
1144 1024 1194 1091 di·

80 1131 131 1195 xit
154 1130 352 1214 principium
374 1150 496 1215 ponere
518 1130 550 1195 τὶ
573 1126 663 1212 παρὰ
684 1131 726 1194 τὰ
741 1111 901 1216 'aroana
923 1134 1075 1216 quoniam
1098 1153 1116 1200 e
1138 1153 1192 1198 no-

81 1238 175 1304 tione
195 1244 340 1324 uaturae,
374 1259 458 1323 quae
492 1241 535 1306 sit
559 1235 650 1322 nopai
677 1238 895 1321 τὰστοιχεῖα,
929 1243 994 1307 nisi
1017 1242 1191 1308 aeeedente

81 1349 152 1413 alia
173 1354 253 1414 nota
281 1352 461 1415 accuratius
488 1351 584 1415 etiam
614 1346 776 1431 definitur,
810 1352 864 1416 vix
895 1349 980 1416 effioi
1008 1358 1124 1437 potest,
1157 1359 1193 1418 ut

83 1456 167 1523 haee
200 1463 315 1524 natura
336 1456 473 1524 dicenda
495 1458 538 1524 sit
556 1449 676 1544 ίφύσις
697 1453 853 1540 ἀόριστος
875 1463 943 1522 κατ’
976 1450 1088 1537 εἶδος’.
1132 1461 1192 1528 Su-

83 1566 239 1633 mendum
259 1566 360 1650 igitur
380 1575 439 1650 est,
462 1587 534 1634 eum
553 1568 639 1633 alind
663 1567 760 1634 etiam
783 1567 975 1634 vocabulum
993 1569 1190 1653 adhibuisse,

84 1695 151 1758 quo
174 1675 279 1760 ipsius
301 1676 536 1742 Anaximandri
567 1679 760 1743 sententiam
790 1676 957 1760 redderet3
990 1679 1076 1761 quod
1098 1698 1191 1745 voea-

83 1784 198 1850 bqum
221 1805 284 1850 non
306 1784 396 1851 alind
419 1785 520 1852 inisse
542 1787 605 1851 nisi
629 1787 667 1851 τὸ
689 1786 820 1868 μεταξὺ,
843 1787 990 1871 pluribus
1012 1789 1191 1854 rationibus

83 1893 217 1960 videtur
237 1897 379 1978 probari.
842 1949 848 1955 .

187 2002 330 2069 Primum
353 2023 424 2068 oum
447 2002 508 2069 hae
530 2003 682 2087 opinione
695 2004 867 2088 consentit,
889 2005 975 2088 quod
992 2006 1189 2090 Simpiiaius,

84 2113 127 2179 ob
145 2111 258 2196 'quam
280 2131 429 2179 caussam
451 2113 628 2196 posteriore
655 2114 816 2197 generalis
847 2116 930 2181 iliius
958 2114 1189 2199 disputationis

84 2221 158 2288 loeo
180 2221 455 2287 Anaximandrum
485 2224 632 2306 posuisse
654 2221 736 2289 dieit
765 2223 803 2287 ro
831 2218 961 2306 μεταξύ,
984 2225 1025 2290 ob
1053 2224 1189 2290 eandem

84 2332 194 2416 priore
214 2332 286 2396 loeo
309 2350 381 2397 eum
403 2330 488 2396 dixit
509 2325 547 2394 τὸ
562 2331 654 2413 παρὰ
674 2333 820 2412 στοιχεῖα
836 2334 984 2417 posuisse
994 2333 1027 2417 ¹).
1062 2332 1189 2398 Deinde

84 2442 166 2508 haee
189 2440 298 2525 opinio
321 2440 501 2507 confirmari
524 2440 663 2526 videtur,
687 2443 715 2507 si
738 2462 809 2507 eum
833 2440 1002 2527 Simplieio
1024 2461 1187 2527 eompara-

83 2553 170 2617 veris
199 2549 422 2633 Philoponum.
466 2549 550 2615 Nam
579 2570 662 2632 quae
689 2550 888 2634 Philoponus
919 2551 952 2616 in
980 2551 1125 2636 generali
1148 2550 1188 2616 de

84 2658 223 2726 diversis
234 2658 497 2744 philosophorum
512 2659 681 2743 prinoipiis
704 2659 933 2743 disputatione,
955 2678 1052 2741 quam
1068 2660 1189 2744 pariter

84 2776 182 2852 atque
195 2767 381 2853 Simplicius
404 2765 447 2834 ad
470 2769 698 2852 explieandum
714 2768 926 2853 Physioorum
948 2769 1023 2834 iibri
1045 2769 1071 2833 1.
1092 2773 1189 2853 eaput

85 2880 113 2943 2.
137 2877 287 2959 instituit,
318 2874 359 2942 de
381 2876 617 2941 Anaximandri
645 2875 808 2961 prineipio
836 2876 978 2958 disserit,
1003 2895 1121 2959 magna
1148 2895 1188 2941 ex

57 3067 60 3078 Δ
84 2993 177 3070 parte
200 3006 264 3053 non
287 2986 448 3052 sententia
471 2986 574 3051 solum
597 2984 654 3050 sed
676 2987 794 3069 partim
818 2985 930 3050 verbis
957 3002 1085 3067 quoque
1115 3003 1188 3050 eum

85 3098 134 3180 iis,
168 3115 253 3179 quae
275 3115 293 3161 e
316 3095 487 3179 Simplicio
509 3096 684 3176 attulimus,
716 3096 811 3179 plane
837 3095 1050 3177 consentiunt,
1084 3095 1129 3160 ita
1154 3100 1188 3159 nt

86 3225 126 3270 ex
145 3204 260 3271 eodem
282 3204 380 3287 fonte,
403 3204 519 3288 idest,
553 3223 570 3270 e
592 3203 828 3288 Theophrasto,
864 3209 992 3287 sumpta
1025 3223 1097 3269 esse
1128 3222 1189 3286 pu·

85 3314 185 3380 tanda
210 3315 317 3396 sint¹).
360 3313 431 3379 Iam
456 3333 533 3381 vero
562 3313 762 3399 Philoponus
789 3316 896 3380 statim
923 3313 1012 3378 illius
1042 3313 1187 3397 disputa-

86 3423 185 3490 tionis
207 3421 303 3490 initio
322 3422 558 3489 Anaximandri
586 3424 781 3510 principium
803 3423 899 3488 modo
922 3421 1117 3489 disiunetivo
1140 3421 1187 3487 di-

87 3534 130 3598 eit
161 3531 218 3597 ‘ad
238 3527 360 3616 μεταξῠ
391 3525 414 3617 ἢ
441 3531 537 3615 ἀέρος
569 3531 623 3597 καὶ
655 3525 774 3609 ὕδατος
806 3525 827 3620 ἢ
854 3531 959 3614 πυρὸς
985 3530 1040 3596 καὶ
1065 3522 1186 3616 ἀέρος’.

189 3721 216 3790 1)
235 3719 394 3775 Posteriora
418 3719 479 3774 loeo
503 3717 595 3788 (Phys.
614 3721 640 3788 8,
658 3719 687 3788 b,
705 3719 780 3789 init.)
801 3718 853 3773 ait:
893 3720 939 3788 ,re
958 3714 1059 3790 μεταξὺ
1078 3713 1133 3771 διὰ
1151 3713 1186 3771 τὸ

89 3813 309 3872 aduttotmrov
335 3813 521 3880 duorlttsrur“,
545 3816 640 3886 priore
664 3820 771 3871 antem:
804 3815 905 3886 ,drittun
928 3814 960 3868 δὲ
985 3809 1033 3868 ὅτι
1057 3811 1119 3881 τὴν
1140 3818 1188 3873 εἰς

89 3906 212 3980 ἄλληλα
229 3910 425 3985 μεταβολὴν
450 3913 515 3968 τῶν
533 3909 710 3983 τεσσάρων
738 3917 920 3984 στοιχείων
947 3895 1045 3970 οὗτος
1066 3903 1187 3963 θεασά-

89 4026 188 4078 μενος
205 4006 255 4063 οὐκ
272 4005 388 4077 ἠξίωσεν
405 4009 436 4065 ἕν
458 4029 481 4063 rr
500 4005 602 4066 τούτων
620 4008 806 4082 ὑποκείμενον
826 4011 948 4077 ποιῆσαι,
972 4003 1039 4060 ἄλλά
1062 4026 1086 4060 τι
1109 4000 1187 4059 ἄλλο

31 4115 33 4124 ’
91 4103 326 4176 nupdmdru.“

185 4204 214 4273 2)
233 4203 292 4258 Ηοο
310 4208 342 4258 ut
367 4204 559 4274 intellegatur,
584 4221 656 4272 quae
682 4204 719 4257 ab
746 4205 867 4272 utroque
885 4201 1026 4269 dieantur,
1056 4199 1131 4253 inter
1158 4215 1187 4252 se

92 4300 274 4367 eomparanda
292 4305 370 4368 sunt3
389 4300 555 4370 singillatim
574 4300 653 4354 iuvat
672 4298 800 4353 conferre
818 4299 887 4362 haee
905 4298 1005 4354 rerba:
