2862 4910
768 409 821 466 308

338 567 485 668 Denique
499 607 561 652 non
575 586 633 650 abs
644 585 813 650 revidetur
829 603 901 649 esse
910 602 1095 661 memorare,
1105 581 1331 646 Anaximenen

237 717 365 780 quoque
388 704 421 762 et
443 696 641 761 Heraclitum
672 695 738 759 dici
762 700 927 759 aeternum
951 692 1105 776 principii
1129 698 1247 756 motum
1270 697 1332 756 sta-

237 813 337 889 tuere,
371 827 443 871 eum
477 812 585 871 autern
606 809 737 884 motum,
771 805 825 884 qui
851 802 892 866 ab
914 801 1076 866 Heraclito
1099 807 1266 881 statuatur,
1296 820 1330 864 eo

236 918 402 996 contineri,
426 915 513 998 quod
533 916 727 998 principium
753 906 1010 998 ‘drumcpdprcvov
1036 902 1088 974 ἀεὶ
1118 900 1331 992 ξυμφέρεται’,

237 1046 319 1102 eum,
345 1027 400 1108 qui
425 1026 466 1090 ab
482 1025 685 1090 Anaximene
701 1031 848 1107 ponatur,
871 1023 905 1086 in
919 1021 1072 1104 principii
1086 1020 1331 1086 condensatione

236 1140 269 1198 et
289 1133 505 1199 rarefactione
527 1134 704 1198 consistere
712 1131 746 1212 ¹).

339 1245 368 1307 5.
412 1241 447 1307 Si
473 1250 623 1308 aeternus
652 1240 884 1306 Anaximandri
914 1248 1018 1305 motus
1046 1241 1080 1305 in
1106 1240 1330 1306 contrariorum

236 1355 411 1418 secretione
429 1352 585 1433 consistit,
605 1350 645 1416 de
664 1349 725 1415 hac
741 1351 813 1433 ipsa
824 1350 1005 1416 secretione
1020 1349 1196 1416 videndum
1219 1354 1275 1428 est,
1296 1348 1331 1411 in

236 1481 308 1543 qua
330 1460 505 1544 principii
528 1462 688 1526 actione
713 1459 914 1524 consistat.
958 1459 1047 1535 Quae
1069 1478 1121 1525 res
1144 1477 1330 1541 quamquam

235 1591 256 1635 a
277 1571 441 1637 veteribus
465 1571 592 1634 omnino
615 1568 847 1646 nonrtraditur,
870 1575 978 1633 tamen
1001 1571 1080 1634 satis
1103 1575 1188 1633 certe
1211 1567 1332 1631 videtur

236 1681 388 1763 cognosci
412 1699 508 1762 posse
531 1699 571 1743 ex
594 1678 646 1760 iis,
674 1699 758 1761 quac
784 1676 824 1742 de
846 1676 1078 1743 Anaximandri
1110 1675 1260 1760 principii
1280 1695 1331 1738 na-

130 1811 134 1818 *
236 1794 307 1853 tura
329 1789 423 1854 etde
445 1789 675 1854 contrariorum
698 1789 876 1852 secretione
897 1792 992 1851 antea
1009 1786 1200 1850 invenimus.
1235 1784 1332 1848 Remi-

236 1899 390 1970 niscimur
413 1898 499 1964 enim
523 1898 671 1982 primum,
696 1897 931 1962 Anaximandri
961 1898 1121 1962 sententia
1144 1895 1330 1978 principium

236 2007 396 2072 inlinitum
420 2028 491 2073 csse
515 2007 729 2072 substantiam
752 2027 940 2090 corpoream
963 1990 1151 2089 simplicem,
1174 2025 1258 2087 quae
1278 2023 1332 2068 sua

236 2116 338 2199 ipsius
361 2117 521 2198 qualitate
543 2116 653 2181 media
680 2116 723 2181 sit
746 2118 828 2180 inter
854 2116 917 2181 duo
945 2116 1115 2192 contraria,
1145 2125 1244 2195 atque
1268 2113 1332 2193 qui-

236 2225 309 2290 dem
342 2226 425 2290 inter
451 2233 597 2290 naturam
618 2225 770 2307 frigidam
793 2245 928 2306 eamque
952 2222 1116 2288 humidam
1138 2229 1236 2304 atquc
1259 2241 1330 2304 opa-

235 2352 304 2397 cam
347 2341 380 2398 et
415 2338 563 2397 naturam
606 2331 745 2395 calidam
783 2351 917 2412 eamque
959 2332 1087 2414 igneam
1118 2351 1156 2395 ac
1196 2329 1331 2395 lucidam

235 2442 334 2518 (inter
350 2435 502 2524 ὑγρασίαν
524 2419 578 2504 acri
589 2434 720 2526 φλόγα),
743 2459 889 2522 quaeque
905 2439 989 2506 hanc
1004 2439 1109 2522 ipsam
1125 2441 1166 2505 ob
1188 2457 1330 2504 caussam

233 2551 315 2617 haec
337 2551 497 2616 contraria
516 2551 661 2636 potentia
683 2551 863 2628 contincat;
897 2549 1016 2614 deinde
1050 2569 1091 2614 ex
1119 2548 1179 2612 hac
1210 2548 1332 2613 infinita

236 2660 418 2727 substantia
441 2660 545 2744 primo
571 2661 664 2725 initio
687 2680 751 2724 non
773 2660 847 2742 ipsa
867 2661 923 2724 illa
946 2661 1113 2740 contraria,
1138 2658 1194 2724 sed
1222 2652 1276 2721 ‘vd
1300 2655 1331 2720 ἐκ

234 2771 292 2831 τοῦ
315 2759 422 2832 ἀϊδίου
444 2763 605 2852 γόνιμον
632 2770 767 2849 θερμοῦ
798 2766 852 2831 καὶ
875 2759 1030 2850 ψυχροῦ’,
1062 2768 1097 2833 id
1123 2774 1182 2850 est,
1210 2788 1331 2833 semen

235 2877 423 2960 quoddam
447 2899 491 2942 ex
512 2881 599 2962 ipsa
621 2877 788 2942 infinita
803 2871 1331 2942 subst'antiacontrariorum

235 2986 395 3050 illorum
418 2986 634 3062 secundum,
663 2991 695 3051 et
717 3005 757 3049 ex
778 2984 837 3049 hoo
860 2985 988 3049 demum
1011 2985 1133 3050 semine
1156 2988 1257 3069 prima
1278 2985 1332 3049 illa

234 3098 394 3162 contraria
412 3097 548 3176 secerni,
571 3102 667 3176 atque
691 3115 730 3159 ea
753 3093 885 3176 quidem
907 3094 1044 3175 ratione,
1073 3101 1108 3158 ut
1136 3101 1251 3160 natura
1278 3094 1330 3158 fri·

236 3341 305 3405 tur,
334 3343 513 3392 aeternum
533 3357 603 3392 esre
623 3339 706 3394 dicat.
742 3340 787 3392 Ito
811 3344 903 3392 autem
924 3340 1015 3392 locum
1038 3338 1257 3408 intellegendum
1276 3353 1331 3390 esse

235 3439 348 3502 praeter
376 3440 572 3505 argumentum
596 3436 625 3488 in
649 3436 709 3504 ipra
732 3435 929 3489 dissertatione
953 3434 1111 3488 adhibitum
1136 3434 1202 3488 inde
1225 3449 1330 3502 qnoque

235 3530 301 3584 licet
314 3531 456 3600 colligere,
476 3532 550 3600 quod
564 3532 723 3600 Simplicius
734 3533 775 3586 ait
793 3529 851 3583 ’διὰ
869 3533 925 3596 τῆς
943 3527 1033 3583 ἀϊδίου
1045 3523 1200 3599 κινήσεώς’,
1219 3529 1330 3583 delinito

233 3629 314 3679 utens
333 3627 461 3681 articulo.
501 3628 570 3681 Cum
590 3629 664 3681 enim
683 3628 729 3682 hic
751 3628 886 3682 articulus
910 3631 1098 3696 anteponatur
1122 3627 1163 3679 rei
1187 3630 1278 3692 notae,
1297 3625 1328 3677 de

234 3726 348 3775 aeterno
368 3727 462 3776 autem
481 3723 602 3792 quodam
621 3724 826 3778 Anaximandri
847 3729 925 3778 motu
945 3723 1068 3777 nondum
1093 3724 1200 3776 dictum
1224 3723 1269 3789 sit,
1287 3721 1331 3772 hic

234 3820 326 3868 motus
349 3815 390 3870 ita
408 3821 519 3870 tantum
538 3817 650 3872 videtur
672 3836 753 3887 posse
778 3823 860 3872 notus
880 3819 944 3878 dici,
970 3819 993 3871 si
1017 3819 1141 3872 refertur
1166 3820 1201 3872 ad
1225 3823 1330 3873 contra·

234 3912 341 3964 riorum
361 3914 541 3968 secretionem
560 3915 687 3983 proxime
706 3920 902 3983 memoratam
926 3915 982 3968 nisi
1000 3915 1075 3968 forte
1093 3915 1246 3983 putaveris,
1267 3913 1329 3968 arti-

235 4008 327 4061 culum
347 4008 493 4064 definitum
506 4015 657 4080 propterea
671 3991 806 4076 adiriberi,
826 4011 901 4080 quod
911 4009 1071 4079 Simplicius
1089 3991 1145 4064 nou
1165 4012 1255 4066 multo
1268 4014 1328 4064 ante

236 4105 478 4160 Anaximandrum
496 4107 525 4160 in
547 4107 581 4162 iis
602 4108 801 4169 numeraverit,
825 4108 873 4176 qui
900 4107 1071 4175 principium
1093 4105 1138 4160 ιἓν
1161 4112 1206 4159 καὶ
1230 4099 1330 4160 κινού·

234 4204 350 4272 μενον’
369 4203 509 4270 dicerent;
527 4205 556 4257 id
575 4205 651 4272 quod
671 4204 761 4273 accipi
778 4222 857 4273 posse
880 4203 1009 4286 concedo.

336 4301 363 4365 l)
383 4299 424 4350 Cf.
444 4298 566 4366 Simplic.
584 4300 664 4369 Phys.
683 4303 709 4367 6,
729 4319 754 4368 a,
775 4301 850 4353 circa
869 4299 938 4353 med.
946 4299 959 4364 ;'
974 4299 1085 4368 Hippol.
1106 4300 1216 4353 Refutt.
1236 4300 1257 4368 1,
1277 4301 1301 4352 7.

1403 2649 1413 2676 Ι
