2850 4904
598 379 651 434 219

70 569 142 614 oum
161 549 198 614 in
210 548 397 618 indioandis
410 553 461 629 iis,
486 553 683 635 quiequam,
698 572 816 635 aerem,
839 553 949 634 ignem
960 572 1058 618 unum
1073 573 1180 618 rerum

71 659 269 724 elementum
292 669 422 744 ponant,
446 663 558 728 horum
586 664 817 729 elementorum
851 663 983 728 nomina
1011 664 1113 729 solum
1137 665 1184 727 in-

71 765 172 846 dicet,
197 769 304 846 nullis,
336 769 452 852 quibus
487 772 607 854 quique
639 791 738 838 unum
760 791 853 837 suum
875 771 1067 836 elementum
1092 751 1183 838 orna-

70 874 190 956 verint,
210 875 476 944 attributionibus
488 877 622 954 additis,
638 877 671 943 in
692 876 876 944 indicandis
889 879 940 956 iis,
965 879 1020 960 qui
1034 885 1183 945 naturam

74 985 159 1048 inter
180 1004 300 1066 aquam
335 992 367 1051 et
401 986 510 1070 ignem
542 986 683 1054 mediam
707 994 836 1070 ponant,
871 987 914 1053 ad
947 988 1054 1071 ipsum
1074 987 1184 1054 ‘huius

71 1099 211 1159 naturae
244 1095 437 1170 vocabulum
471 1094 573 1162 addat
605 1095 705 1161 etiarn
737 1095 819 1161 duas
855 1095 939 1178 illas,
975 1116 1056 1179 quas
1089 1097 1183 1164 huius

72 1208 211 1268 naturae
241 1222 314 1271 esse
344 1204 520 1284 voluerint,
551 1204 788 1269 attributiones.
843 1203 941 1271 Cuius
971 1205 1029 1286 rei,
1063 1207 1183 1288 opinor,

71 1333 136 1377 non
160 1312 231 1377 alia
252 1311 390 1379 inveniri
415 1315 531 1397 poterit
551 1333 678 1395 caussa,
711 1314 777 1380 nisi
800 1312 886 1396 quod
912 1315 1084 1398 putaverit,
1112 1334 1184 1379 earn

73 1441 151 1502 rem,
176 1442 274 1504 quam
289 1423 505 1507 appellaverit
525 1429 674 1490 naturam
696 1423 780 1490 inter
802 1443 921 1508 aquam
943 1430 975 1490 et
988 1444 1097 1490 aerem
1120 1446 1184 1491 rne-

74 1529 174 1614 diam,
198 1552 263 1596 non
287 1530 350 1598 iarn
371 1532 426 1598 illo
450 1533 518 1598 solu
541 1531 708 1616 vocabulo,
742 1533 801 1598 sed
830 1532 953 1599 additis
972 1533 1113 1600 domurn*
1133 1532 1184 1598 lris

73 1639 341 1708 attributionibus
356 1641 437 1707 satis
460 1648 573 1725 aperte
588 1641 776 1724 significari.
799 1641 893 1722 Quod
913 1642 942 1708 si
956 1643 1003 1708 ita
1024 1641 1183 1722 sehabet,

74 1771 198 1832 eorum,
219 1770 300 1832 quos
322 1757 471 1818 naturam
494 1749 579 1828 inter
600 1771 720 1834 aquam
744 1759 776 1818 et
797 1771 904 1818 aerem
929 1751 1069 1817 mediam
1084 1771 1183 1816 unum

75 1880 181 1925 rerum
197 1859 392 1926 elementum
415 1881 536 1945 ponere
558 1861 648 1944 dioit,
671 1861 706 1926 id
728 1860 844 1946 ipsum,
868 1861 954 1945 quod
977 1881 1081 1928 rerum
1097 1862 1183 1943 prin-

75 1968 199 2053 eipium
233 1957 389 2050 ιὅτ’πειρον
414 1968 469 2034 καὶ
491 1967 644 2052 περιέχον
666 1963 792 2046 πάντας
818 1971 896 2047 τοὺς
927 1961 1104 2053 οὕρανούς’
1135 1969 1183 2036 di-

76 2084 197 2158 oerent,
221 2079 268 2143 ita
290 2084 416 2162 oportet
437 2079 603 2163 proprium
619 2077 731 2161 fuisse,
753 2084 790 2144 ut
809 2077 862 2144 his
873 2077 1041 2144 vocabulis
1063 2077 1184 2144 auditis

75 2187 199 2252 nemini
232 2195 344 2270 posset
376 2188 511 2254 dubium
541 2207 624 2269 esse,
658 2188 716 2270 qui
751 2187 1024 2272 intellegerentur.
1081 2189 1184 2269 Atque

76 2295 178 2361 fnisse
201 2295 341 2378 aliquos,
364 2295 483 2378 quibus
507 2296 541 2362 id
563 2317 641 2380 prae
665 2297 781 2363 eeteris
802 2297 969 2381 proprium
991 2302 1087 2377 esset,
1109 2294 1185 2360 inde

76 2405 175 2470 etiarn
188 2405 485 2480 oonioiendunrest
509 2406 606 2488 quod,
629 2408 776 2490 quamvis
788 2407 812 2471 ii
829 2425 965 2490 quoque,
988 2406 1044 2489 qui
1067 2425 1184 2488 aquam

77 2523 132 2578 aut
156 2534 266 2579 aerem
291 2534 387 2580 unurn
407 2535 511 2581 rerum
537 2517 728 2582 elementum
752 2517 924 2600 ponebant,
947 2514 999 2580 his
1015 2515 1184 2580 elementis

78 2619 271 2698 infinitatem
308 2620 523 2704 tribuerint1),
565 2623 847 2706 Anaximenesque
884 2623 1042 2690 infinitum
1077 2642 1184 2688 aerem

77 2729 175 2796 etiarn
198 2728 307 2796 verbis
329 2729 449 2795 dixerit
467 2723 649 2811 (περιέχειν
663 2724 740 2794 ὅλον
761 2726 820 2795 τὸν
832 2725 969 2814 κόσμον’
979 2735 1015 2814 ²),
1039 2731 1081 2797 ab
1095 2729 1185 2796 hisee

76 2835 136 2903 hoe
158 2837 231 2904 loeo
263 2838 297 2920 ii,
324 2838 381 2920 qui
411 2837 604 2922 prineipium
632 2824 743 2905 dicant
770 2828 926 2918 ιἔπειρον
952 2838 1005 2903 καὶ
1032 2838 1185 2922 περιέχον

76 2941 202 3022 πάντας
223 2940 301 3022 τούς
325 2938 487 3029 οὐρανούς
497 2936 514 3029 ³,
538 2948 668 3014 omnino
689 2947 938 3032 distinguantur.
975 2949 1044 3014 Iarn
1063 2969 1140 3015 vero
1155 2950 1184 3014 si

77 3057 274 3138 quaerimus,
297 3055 333 3122 hi
354 3055 409 3140 qui
431 3056 474 3122 ab
497 3054 671 3128 Aristotele
694 3056 935 3140 intellegantur,
969 3063 1185 3138 rursusne

78 3310 206 3377 quamvis
227 3309 264 3364 ad
289 3309 320 3364 ἓν
348 3311 448 3364 referri
466 3311 565 3380 possit,
593 3315 688 3366 tamen
715 3329 772 3366 non
794 3311 963 3366 naturaliter
989 3311 1038 3366 sed
1057 3311 1186 3365 nonnisi

77 3406 229 3462 artificiosa
242 3405 364 3476 quadarn
377 3406 611 3476 interpretatione
628 3407 704 3462 istuo
721 3407 857 3472 refertum
876 3411 962 3476 atque
981 3407 1004 3460 si
1016 3406 1184 3460 Aristoteles

79 3503 114 3556 ed
132 3502 172 3566 ἕν,
191 3503 310 3571 ideoque
323 3503 408 3557 etiam
427 3503 464 3558 ad
479 3503 600 3574 singula,
622 3521 693 3572 quae
706 3508 915 3572 enumerantur,
934 3504 1072 3559 elementa
1084 3503 1186 3558 referri

78 3600 219 3662 voluisset,
231 3600 342 3654 facilius
356 3603 431 3655 uerte
442 3599 569 3654 diuturno
582 3600 682 3654 luisset
699 3595 778 3651 ι11-
793 3605 882 3670 φασίν
897 3639 903 3652 .
919 3639 925 3654 .
944 3592 1069 3668 ἄπειρα
1088 3593 1185 3654 ὄντα.

79 3694 196 3764 Deinde,
215 3695 239 3749 si
257 3696 293 3750 ad
313 3695 344 3749 ἓν
361 3695 523 3760 referretur,
545 3697 677 3765 quoniam
705 3695 787 3750 simul
812 3696 848 3750 ad
871 3695 982 3766 singula
1002 3712 1114 3764 quoque
1131 3697 1185 3750 ele·

79 3797 184 3856 menta,
204 3810 275 3861 quae
293 3797 503 3860 enumerantur,
527 3793 705 3848 referendum
725 3796 807 3860 esset,
826 3793 981 3870 referretur
999 3792 1086 3847 etiam
1106 3792 1142 3846 ad
1153 3790 1185 3845 τὸ

80 3890 141 3957 πῦρ
161 3872 248 3957 idque
266 3888 408 3943 diceretur
426 3881 570 3958 ἄπειρον
588 3882 639 3956 ‹lu-
664 3888 758 3959 ignem
784 3893 877 3943 antem
896 3889 1064 3944 Aristoteles
1089 3893 1186 3957 aperte

81 3993 165 4058 negat
184 4005 200 4040 a
219 4003 360 4056 quoquam
379 3985 520 4041 infinitum
537 3986 612 4055 poni.
632 3986 695 4041 Vid.
714 3985 796 4056 Phys.
812 3985 862 4052 111,
872 3988 896 4040 5.
918 3986 994 4039 205ιι
1011 3989 1055 4054 25,
1075 3990 1103 4040 et
1117 3985 1186 4040 ibid.

81 4085 104 4134 4.
124 4083 202 4136 2011ιι
218 4083 257 4136 16.
279 4082 320 4137 ef.
343 4100 427 4152 supra
445 4099 474 4153 p.·
492 4085 554 4148 211,
577 4087 599 4137 l.

181 4179 208 4249 1)
226 4178 299 4235 Vide
317 4198 403 4250 supra
420 4198 446 4250 p.
466 4183 529 4234 213.

179 4278 206 4346 2)
225 4276 298 4332 Vide
316 4295 404 4346 supra
421 4295 449 4346 p.
471 4277 532 4346 217,
551 4279 577 4331 4.
