2864 4904
778 316 814 372 84

245 494 334 556 eatur
354 486 503 590 medium,
523 485 609 570 quod
631 487 732 554 altero
754 485 888 554 densius
911 487 1012 554 altero
1036 491 1143 553 autem
1164 486 1270 552 rarius
1290 486 1332 558 siti

246 599 316 666 eius
340 600 381 664 ab
405 598 571 664 elementis
593 595 780 663 differentia
806 596 989 664 indiverso
1013 595 1182 663 densitatis
1206 601 1239 662 et
1267 595 1332 660 rari·

246 710 321 774 tatis
346 708 450 792 gradu
472 708 607 790 ponitur.
651 706 753 772 Huius
782 711 890 772 autem
920 704 1124 774 differentiae
1154 706 1334 789 generaliter

246 824 400 903 aceeptus
431 819 539 902 plures
571 833 643 884 esse
669 821 805 899 possunt
828 814 925 882 modi.
968 814 1061 893 Quod
1093 816 1177 882 enim
1203 813 1264 880 hae
1291 833 1332 878 ra-

247 929 335 996 rione
356 928 399 994 ab
421 925 589 994 elementis
612 923 730 1007 diuam,
763 925 798 992 id
819 930 851 993 et
881 924 1027 992 omnibus
1049 925 1212 992 elementis
1239 927 1333 1008 potest

247 1037 380 1104 densius
396 1043 429 1103 at
444 1036 592 1104 omnibus
610 1036 714 1102 rarius
729 1040 762 1100 et
784 1033 946 1113 densitate
968 1055 1007 1102 au
1019 1035 1152 1100 raritate
1174 1033 1256 1100 inter
1277 1031 1332 1096 due

247 1148 406 1214 elementa
427 1145 569 1212 medium
584 1164 665 1212 esse.
709 1149 779 1210 Iam
805 1163 881 1212 vero
910 1143 995 1227 quod
1016 1143 1122 1228 ipsum
1144 1163 1201 1228 per
1221 1161 1256 1208 se
1275 1160 1333 1207 una

247 1257 356 1340 aliqua
377 1256 489 1322 harum
511 1255 672 1322 rationum
694 1254 736 1321 ab
759 1255 925 1320 elementis
947 1253 1071 1335 diuam·
1094 1252 1127 1318 id
1148 1254 1190 1320 ab
1212 1253 1250 1319 iis
1269 1253 1334 1335 ipsa

248 1385 306 1434 sua
328 1367 484 1450 qualitate
511 1365 581 1432 sive
607 1366 711 1432 ferma
738 1363 856 1446 differt,
890 1370 921 1430 et
943 1363 1027 1430 hane
1053 1364 1095 1430 ob
1127 1383 1267 1430 caussam
1289 1366 1334 1426 est

248 1496 300 1542 res
322 1474 480 1558 quaedam
502 1468 592 1558 παρὰ
612 1467 654 1538 τὰ
668 1463 824 1553 στοιχεῖά,
847 1473 917 1540 sive
940 1472 1124 1540 substantia
1138 1491 1273 1538 seorsum
1294 1468 1333 1534 ab

249 1584 418 1652 elementis
450 1604 509 1669 per·
534 1604 571 1650 se
598 1589 758 1650 constans.
803 1589 918 1668 Itaque
939 1575 978 1646 τὸ
1000 1575 1120 1664 μεταξὺ
1148 1579 1236 1644 δυοῖν
1254 1600 1333 1643 στοι-

248 1692 351 1774 χείοιν
383 1701 432 1760 est
454 1694 564 1777 aliqua
591 1692 716 1777 speeies
745 1692 825 1777 eius,
855 1691 941 1775 quod
968 1691 1169 1776 generaliore
1189 1687 1333 1756 vocabulo
1396 1739 1397 1770 ἓ

249 1797 341 1886 παρὰ
362 1798 403 1866 rui
424 1805 570 1883 στοιχεῖα
592 1802 725 1883 dieitur;
748 1808 844 1886 atque
865 1801 942 1868 inde
964 1801 1060 1868 simul
1081 1806 1181 1884 patet,
1204 1794 1239 1862 ud
1252 1790 1333 1877 παρὰ
1396 1777 1397 1850 ἶ

202 1921 205 1926 ’
248 1907 289 1976 τὰ
310 1915 457 1993 στοιχεῖα
477 1932 572 1996 posse
588 1917 673 1978 uerte
698 1911 783 1978 idem
800 1912 945 1996 intellegi
956 1916 1052 1994 atque
1067 1905 1107 1974 τὸ
1119 1902 1236 1992 μεταξύ
1250 1906 1334 1972 δυοῖν

249 2020 432 2102 στοιχείων.
1396 2095 1397 2102 ¹

353 2131 467 2214 Itaque
490 2149 575 2197 nune
596 2131 661 2196 iam
689 2135 826 2213 apparet
848 2128 935 2212 quod
960 2128 1129 2196 ostendere
1152 2128 1333 2204 volebamus,

250 2241 311 2306 tria
325 2240 381 2306 illa
401 2239 569 2321 voeabula,
591 2231 630 2302 τὸ
642 2235 754 2321 ἕτερον
767 2239 834 2302 τῶν
845 2236 1024 2318 στοιχείων,
1048 2231 1086 2302 τὸ
1110 2233 1200 2320 παρὰ
1211 2231 1249 2302 τὰ
1259 2256 1333 2300 στοι-

251 2351 334 2429 χεῖα,
345 2342 383 2412 τὸ
393 2343 513 2430 μεταξὺ
526 2348 618 2412 δυοῖν
629 2346 804 2429 στοιχείοιν
818 2354 1013 2432 possemne
1026 2347 1162 2415 eandem
1174 2367 1238 2414 rem
1248 2343 1333 2429 sigui-

251 2458 356 2534 ficare,
379 2477 473 2542 posse
487 2459 584 2542 igitur
599 2458 642 2524 ad
660 2457 796 2528 eandem
820 2457 964 2525 eiusdem
978 2457 1164 2544 philosophi
1174 2456 1333 2524 doctrinam

251 2569 419 2651 pertinere.
464 2566 529 2634 Sed
552 2567 593 2634 de
616 2567 676 2662 hee
699 2570 769 2652 ipso
791 2569 949 2635 voeabula
969 2562 1029 2634 ‘ad
1044 2561 1183 2650 μεταξῠ’
1208 2563 1332 2633 dubitari

252 2677 348 2742 etiam
360 2682 475 2760 potest,
488 2682 594 2742 utrum
607 2697 704 2744 unam
716 2677 917 2761 eandemque
929 2698 997 2744 rem
1008 2677 1165 2762 signifieat
1178 2697 1219 2744 an
1234 2692 1333 2742 nemen

252 2787 379 2870 generis
402 2787 443 2852 sit
463 2784 507 2852 ad
522 2787 630 2870 plures
646 2789 809 2870 pertinens
832 2789 966 2871 speeies.
1004 2787 1152 2870 Namque
1163 2783 1333 2854 Aristoteles

252 2894 292 2970 iis
312 2896 401 2977 loeis,
423 2895 538 2979 quibus
553 2897 744 2980 principium
767 2897 850 2964 inter
871 2896 934 2964 duo
950 2898 1110 2964 elementa
1123 2896 1261 2964 medium
1280 2909 1333 2958 me

252 3009 363 3084 morat,
388 3002 422 3069 id
433 3003 574 3070 medium
596 3003 678 3070 dieii
692 3009 759 3071 tum
773 3006 856 3072 inter
869 3025 987 3088 aquarn
1003 3011 1035 3072 et
1047 3025 1167 3088 aerem,
1189 3011 1252 3072 tum
1263 3003 1334 3066 inter

252 3131 360 3179 aerem
382 3114 551 3196 stigmam,
583 3119 650 3178 tum
680 3112 779 3179 etiam
802 3114 884 3180 inter
906 3133 1023 3196 aquarn
1052 3115 1223 3198 stigmam,
1251 3111 1333 3192 idque

254 3222 300 3286 ita
319 3221 457 3305 quidem,
480 3227 525 3296 ut,
548 3223 574 3288 si
599 3242 697 3288 unum
712 3222 815 3288 loeum
839 3225 1003 3308 exceperis
1011 3223 1045 3305 ¹),
1067 3241 1256 3306 unoquoque
1275 3220 1333 3283 loeo

253 3349 271 3396 a
293 3331 396 3398 tribus
418 3330 469 3398 his
491 3330 594 3398 modis
616 3351 711 3398 unum
735 3338 858 3400 tantum
874 3332 1004 3415 indieet,
1026 3335 1119 3415 quasi
1143 3335 1170 3400 is
1193 3332 1275 3398 solus
1294 3328 1334 3406 sit,

254 3439 390 3506 alierum
417 3459 457 3506 ne
483 3441 647 3508 levissima
678 3441 806 3524 quidem
828 3442 1059 3526 significatione
1090 3442 1214 3510 addita.
1255 3433 1334 3518 Quod

254 3556 362 3618 autem
384 3549 526 3616 medium
548 3556 597 3616 est
619 3550 703 3617 inter
728 3572 844 3634 aquam
867 3558 899 3618 st
920 3571 1038 3634 aerem,
1067 3551 1100 3616 id
1122 3553 1194 3636 ipsa
1216 3563 1271 3618 sua
1289 3567 1335 3612 na·

254 3665 327 3726 tura
357 3658 465 3726 differt
494 3660 536 3726 ab
565 3679 613 3740 eo,
645 3659 731 3743 quod
761 3663 977 3728 interseram
1008 3667 1040 3726 et
1067 3660 1177 3745 ignem
1199 3662 1249 3728 vel
1268 3661 1336 3724 inter

255 3788 373 3852 aquam
395 3775 428 3836 et
449 3770 555 3852 ignem
587 3768 728 3835 medium
751 3776 808 3836 est.
854 3767 961 3848 Quare
993 3769 1074 3836 haee
1105 3771 1170 3836 tria
1196 3766 1336 3837 voeabula

256 3899 315 3962 per
337 3898 372 3944 se
387 3878 517 3963 quidem
530 3879 595 3944 no'n
606 3899 702 3944 unam
715 3877 913 3963 eandemque
926 3899 993 3946 rem
1008 3877 1191 3964 significare
1205 3879 1336 3946 videntur

359 4124 384 4190 l)
405 4123 474 4177 Gen.
499 4123 574 4178 Gerr.
594 4122 630 4192 11,
650 4123 674 4178 5.
695 4123 769 4176 332³
782 4124 818 4176 20
837 4123 904 4193 (vid.
923 4141 1007 4194 supra
1025 4141 1053 4192 p.
1067 4124 1102 4178 66
1119 4128 1178 4180 not.
1191 4125 1226 4194 1),
1243 4122 1276 4178 de
1292 4134 1335 4188 quo

253 4218 314 4272 loeo
331 4217 406 4273 infra
425 4223 533 4291 agetur.
1059 4229 1061 4234 '
1243 4227 1244 4234 ’
