2864 4910
655 371 708 425 409

105 548 234 624 tentia,
257 569 353 631 quarn
375 549 415 615 de
440 548 518 614 selis
539 555 572 615 ct
593 550 690 614 lunae
709 554 825 614 natura
840 547 988 614 habebat.
1022 546 1109 612 Solis
1126 546 1225 629 igitur
1291 613 1295 631 ,

106 656 284 723 deiectum
306 677 345 723 eu
368 657 519 743 explicat,
541 657 628 739 quod
648 657 760 722 annuli
782 658 860 722 aerii
880 657 1034 731 toramen,
1059 675 1117 739 per
1139 656 1225 738 quud

106 766 207 849 ignis
220 768 362 833 inclusus
378 768 420 833 ad
433 787 491 832 nus
504 766 667 851 effulgeat,
690 766 883 832 obstruatur.
907 766 1012 847 Atque
1027 765 1070 829 ad
1086 764 1223 830 eandem

107 894 271 940 caussam
290 876 385 942 lunae
408 895 544 960 quoque,
577 878 696 960 quippe
719 896 816 958 quam
841 882 933 959 putet
954 874 1086 958 proprio
1108 875 1154 938 uti
1174 875 1225 938 ln·

109 984 219 1064 mine,
242 982 402 1050 defectum
418 979 557 1064 refert¹).
602 983 749 1048 Luminis
780 989 887 1048 autem
910 983 1005 1047 lunae
1038 987 1105 1046 tum
1133 981 1224 1046 dimi-

108 1091 288 1157 nutionem
310 1099 377 1157 tum
401 1094 612 1158 accretionem
636 1091 712 1156 inde
740 1092 867 1175 repetit,
895 1090 980 1173 quud
1008 1090 1089 1155 illud
1111 1090 1225 1155 annuli

111 1199 268 1268 foramen
289 1203 444 1284 deinceps
467 1209 534 1268 tum
557 1201 741 1267 obstruatur
769 1211 836 1266 tum
857 1199 1040 1266 recludatur
1049 1201 1086 1279 λ).
1130 1199 1225 1270 Unde

111 1307 206 1376 hanc
234 1313 337 1394 ipsam
371 1310 607 1377 cbsructioncm
637 1318 669 1376 et
704 1311 916 1377 reclusionem
950 1310 1125 1394 repetierit,
1160 1330 1224 1375 non

111 1419 269 1486 traditur.
873 1498 875 1503 s

223 1531 271 1596 10.
293 1530 451 1608 Vidimus,
476 1531 752 1598 Anaximandrum
774 1539 878 1597 terrae
900 1531 1036 1614 figuram
1058 1530 1148 1613 plani
1171 1549 1223 1613 cy·

112 1636 230 1719 lindri,
264 1639 365 1704 stellis
399 1637 528 1704 diveras
559 1659 579 1704 a
612 1646 697 1704 terra
728 1638 898 1705 distantias
930 1645 1027 1721 atque
1050 1640 1223 1704 maximam

113 1746 254 1829 quidem
275 1748 347 1828 soli,
380 1747 520 1831 denique
553 1750 702 1815 omnibus
737 1749 838 1814 stellis
872 1748 1115 1814 conversionem
1138 1749 1225 1813 circa

114 1854 234 1920 mundi
254 1876 349 1922 axem
365 1857 519 1940 tribuere3
542 1857 601 1923 scd
617 1877 713 1940 quam
723 1856 846 1941 {harum
867 1877 972 1922 rerum
988 1877 1060 1924 esse
1076 1859 1224 1922 statuerit

116 1985 315 2049 caussam,
342 1965 485 2033 nondum
507 1967 662 2033 diximus.
707 1967 756 2032 De
788 1967 850 2033 hac
875 1968 974 2050 igitur
1002 1987 1119 2033 caussa
1139 1987 1223 2032 nunc

117 2075 187 2138 iam
211 2075 429 2156 quaerendum
453 2082 511 2142 est.

223 2185 414 2251 Aristoteles
435 2187 469 2251 in
491 2187 632 2253 secundo
653 2187 695 2252 de
718 2186 815 2254 Coelo
834 2189 918 2253 libro
941 2179 1116 2270 cap'XIII,
1138 2194 1223 2270 post-

118 2314 221 2376 quam
244 2297 407 2360 recensuit
435 2315 542 2361 comm
566 2296 754 2378 sententias,
783 2297 838 2379 qui
865 2316 1023 2378 caussam,
1055 2317 1111 2362 cur
1138 2302 1224 2360 terra

119 2423 185 2469 non
210 2403 360 2469 deorsum
383 2406 519 2472 ferretur
542 2405 599 2471 sed
622 2407 655 2470 in
680 2425 738 2472 sua
760 2405 838 2472 sede
861 2405 1013 2488 maneret,
1048 2406 1081 2470 in
1101 2425 1139 2470 eu
1166 2425 1222 2488 po·

119 2519 247 2595 nerent,
268 2511 355 2595 quod
370 2513 481 2596 aliqua
503 2534 537 2579 re
560 2513 717 2597 subiecta,
740 2514 828 2579 velut
842 2534 928 2596 aqua
950 2521 1104 2594 antaeus,
1127 2513 1222 2577 susti-

119 2623 293 2701 neretur⁸),
315 2627 350 2686 ut
364 2621 422 2686 hos
445 2622 726 2700 omnino-refellat,
751 2621 1005 2705 disputationem
1021 2622 1061 2686 ab
1075 2620 1124 2686 his
1140 2620 1222 2703 ipsis

119 2729 163 2796 ad
186 2731 329 2796 universi
352 2731 480 2813 generis
501 2734 721 2813 quaestionem
744 2731 891 2825 traducit,
914 2734 946 2796 in
969 2730 1054 2796 hunc
1076 2731 1142 2796 fere
1155 2751 1223 2795 mc·

224 2917 548 2987 supposuerunt
569 2920 598 2971 6:
620 2915 757 2988 ,ἐκπνοὰς
775 2918 809 2972 δέ
825 2913 1041 2986 τιναςὺπάρξαι.
1062 2961 1066 2972 .
1087 2959 1093 2970 .
1114 2916 1157 2972 διὸ
1177 2923 1223 2971 καὶ

118 3017 378 3086 ἐπιφρασσομίνων
404 3015 458 3069 τῶν
476 3015 603 3070 ἐκπνοῶν
629 3015 677 3075 τὰς
703 3017 840 3083 ἐκλείψεις
861 3017 1017 3084 γίνεσθαι.“
1054 3016 1128 3069 Plut.
1148 3015 1221 3071 Plau.

118 3113 156 3181 ΙΙ,
176 3113 212 3164 24
230 3112 320 3180 (Stcb.
339 3113 361 3180 Ι,
381 3113 424 3174 24,
444 3131 470 3182 p.
491 3113 567 3176 didi:
590 3109 734 3184 ,Ἀναξίμ
755 3109 917 3180 (τόνῆλιον
929 3113 1076 3181 ἐκλείπειν)
1095 3113 1142 3164 τοῦ
1161 3129 1222 3165 uro·
1276 3135 1277 3140 ¹

118 3215 188 3282 μίου
214 3211 259 3275 τῆς
282 3209 330 3262 τοῦ
356 3207 442 3278 πυρὸς
469 3209 616 3276 διεκπνοῆς
643 3207 886 3280 ἆποκλειομένοο.“
930 3210 1004 3264 Plus.
1028 3209 1103 3263 Plau.
1124 3209 1159 3276 ΙΙ,
1178 3211 1222 3275 25,

119 3307 184 3362 coll.
203 3308 239 3360 29
257 3305 370 3376 (Euseb.
389 3305 449 3374 XV,
468 3308 517 3372 513
535 3307 632 3361 Galen.
654 3307 700 3377 153
727 3306 802 3362 Stob.
823 3308 844 3373 1,
865 3309 908 3375 26,
926 3325 955 3376 p.
976 3305 1050 3375 556):
1075 3302 1220 3375 ,Ἀναξίμ

118 3446 124 3458 .
149 3443 156 3458 .
177 3443 183 3456 .
205 3403 341 3456 ἐκλείπειν
359 3401 419 3471 (τὴν
438 3399 589 3471 σελήνην)
613 3401 680 3456 κατὰ
704 3401 751 3464 τὰς
774 3401 945 3474 ἐπιστροφὰς
974 3402 1061 3470 (Stob.
1086 3401 1221 3474 στροφὰς)

116 3499 167 3552 τοῦ
184 3499 309 3569 τροχοῦ.“
348 3497 428 3565 Quod
447 3499 522 3568 apud
534 3499 607 3552 Plut.
627 3500 791 3568 pariterque
811 3501 886 3569 apud
902 3500 1004 3554 Euseb.
1020 3499 1124 3553 dicitur
1141 3497 1222 3550 ‘nard

118 3592 167 3653 τὰς
186 3592 398 3665 ἐπιστροφὰς
425 3595 472 3647 τοῦ
493 3593 621 3665 τροχοιῗ,
646 3597 705 3650 siue
729 3597 815 3650 dubio
838 3597 940 3650 falsum
965 3601 1020 3664 est;
1044 3595 1222 3650 scribendum

118 3691 212 3746 videri
229 3686 414 3761 ‘inreptare’
432 3677 515 3746 antea
533 3693 589 3746 iam
608 3693 737 3746 diximus.
775 3693 816 3748 uf.
829 3693 903 3748 Plut.
914 3693 986 3747 Plac.
1000 3693 1036 3760 ΙΙ,
1049 3692 1092 3747 29.
1111 3693 1220 3747 Lunam

117 3788 235 3858 proprio
255 3788 297 3840 uti
315 3789 430 3857 lumine,
450 3795 546 3858 aperte
559 3790 665 3860 legitur
676 3791 758 3861 apud.
778 3791 851 3844 Plut.
862 3790 984 3850 Placss.
998 3791 1044 3843 28:
1066 3786 1221 3861 ,Ἀναξίμ..

118 3885 193 3939 ἴδιον
210 3879 294 3950 adria
314 3887 390 3956 ἐχειν
408 3886 477 3957 φῶς,
494 3883 654 3956 ἀραιότερον
673 3887 709 3941 dt
723 3888 808 3946 πως,“
829 3886 869 3941 Cf.
890 3887 968 3941 Stob.
987 3888 1007 3949 1,
1027 3888 1071 3956 26,
1092 3905 1118 3956 p.
1139 3889 1200 3942 556.

218 3979 376 4050 2)Hipp01.
396 3981 504 4036 Refutt.
523 3983 542 4036 l.
562 3983 590 4050 1.,
610 3983 706 4036 statim
727 3987 790 4051 post
810 3984 991 4038 verbaantca
1006 3984 1132 4038 laudata:
1156 3984 1221 4058 ,τὴν

119 4077 151 4130 δέ
170 4073 284 4144 σελήνην
302 4079 369 4131 ποτὲ
386 4079 442 4148 μὲν
460 4082 653 4150 πληρουμένην
672 4086 833 4151 φαίνεσθαι,
852 4081 919 4134 nori
930 4081 962 4135 (Ιέ
972 4087 1141 4154 μειουμένην
1151 4079 1219 4134 κατὰ

118 4171 239 4240 τὴντῶν
257 4169 352 4244 πόρων
370 4175 518 4248 ἐπίφροξιν
535 4171 551 4244 ἢ
570 4171 697 4236 ἅνοιξιν.“
744 4242 746 4248 ,

220 4269 249 4340 3)
268 4269 386 4327 Aristot.
406 4271 480 4328 Coei.
500 4272 537 4343 11,
557 4274 598 4328 13.
618 4275 689 4328 294⁸
704 4277 738 4329 28
758 4292 799 4344 sq.
