2864 4904
784 353 835 407 108

262 544 359 608 quam
392 527 434 594 do
466 525 701 596 Anaximandri
734 528 895 614 principio
923 527 1032 612 prodit
1064 528 1261 607 sententiam,
1294 545 1348 589 non

262 637 399 719 primum
423 657 441 703 e
457 638 618 704 nonnullis
632 639 816 706 Aristotelis
838 641 890 705 vel
905 639 1002 705 etiam
1017 638 1154 704 aliorum
1168 635 1347 719 scriptorum

262 747 342 812 locis
366 744 614 814 ratiocinatione
636 747 775 831 quadam
791 749 968 831 collegisse,
992 745 1051 813 sed
1073 747 1178 830 ipsam
1201 766 1222 809 a
1241 744 1347 810 veteri-

262 856 323 922 bus
346 855 555 941 scriptoribns
577 857 729 924 traditam
753 860 919 943 accepisse
926 882 934 938 ;
959 857 993 923 id
1015 858 1100 922 enim
1127 862 1158 922 et
1180 875 1199 921 e
1221 860 1286 920 tota
1306 851 1346 917 di-

214 1023 220 1038 .
264 965 358 1032 cendi
388 966 513 1033 ratione
541 969 695 1051 sequitur,
728 969 850 1052 quippe
881 987 964 1051 quae
990 965 1110 1050 ubique
1136 962 1349 1032 certitudinem
1419 971 1420 1047 ζ

262 1072 412 1138 ostendat
433 1074 540 1139 clarae
562 1074 766 1158 cognitionis,
800 1080 832 1139 et
853 1074 895 1139 ab
917 1075 999 1157 ipso,
1026 1074 1055 1139 si
1083 1073 1186 1138 verba
1213 1069 1347 1154 Ἥρωσι

261 1176 320 1264 γὰρ
342 1173 554 1268 ἅμφστέρως’
575 1190 662 1250 reete
684 1185 925 1268 explicavimus,
947 1189 1060 1267 aperte
1082 1181 1211 1248 dicitur.
1419 1161 1420 1185 ¹

363 1294 392 1357 8.
415 1292 569 1376 Sequitur
594 1292 846 1371 Themistius,
876 1293 932 1377 qui
959 1295 991 1358 in
1017 1292 1211 1377 paraphrasi
1237 1291 1349 1356 Aristo·
1419 1355 1420 1387 ,

263 1402 336 1468 telis
357 1401 511 1468 librorum
546 1401 754 1487 physicorum
785 1402 915 1486 saepius
950 1402 991 1468 de
1015 1401 1248 1468 Anaximandri
1270 1401 1350 1484 prin·
1419 1416 1420 1439 ί

262 1510 347 1595 cipio
380 1511 530 1594 loquitur.
588 1515 621 1578 Is
654 1514 753 1596 igitur
790 1514 823 1579 in
859 1511 1047 1598 paraphrasi
1084 1515 1152 1579 eius
1190 1511 1261 1592 loci,
1295 1528 1350 1592 quo
1419 1553 1420 1592 ,

265 1618 455 1687 Aristoteles
492 1623 628 1706 primum
662 1629 817 1689 memorat
851 1643 924 1702 cos,
963 1623 1019 1706 qui
1056 1621 1151 1706 σῶμά
1186 1645 1218 1685 τι
1255 1614 1351 1700 σορὸς
1418 1613 1420 1698 ζ

264 1727 324 1811 μὲν
346 1725 548 1814 πυκνότερον
570 1722 666 1815 ἀέρος
687 1731 723 1797 δὲ
744 1732 944 1816 λεπτότερον
971 1753 1069 1799 unum
1093 1732 1233 1799 omnium
1254 1749 1349 1796 rernm
1419 1753 1420 1797 l

264 1840 457 1924 principium
485 1849 615 1926 ponant,
647 1863 743 1909 unum
771 1842 1046 1909 Anaximandrum
1073 1842 1226 1926 nominat,
1255 1857 1349 1922 aquo
1419 1895 1420 1898 ,

266 1949 327 2016 hoo
352 1951 548 2035 principium
576 1955 761 2037 ponatur¹);
785 1954 870 2019 etin
898 1952 1089 2038 paraphrasi
1111 1954 1181 2018 eius
1203 1953 1350 2032 locique
1419 1955 1420 2004 l

265 2059 456 2127 Aristoteles
485 2061 623 2145 primunr
656 2056 695 2126 σὸ
732 2058 823 2144 παρὰ
860 2057 901 2126 τὰ
931 2065 1077 2143 στοιχεῖα
1113 2069 1145 2128 et
1179 2059 1218 2126 τὸ
1249 2057 1350 2140 ἕτερον
1418 2049 1420 2103 ἒ

265 2169 331 2230 τῶν
351 2169 521 2250 στοιχείων
546 2185 710 2256 memorat,
733 2172 794 2240 hoc
816 2173 927 2240 diceus
954 2171 1187 2257 aquibusdam
1213 2170 1287 2256 poni
1312 2167 1350 2246 id,
1419 2153 1420 2201 ί

150 2271 156 2282 ’
266 2278 353 2360 quod
379 2278 422 2345 sit
450 2279 619 2359 infinitum,
646 2303 757 2349 rursus
783 2303 881 2349 unum
910 2281 1186 2348 Anaximandrum
1218 2279 1351 2365 appellat
1419 2290 1420 2309 ¹

266 2407 348 2470 eum,
369 2387 426 2470 qui
448 2394 593 2453 naturam
627 2390 668 2456 ab
697 2390 864 2457 elementis
892 2389 1054 2456 diversam
1084 2394 1204 2454 statuat
1224 2407 1293 2454 esse
1313 2384 1349 2467 id,

264 2496 351 2580 quod
374 2497 534 2562 infinitum
561 2499 613 2577 sit,
646 2498 769 2565 addens
792 2501 899 2583 etiam,
928 2498 1205 2565 Anaximandrum
1226 2517 1295 2563 eam
1315 2495 1350 2560 oh
1417 2475 1420 2620 p

264 2625 412 2674 caussam
424 2612 572 2672 naturam
584 2610 625 2675 ab
640 2609 809 2675 elementis
827 2608 988 2674 diversam
1004 2607 1158 2674 infinitati
1174 2607 1350 2685 subiecisse,
1419 2659 1420 2716 p

264 2715 351 2799 quod
371 2715 541 2799 infinitum,
575 2724 609 2783 ut
638 2717 828 2802 principium
856 2737 928 2784 esse
959 2724 1067 2798 posset
1093 2717 1236 2782 omuibus
1264 2715 1350 2781 rebus

264 2825 457 2908 subiectum,
484 2832 646 2910 oporteret
673 2834 854 2908 exemptum
878 2846 949 2894 esse
982 2847 1002 2892 a
1028 2827 1199 2893 contrariis
1223 2826 1349 2892 elemen-

264 2941 368 3001 torum
398 2934 651 3018 qualitatihus2).
705 2935 790 3002 Loco
819 2942 927 3003 autem
960 2937 1069 3020 paullo
1103 2941 1175 3019 post
1207 2935 1350 3017 sequenti,

263 3113 359 3163 τερον
378 3090 498 3154 ὕδατος
521 3095 557 3147 δὲ
576 3092 802 3166 λεπτότερον,
825 3095 986 3156 Aristotelis
1009 3096 1178 3151 sententiam
1200 3094 1238 3150 sic
1254 3092 1349 3149 reddit:

266 3196 330 3260 „unt
348 3205 444 3263 φησιν,
463 3232 470 3245 .
490 3233 496 3246 .
517 3187 557 3244 ὅτι
581 3187 671 3250 οὐδεὶς
693 3193 748 3245 τῶν
769 3189 845 3261 παρὰ
866 3189 897 3246 τὸ
916 3193 971 3262 πῦρ
994 3184 1059 3245 litto
1081 3212 1106 3245 τι
1130 3193 1211 3264 σῶμα
1232 3187 1261 3244 τὸ
1285 3205 1349 3242 στω-

261 3294 340 3359 χεῖον
358 3292 488 3360 θεμένων
514 3282 647 3355 ἢτοὺτων
664 3289 719 3342 τῶν
736 3283 878 3359 τεσσάρων
896 3283 912 3355 ἢ
931 3289 986 3343 τῶν
1003 3285 1127 3360 μεταξὺ
1147 3289 1240 3360 σῶμα
1258 3281 1350 3355 πυρὸς

264 3388 319 3438 καὶ
341 3381 438 3455 ἀέρος
460 3382 552 3456 ὀρθῶς
574 3381 609 3440 ἂν
626 3391 666 3453 εἴη
686 3388 799 3456 ίίγων.“

365 3482 391 3552 1)
410 3482 542 3539 Themist.
561 3483 696 3553 Paraphr.
716 3483 739 3552 1,
757 3500 784 3552 p.
807 3484 866 3551 12t,
881 3485 913 3536 19
933 3483 976 3538 ed.
996 3483 1116 3553 Spengel
1135 3482 1177 3550 (in
1195 3481 1273 3550 Phys.
1290 3480 1310 3545 Ι,
1328 3479 1349 3530 l.

266 3580 335 3632 187³
352 3581 396 3650 12)
424 3578 525 3650 ,ἕτερον
551 3580 582 3634 δὲ
610 3581 665 3634 τῶν
691 3584 835 3651 στοιχείων
859 3579 915 3651 μὲν
932 3575 1023 3633 ὀὐδὲν
1047 3575 1243 3649 [ὑποκείμενον
1267 3576 1347 3632 ποτοῦ·

265 3674 333 3744 σιν],
348 3667 414 3728 ἔτ’ίλο
433 3674 465 3728 dl
483 3670 498 3727 ὃ
518 3671 602 3744 πυρὸς
620 3673 676 3745 μὲν
694 3668 861 3744 πυκνότερον
879 3669 959 3744 ἀίρος
977 3667 1195 3744 δὲλεπτότερον,
1213 3671 1252 3734 ὡς
1265 3667 1348 3728 Ἀνα-

266 3771 475 3843 ξίμανδρος.“
1419 3798 1420 3847 p

365 3868 393 3938 2)
412 3867 484 3922 rere.
502 3885 529 3937 p.
548 3868 609 3936 230,
628 3871 644 3923 a
667 3869 708 3937 (in
726 3865 807 3937 Phys.
827 3867 877 3936 111,
897 3869 921 3922 s.
943 3867 1016 3922 norb
1030 3869 1066 3920 22
1084 3868 1136 3938 sq.)
1170 3863 1241 3936 ,aar
1257 3863 1306 3937 γὰρ
1323 3863 1349 3916 a

264 3985 289 4018 τι
307 3964 362 4018 τῶν
379 3969 522 4035 στοιχείων
540 3965 599 4018 ἐστὶ
616 3963 657 4034 [τὸ
677 3959 792 4056 ἄπορον
811 3963 914 4036 σῶμω],
936 4007 941 4019 .
964 4006 970 4018 .
990 4006 996 4019 .
1017 3959 1033 4032 ἦ
1050 3985 1090 4025 τις
1108 3965 1188 4036 ἑτέρα
1207 3959 1294 4036 φύσις,
1314 3958 1347 4018 ὠς
1419 4028 1420 4053 ¹

261 4058 532 4133 Ἀναξίμανδρος
546 4068 669 4126 σίτοισι·
695 4057 772 4122 οὗτος
790 4059 844 4132 γὰρ
868 4053 953 4128 ἦλθεν
976 4063 1023 4116 dul
1045 4059 1097 4129 τὴν
1119 4057 1243 4118 dirivetur
1263 4055 1348 4123 ταύτην
1419 4084 1420 4155 p

264 4159 336 4213 κτλ.“
374 4159 445 4214 Tum
463 4160 558 4228 paullo
576 4164 649 4228 post,
666 4178 692 4215 v.
716 4159 760 4214 18:
781 4156 844 4224 „dni
862 4160 941 4213 τοῦτο
951 4152 1000 4214 οὖν
1012 4159 1108 4231 ἑτέρον
1123 4154 1210 4232 φύσιν
1227 4156 1273 4226 τὴν
1283 4150 1347 4210 ἄντει-

266 4273 317 4324 ρον
335 4257 416 4326 λέγω,
437 4256 465 4316 ἐξ
482 4240 512 4324 ἧς
532 4253 563 4309 τὰ
584 4263 705 4328 στοιχεῖα
723 4260 769 4310 καὶ
787 4253 819 4310 τὰ
838 4251 945 4312 λοιπά.“
