2862 4910
767 321 820 374 ³16

243 493 369 579 ipsius
391 493 579 576 cuiusque
606 493 739 559 mundi
766 499 897 578 partes
931 494 1122 579 deinceps
1148 497 1346 561 resolvan-

244 611 304 670 tur
337 605 376 668 in
409 603 646 688 principiam
673 623 720 668 ex
751 624 875 685 eoque
910 603 1023 669 novis
1057 604 1346 670 secretionibus

244 713 513 796 suppleantur.

343 822 486 887 Primum
518 822 616 906 igitur
648 823 923 890 Anaximandrum
959 822 1119 888 infinitam
1155 822 1345 888 mundomm

245 928 362 993 seriem
379 926 533 1010 deinceps
550 929 719 993 orientium
734 928 1013 1008 occidentiumque
1038 938 1190 1014 statuere,
1214 931 1256 997 ab
1269 934 1345 1018 ipsis

245 1036 408 1101 veteribus
430 1043 541 1119 aperte
563 1047 722 1102 narratur.
767 1037 905 1114 Etenim,
929 1044 963 1104 ut
991 1040 1178 1106 testimonia
1199 1040 1343 1107 adferam

230 1147 374 1236 ,omnino
390 1145 562 1226 evidentia,
586 1145 700 1212 Cicero
717 1167 790 1213 eum
802 1148 1054 1214 innumerabiles
1074 1151 1210 1216 mundos
1227 1171 1344 1235 ponere

245 1255 324 1320 dicit
347 1255 453 1338 longis
476 1256 653 1321 Intervallis
673 1259 813 1323 'orientes
836 1257 1084 1342 occidentesque
1093 1262 1132 1342 ¹);
1155 1260 1344 1326 Plutarchus

245 1371 351 1430 autem
384 1367 565 1431 accuratius
598 1367 695 1430 etiam
723 1385 797 1430 eum
830 1365 906 1431 dicit
939 1367 1191 1432 innumerabiles
1226 1388 1343 1453 ponere

166 1504 170 1524 =
245 1472 382 1538 mundos
416 1472 568 1557 deinceps
600 1475 739 1539 orientes
769 1494 945 1558 rursusque
977 1477 1161 1543 occidentes
1185 1483 1282 1559 atque
1306 1497 1342 1542 eo

246 1582 378 1664 quidem
399 1581 590 1665 occidentes,
614 1582 700 1665 quod
716 1603 827 1648 omnes
847 1584 888 1648 ab
909 1603 991 1650 aevo
1013 1585 1137 1650 infinito
1160 1585 1203 1650 ad
1220 1587 1342 1650 initium

246 1691 375 1772 (idest,
409 1692 442 1756 in
479 1692 688 1776 principium)
718 1693 959 1776 revertantur2).
1009 1695 1117 1776 Atque
1152 1695 1342 1779 Hippolytus

247 1803 354 1881 etiam,
377 1802 431 1883 qui
444 1803 635 1866 sententiam
657 1801 787 1867 videtur
808 1822 826 1867 e
842 1802 1066 1884 Theophrasto
1081 1805 1134 1870 vel
1157 1825 1198 1869 ex
1213 1804 1342 1869 auetori-

246 1910 304 1974 bus
329 1910 424 1975 illum·
445 1909 654 1990 sequentibus
683 1910 861 1992 accepisse,
890 1931 962 1975 eum
989 1911 1089 1976 refert
1111 1913 1239 1994 ipsam
1260 1917 1342 1976 tem·

246 2020 357 2103 poris
380 2019 569 2083 notionem
591 2019 624 2083 in
641 2038 678 2083 eo
703 2019 862 2102 posuisse,
885 2020 971 2102 quod
994 2040 1101 2086 rerum
1123 2025 1213 2085 ortus
1236 2025 1268 2085 et
1288 2019 1341 2084 du-

247 2129 330 2192 ratio
363 2134 394 2192 et
428 2129 575 2194 interitus
605 2130 702 2194 certis
730 2129 877 2194 terminis
907 2129 1042 2196 definita
1071 2127 1227 2210 essentr).
1272 2127 1343 2191 Alia

246 2237 431 2302 testimonia
452 2238 484 2300 in
504 2236 712 2302 adnotatione
735 2236 997 2318 adscribentem).

348 2346 467 2412 Verum
495 2347 593 2411 etiam
627 2347 729 2427 ipsius
761 2347 916 2430 cuiusque
946 2347 1060 2413 mundi
1093 2353 1202 2430 partes
1233 2346 1342 2412 statuit

248 2454 401 2538 deinceps
423 2457 456 2520 in
472 2455 667 2539 principium
686 2455 817 2521 interire
840 2475 880 2520 ex
894 2456 1018 2538 hocque
1033 2457 1232 2522 continenter
1253 2455 1341 2520 novis

350 2792 374 2852 l)
393 2787 447 2842 Cic.
468 2787 531 2840 Nat.
551 2787 584 2840 D.
598 2787 619 2848 1,
641 2789 686 2841 10:
708 2781 928 2855 „Anaximandri
946 2791 1038 2841 autem
1052 2787 1148 2856 opinio
1168 2791 1218 2853 est,
1235 2783 1339 2838 nativos

248 2902 305 2938 esse
325 2885 399 2946 deos,
425 2884 515 2953 longis
538 2884 694 2938 intervallis
718 2884 839 2938 orientes
858 2884 1079 2952 occidentesque,
1105 2901 1232 2952 eosque
1249 2882 1338 2934 innu-

248 2980 433 3034 merabiles
453 2998 525 3034 esse
544 2979 710 3034 mundos.“

348 3077 376 3145 2)
396 3077 470 3129 Plut.
491 3076 592 3130 Strom.
612 3078 686 3145 apud
705 3076 804 3130 Euseh.
816 3076 915 3144 Praep.
927 3077 979 3130 Ev.
994 3078 1014 3142 1,
1025 3079 1050 3144 8,
1070 3078 1099 3129 2:
1120 3072 1290 3146 „darpivrro
1308 3073 1336 3124 di

248 3171 298 3240 τὴν
320 3173 433 3244 φθορὰν
454 3179 592 3242 γίνεσθαι,
615 3177 661 3225 καὶ
684 3169 753 3226 πολὺ
777 3167 911 3242 πρότερον
933 3171 982 3240 τὴν
1003 3177 1115 3241 γένεσιν
1140 3172 1206 3242 [τῶν
1227 3171 1338 3238 ἀπείρων

248 3264 384 3340 κόσμων],
412 3271 441 3329 ἒξ
457 3267 571 3339 ἀπείρου
593 3272 691 3328 αἰῶνος
714 3265 1031 3340 ἀνακυκλουμένων
1055 3263 1193 3323 πάντων
1210 3263 1336 3320 αὖτῶν“.

248 3367 493 3422 Ἅνακυκλοῦσθτιί
512 3367 564 3420 hoe
583 3367 643 3420 loco
663 3372 706 3420 ert
724 3368 846 3421 ‘revolvi
866 3366 902 3421 ad
920 3367 1053 3428 initium',
1075 3366 1161 3420 idest
1181 3363 1294 3420 ‘reverti
1309 3363 1334 3414 in

249 3463 446 3531 principium';
477 3480 527 3516 nec
550 3480 616 3515 vero
640 3462 781 3532 significat
804 3454 1002 3516 ‘conversione
1026 3461 1149 3515 rotunda
1173 3457 1313 3528 circumagi
1321 3457 1335 3521 ¹,

249 3562 280 3610 ut
299 3557 536 3612 Teiehmuellerus
555 3559 694 3626 opinatur.
724 3608 726 3612 .

349 3655 376 3724 3)
396 3654 458 3708 Vid.
479 3671 564 3722 supra
582 3673 609 3723 p.
629 3656 663 3706 38
683 3659 711 3708 et
729 3659 786 3708 not.
806 3658 830 3707 4.

348 3753 373 3814 4)
393 3750 467 3804 Stob.
487 3751 564 3818 Lao,
584 3768 611 3818 p.
624 3752 690 3803 416:
712 3751 948 3822 „’Avu51prrvdpor
961 3789 984 3804 ..
1006 3747 1136 3822 φθαρτὸν
1153 3746 1204 3802 τὸν
1215 3744 1334 3817 atrpor‘.

251 3831 375 3914 Simplic.
397 3847 478 3914 Phys.
498 3849 558 3912 257,
576 3827 604 3915 Ι6,
622 3865 650 3916 p.
669 3847 753 3915 med.;
773 3847 836 3900 vide
854 3846 945 3900 locum
964 3865 1049 3915 supra
1067 3865 1094 3916 p.
1109 3849 1169 3909 280,
1182 3849 1206 3900 2.
1230 3847 1333 3914 August.

251 3943 308 3996 civ.
328 3943 360 3996 D.
381 3943 456 4007 VIII,
475 3945 503 3995 2:
530 3943 649 4011 „(rerum
673 3943 813 4012 principia
832 3943 961 4012 credidit)
991 3944 1209 3998 innumerabiles
1232 3939 1334 3996 mundos

250 4040 366 4108 gignere
394 4043 422 4092 et
441 4057 622 4108 quaeeunque
644 4040 674 4094 in
702 4041 736 4094 iis
766 4039 906 4101 oriuntur,
935 4056 1060 4108 eosque
1080 4039 1223 4092 mundos
1250 4033 1333 4090 modo

251 4136 405 4204 dissolvi,
425 4137 523 4190 modo
543 4138 670 4190 iterum
689 4137 789 4208 gigni
802 4135 1031 4204 exisIImavit‚
1050 4139 1156 4204 quanta
1170 4135 1333 4204 quisquesua

251 4236 343 4287 aetate
361 4250 473 4288 manere
491 4235 641 4302 potuerit.“
