2860 4906
773 361 827 413 284

251 527 379 594 deliniri
409 529 553 594 vidimus
587 551 609 595 a
641 530 873 622 Theophrasto.
929 532 1012 597 Nam
1036 532 1235 616 Porphyrius
1257 541 1287 598 et
1307 533 1341 596 D.

252 637 400 703 Laertius
419 643 453 704 et
473 637 809 704 Pseudo-Plutarchus
831 639 1112 705 Anaximandrum
1140 640 1247 707 dieunt
1267 640 1341 722 prin-

250 745 372 829 eipinm
393 747 543 830 posuisse
558 767 675 832 eorpus
697 747 871 831 quoddam,
895 770 958 815 non
981 749 1249 833 definientem,
1277 771 1342 815 num

250 865 338 922 esset
359 856 444 940 ignis
465 877 575 922 anaer
596 878 638 922 an
653 877 739 940 aqua
760 878 802 922 an
814 857 904 924 alind
919 857 1082 940 quoddam
1093 879 1228 942 eorpus;
1251 858 1342 924 Theo·

250 966 400 1052 phrastus
427 973 536 1032 autem
561 966 838 1033 Anaximandrum
866 967 984 1033 diserte
1011 967 1059 1035 ait
1080 990 1155 1035 non
1177 989 1282 1035 unum
1304 989 1342 1033 ex

249 1077 461 1144 elementis
491 1077 551 1144 sed
583 1071 696 1158 ἑτέραν
727 1077 798 1140 τινὰ
831 1070 930 1161 φύσιν
960 1066 1103 1158 ἔπειρον
1137 1079 1187 1144 vel
1218 1077 1296 1141 ἄλλο
1316 1099 1343 1140 τι

251 1177 340 1262 παρὰ
361 1176 402 1245 τὰ
424 1187 572 1262 στοιχεῖα
595 1185 791 1268 prinoipinm
814 1183 980 1261 dixisse¹l.
1025 1186 1112 1270 Elrgo
1134 1187 1220 1270 quod
1241 1189 1286 1252 illi
1306 1185 1341 1252 ah

251 1291 494 1358 Anaximandro
516 1290 685 1358 delinitum
706 1281 778 1360 esse
797 1301 926 1378 negant,
949 1293 984 1359 id
1005 1293 1245 1378 Theophrastus
1260 1315 1341 1378 aper-

250 1402 373 1468 tissime
395 1400 437 1467 ab
455 1421 494 1468 eo
518 1401 781 1480 delinitumesse
803 1401 997 1486 adfirmat2).

254 1601 453 1610 ——..-——

353 1727 380 1793 l)
399 1723 524 1795 Sirnplio.
542 1725 623 1794 Phys·
643 1727 670 1792 6,
690 1743 716 1794 a,
734 1745 762 1795 p.
775 1745 811 1780 m.
835 1726 1009 1782 Vid.'loeum
1027 1743 1113 1796 supra
1130 1745 1159 1796 p.
1180 1728 1261 1795 115,1
1279 1736 1304 1782 et
1321 1731 1343 1779 2.

249 1821 337 1876 Errat
365 1821 454 1892 igitur
477 1822 603 1877 Zellerus
634 1822 672 1892 (p.
695 1824 769 1892 192),
796 1823 845 1892 qui
874 1823 904 1877 in
932 1823 975 1878 his
1004 1823 1143 1894 Simplicii
1173 1824 1261 1880 verbis
1287 1842 1343 1878 ean·

249 1918 313 1972 dem
342 1919 510 1974 sententiam
536 1919 624 1974 inesse
650 1923 731 1988 putet
760 1924 844 1987 atque
870 1937 946 1984 earn,
972 1938 1042 1987 quae
1071 1939 1088 1974 a
1107 1920 1259 1990 Porphyrio
1286 1939 1341 1989 pro·

249 2020 379 2084 ponatur.

349 2111 378 2181 2)
398 2111 478 2167 Unde
496 2111 569 2166 mira
582 2112 650 2167 haee
671 2132 704 2168 ao
722 2131 811 2182 paene
824 2113 920 2183 inepta
933 2114 1083 2183 Porphyrii
1102 2114 1137 2170 de
1150 2111 1341 2168 Anaximandri

249 2207 389 2278 principio
407 2208 547 2263 sententia
565 2213 629 2263 orta
647 2209 692 2276 sit,
716 2209 832 2264 difficile
856 2210 973 2264 inventu
1000 2215 1049 2264 est.
1087 2211 1270 2280 Porphyrium
1287 2225 1342 2262 earn

249 2323 306 2358 non
324 2305 446 2374 primam
474 2323 508 2359 ex
536 2306 585 2360 illo
605 2307 665 2362 loeo
685 2308 865 2362 Aristotelian
891 2308 1035 2378 collegisse
1059 2308 1107 2362 sed
1126 2307 1238 2362 aliunde
1257 2323 1354 2362 conoe.

250 2407 328 2472 ptam
339 2402 477 2470 hahuisse,
495 2419 528 2456 ax
541 2403 602 2471 ipsa
615 2403 690 2457 illins
711 2404 764 2458 loci
777 2405 888 2458 ratione
902 2405 1079 2474 intellegitur
1097 2409 1126 2459 et
1139 2423 1172 2460 eo
1186 2405 1268 2460 etiarn
1286 2419 1342 2456 eon-

248 2499 385 2562 firmatur,
405 2499 480 2568 quod
499 2499 596 2554 eadem
617 2501 757 2556 sententia
775 2501 850 2570 apud
869 2501 904 2554 D.
916 2501 1064 2556 Laertium
1080 2501 1239 2570 Porphyrio
1257 2499 1342 2570 paullo

248 2596 436 2665 antiquiorem
455 2596 567 2667 legitur.
604 2596 667 2651 Vid.
688 2615 772 2666 supra
790 2616 818 2667 p.
840 2597 941 2661 2111.
980 2599 1049 2654 Cum
1068 2603 1163 2654 autem
1182 2596 1342 2668 Porphyrius

248 2698 277 2748 et
297 2693 330 2748 D.
351 2693 481 2748 Laertius
500 2698 529 2748 et
541 2693 831 2748 Pseudo-Plutarchus
851 2694 880 2748 iu
899 2694 996 2749 eadem
1015 2695 1156 2750 sententia
1176 2693 1341 2756 conveniant,

248 2795 360 2860 oportet
390 2790 512 2860 aliquem
541 2789 627 2844 fuisse
651 2791 815 2860 scriptorem
842 2791 1041 2862 antiquiorem,
1071 2808 1085 2845 e
1110 2808 1165 2860 quo
1192 2809 1253 2846 eam
1279 2807 1341 2844 sum·

247 2887 364 2958 pseriut.
383 2887 442 2941 Iam
461 2905 527 2941 vero
547 2887 579 2954 is,
599 2887 648 2956 qni
662 2889 770 2958 primus
789 2888 862 2944 hanc
876 2887 1043 2942 senteutiam
1063 2893 1161 2957 aperte
1172 2887 1270 2943 falsam
1287 2903 1343 2955 pro·

248 2984 351 3053 posuit,
372 2983 498 3052 quisquis
523 2982 586 3050 fnit,
610 2984 646 3038 ad
670 3001 731 3038 eam
757 2988 832 3039 certe
860 3001 916 3038 non
942 2989 1111 3053 pervenerat
1135 2985 1190 3038 nisi
1210 3003 1250 3052 eo,
1277 2982 1340 3052 quod

249 3097 346 3136 veram
363 3080 468 3150 prioris
479 3081 563 3134 etiam
578 3081 724 3150 scriptoris
743 3081 778 3136 de
788 3081 992 3136 Anaximandri
1002 3081 1144 3152 principio
1164 3083 1341 3137 narrationem

249 3177 320 3232 falso
337 3178 538 3247 interpretatus
558 3181 628 3232 erat.
666 3177 770 3245 Quodsi
794 3183 888 3233 autem
908 3178 1076 3247 quaerimus,
1101 3180 1164 3247 quis
1187 3177 1339 3234 111111111-

249 3281 323 3345 ptor,
342 3293 357 3330 e
376 3275 455 3328 ouius
467 3275 630 3330 narratione
643 3275 769 3344 potuerit
787 3275 838 3330 illa
856 3275 996 3332 sententia
1014 3276 1099 3344 nasei,
1118 3275 1192 3330 nihil
1210 3276 1278 3332 oerti
1291 3272 1341 3342 qui·

249 3372 313 3427 dam
332 3371 484 3440 invenitur,
503 3371 552 3426 sed
569 3377 635 3426 sunt
647 3373 752 3441 aliqua,
771 3390 787 3426 e
805 3372 905 3440 quibus
925 3372 1015 3428 eonioi
1027 3372 1118 3441 possit
1128 3371 1340 3442 Theophrastum

249 3483 316 3522 esse.
353 3466 380 3520 ls
398 3464 482 3525 enim,
500 3465 523 3519 si
542 3483 582 3533 ea,
603 3484 676 3535 quae
694 3485 711 3520 a
731 3466 875 3536 Simplicio
894 3467 923 3520 in
941 3466 1022 3536 Phys.
1042 3484 1069 3536 p.
1089 3468 1114 3534 6,
1134 3486 1163 3534 a,
1182 3486 1210 3536 p.
1229 3465 1341 3522 111111-
1409 3493 1410 3532 ,

249 3567 359 3625 runtur.
378 3561 565 3632 Theophrasti
584 3568 658 3632 sant,
677 3563 800 3632 primum
820 3564 932 3632 quidem
956 3563 1161 3618 Anaximandri
1185 3563 1342 3634 principium
1409 3545 1410 3576 ³

249 3660 289 3714 ita
306 3660 397 3714 solum
415 3658 522 3726 definit,
542 3663 574 3714 ut
593 3677 652 3714 esse
670 3660 748 3714 dicat
770 3656 851 3731 ‘parire
876 3656 948 3729 ὕδωρ
968 3654 1035 3730 μήτε
1060 3651 1126 3712 «illo
1145 3681 1168 3713 ri
1189 3661 1343 3714 111111111-
1409 3681 1410 3686 ¹

249 3760 344 3826 μένων
362 3761 513 3827 στοιχείων,
540 3752 598 3808 ἀλλ’
622 3756 718 3826 ἑτέραν
742 3753 801 3811 τινὰ
826 3752 913 3828 φύσιν
930 3751 1050 3827 dusipon'
1072 3786 1106 3798 -
1126 3759 1181 3826 vel,
1208 3762 1241 3812 ut
1257 3754 1343 3826 paullo
1409 3789 1410 3792 =

249 3858 313 3924 post
331 3853 444 3919 dieitur,
464 3855 501 3906 ‘al
520 3846 585 3906 ἄλλο
607 3851 682 3924 παρὰ
701 3851 733 3906 τὰ
753 3854 896 3924 στοιχεῑ1’.
933 3853 987 3908 Sed
1006 3857 1089 3910 antee
1100 3853 1176 3922 iude,
1195 3853 1269 3924 quod
1281 3852 1339 3905 Sim-

248 3950 334 4021 plieio
359 3955 431 4006 teste
457 3949 663 4005 Anaximandri
690 3951 861 4020 principiam
888 3951 1000 4006 dixerat
1027 3945 1114 4022 φύσιν
1140 3944 1270 4020 ἀόριστον
1291 3946 1342 4002 κατ’

250 4047 331 4111 eruor,
350 4046 572 4104 concludendum
601 4063 660 4102 esse
684 4047 864 4115 ostendimus,
892 4065 955 4102 eum
983 4048 1013 4103 in
1041 4048 1137 4102 eodem
1168 4065 1252 4118 opere
1279 4042 1339 4101 illud

250 4141 281 4198 τὸ
300 4140 375 4214 παρὰ
394 4139 426 4224 ui
437 4150 559 4216 στοιχεῖα
569 4145 728 4210 aoeuratius
741 4145 827 4202 etiam
839 4145 1020 4216 explicavisse
1038 4161 1071 4200 ae
1089 4144 1150 4201 sine
1168 4144 1253 4200 dubio
1266 4142 1338 4198 etism

250 4245 381 4300 naturam
399 4240 475 4297 inter
493 4241 549 4296 duo
563 4242 701 4298 elementa
720 4243 841 4298 mediam
853 4243 965 4298 dixisse.
1004 4242 1180 4326 eumeniam
1193 4239 1339 4302 viderimus,
