2864 4904
797 337 918 438 aa*

267 555 390 642 stimat,
413 555 552 642 primum
575 527 695 628 refellit
709 577 774 640 eos,
797 557 852 639 qni
868 557 977 623 omnis
994 549 1140 640 (τόπᾶν)
1162 577 1202 624 eo
1225 564 1360 624 statuant

266 688 363 734 unum
377 688 460 752 esse,
483 665 569 750 quod
591 666 740 733 omnibus
756 667 852 734 rebus
873 668 1006 734 eandem
1024 667 1184 752 quandam
1208 676 1359 749 naturam,

172 835 174 842 .
265 796 401 860 eamque
415 777 548 860 quidem
563 795 761 861 corpoream,
777 777 956 844 subiectam
971 797 1044 844 esse
1059 777 1178 860 dieunt,
1201 799 1290 862 quae
1310 798 1360 864 per

265 906 301 954 se
323 887 402 966 sola,
425 888 514 954 nullo
536 886 602 956 aiio
624 906 811 954 caussarum
833 907 952 970 genere
974 887 1158 969 aooedente,
1180 908 1295 954 omnes
1315 907 1359 952 res

265 1021 306 1068 ex
328 1019 401 1068 sese
431 1002 554 1085 gignat,
582 999 707 1083 hosque
732 998 887 1084 deinoeps
918 1018 975 1065 eos
1005 998 1188 1078 essedioit,
1223 999 1281 1081 qni
1310 1004 1360 1062 aut

266 1126 364 1176 uuum
387 1127 429 1176 ex
451 1108 516 1174 iilis
532 1109 635 1176 tribus
655 1108 822 1175 elementis
844 1113 901 1174 aut
921 1113 1071 1173 naturam
1090 1107 1256 1191 quandam
1276 1127 1358 1174 aere

263 1218 491 1285 densiorem
506 1237 609 1301 aqua
626 1224 752 1284 autern
768 1217 1023 1284 subtiliorem
1039 1216 1234 1302 prinoipinm
1247 1223 1359 1302 ponant

264 1327 360 1394 rebus
382 1327 607 1408 subieom'mp.
649 1327 717 1393 Hos
740 1326 828 1393 looos
850 1326 879 1392 ri
899 1345 1133 1410 comparamus,
1154 1325 1253 1392 saeile
1267 1333 1357 1410 patet,

265 1457 330 1514 eos,
353 1438 410 1520 qni
432 1437 541 1523 priore
559 1438 630 1505 loeo
646 1444 793 1504 naturam
810 1438 906 1504 rebus
921 1436 1098 1505 rubieotam
1114 1457 1211 1502 unum
1235 1456 1357 1502 earum

263 1545 507 1629 principium
529 1565 651 1630 ponere
673 1545 833 1629 dieuntnr,
855 1551 888 1611 et
909 1565 975 1628 eos,
1008 1546 1065 1628 qui
1092 1547 1272 1629 posteriore
1293 1546 1357 1612 tono

263 1657 372 1721 omnia
401 1675 440 1722 eo
471 1654 621 1722 dionntur
654 1675 751 1722 unum
777 1661 927 1738 statuere,
960 1654 1048 1738 quod
1084 1655 1233 1722 omnibus
1267 1655 1357 1721 rebus

263 1764 376 1832 eadem
399 1764 559 1848 quaedam
581 1771 699 1831 natura
719 1764 868 1831 subiecta
896 1765 947 1844 sit,
980 1783 1079 1846 quae
1112 1785 1181 1849 per
1209 1784 1248 1830 re
1279 1765 1356 1830 sola

262 1876 384 1942 omnia
412 1893 458 1940 ex
481 1893 567 1940 rese
595 1874 743 1958 gignat,
779 1873 911 1940 omnino
945 1873 1076 1940 eosdem
1107 1893 1192 1957 esse3
1224 1893 1356 1956 namque

262 1989 295 2048 et
327 1982 440 2050 eodem
478 1983 674 2050 definiuntur
705 1984 828 2067 insigni
864 1991 897 2050 et
932 1989 1044 2068 aperte
1081 1985 1258 2068 posteriore
1289 1985 1356 2048 ioao

262 2094 350 2178 prior
372 2094 551 2179 respioitur.
596 2093 719 2172 Quodsi
741 2100 849 2158 autem
871 2092 970 2158 iidem
998 2100 1080 2172 sunt,
1111 2094 1207 2159 etiam
1235 2094 1355 2176 speeies

261 2222 371 2270 eorum
396 2203 528 2270 easdem
546 2187 623 2271 ¹esse
653 2210 790 2287 oportet,
824 2204 852 2270 si
875 2203 1007 2287 quidem
1039 2205 1072 2269 in
1106 2205 1248 2286 utrisque
1271 2201 1355 2267 idem

261 2312 430 2380 divisionis
463 2313 658 2398 prinoipium
695 2313 880 2380 adhibetur.
935 2313 1004 2378 Iam
1041 2332 1119 2379 vero
1151 2313 1255 2397 priore
1283 2311 1355 2378 iooo

215 2459 216 2462 =
261 2442 381 2506 eorum,
410 2423 466 2506 qui
485 2429 633 2490 naturam
656 2424 752 2490 rebus
777 2423 955 2489 subieotam
978 2443 1076 2490 unum
1099 2428 1222 2506 ponant
1241 2421 1354 2506 prinei-

261 2533 359 2616 pium,
382 2532 507 2616 speeies
530 2539 738 2598 numerantur
758 2533 791 2616 ii,
812 2533 866 2614 qui
888 2538 1077 2614 antequam
1099 2537 1156 2598 aut
1177 2552 1278 2598 aerem
1297 2537 1353 2596 ant

259 2641 367 2724 ignem
380 2641 436 2708 aut
450 2641 606 2724 quiddam
628 2643 734 2708 inter
754 2661 882 2708 aerem
905 2647 942 2707 et
963 2642 1090 2725 ignem
1112 2640 1275 2707 medinm
1296 2659 1352 2722 po-

259 2747 346 2822 nant,
370 2749 514 2834 haeeque
537 2751 736 2817 enumeratio
757 2750 804 2816 ita
825 2751 1023 2835 proponitur,
1054 2755 1090 2815 ut
1116 2751 1272 2835 compieta
1295 2769 1351 2831 pu-

259 2858 359 2924 tanda
382 2860 439 2942 sit;
462 2861 564 2926 altero
587 2861 694 2927 autem
717 2860 788 2926 looo
811 2880 929 2942 eorum,
960 2859 1015 2943 qui
1038 2858 1175 2926 eandem
1198 2857 1350 2945 quandam

259 2977 408 3036 naturam
430 2990 618 3054 corpoream
641 2969 790 3037 omnibus
813 2971 992 3037 subiectam
1006 2991 1064 3056 per
1083 2990 1118 3036 se
1134 2972 1234 3038 solam
1250 2951 1350 3034 dicant

259 3080 367 3150 omnia
388 3099 429 3144 ex
451 3097 523 3145 sese
538 3078 683 3168 gignere,
705 3085 770 3144 tres
784 3077 908 3161 priores
924 3077 1051 3162 speeies
1067 3077 1190 3162 pariter
1211 3077 1349 3144 dicuntur

259 3189 293 3272 ii,
320 3187 375 3272 qni
397 3209 496 3256 unum
519 3208 537 3254 e
559 3189 662 3254 tribus
684 3188 752 3254 illis
773 3187 953 3271 elementis,
979 3193 1094 3270 quarta
1115 3192 1224 3254 autem
1245 3185 1277 3264 ii,
1296 3182 1346 3265 qni
1422 3221 1423 3258 ς

259 3296 413 3379 quiddam
435 3299 537 3364 inter
552 3317 681 3376 aerem,
701 3305 739 3363 et
760 3317 895 3380 aquam
919 3296 1087 3364 medium
1108 3301 1239 3379 ponant,
1260 3301 1346 3374 atque

256 3404 337 3472 haee
368 3425 496 3490 quoque
527 3406 726 3470 enumeratio
759 3404 886 3472 videtur
920 3406 1081 3489 completa
1113 3425 1197 3472 esse.
1251 3388 1345 3482 Quare

257 3533 329 3580 oum
342 3523 476 3600 utroque
498 3515 570 3581 loeo
584 3520 649 3581 tres
663 3514 790 3581 illorum
802 3512 1068 3598 philosophorum
1083 3515 1209 3598 speeies
1224 3511 1344 3580 eaedem
1422 3491 1423 3536 ³

258 3622 414 3706 dieantur,
449 3645 584 3709 eumque
618 3624 694 3691 inde
724 3631 844 3708 pateat,
878 3630 1013 3707 utroque
1046 3624 1117 3690 loeo
1151 3623 1239 3691 idem
1270 3618 1344 3688 divi·

257 3733 358 3800 sionis
381 3734 577 3821 principium
600 3734 757 3818 adhiberi,
780 3739 925 3818 quartam
949 3735 1048 3799 etiam
1066 3735 1210 3817 speeiem
1222 3729 1342 3799 eandem

256 3861 328 3908 esse
351 3845 525 3930 oportebit;
548 3863 626 3928 ergo
653 3844 830 3929 putandum
859 3849 916 3924 est,
949 3842 990 3908 ab
1015 3842 1191 3909 Aristotele
1213 3861 1275 3922 eos,
1294 3833 1364 3932 (11ΙίΧ

256 3949 365 4032 priore
402 3950 472 4015 loeo
505 3951 671 4018 medium
707 3952 810 4017 inter
848 3970 975 4018 aerem
1011 3957 1046 4018 et
1070 3952 1198 4036 ignem
1233 3955 1262 4015 et
1287 3963 1342 4025 eos,
1422 4013 1423 4016 ,

357 4299 381 4364 i)
400 4298 526 4367 Metaph.
544 4299 566 4367 I,
584 4301 609 4354 8.
629 4298 702 4353 essb
716 4299 752 4352 22
771 4303 799 4352 et
820 4299 951 4366 9892123
970 4298 1027 4352 vid.
1046 4313 1131 4367 supra
1149 4315 1177 4367 p.
1195 4298 1262 4366 sal
1280 4296 1304 4348 et
1317 4293 1339 4342 2·
