2850 4904
609 380 662 434 abs

57 547 240 616 veteribus
254 548 440 616 Aristotelis
469 548 699 634 interpretibus
720 553 848 618 omnino
871 552 1076 637 discrepant5
1099 575 1186 620 nam·

57 675 124 737 que
157 658 205 724 ad
228 678 328 724 unum
353 677 465 726 omnes
489 666 629 739 sumunt,
664 681 729 728 non
760 669 874 746 aperta
900 663 1031 745 quidem
1060 671 1186 730 senten-

56 766 126 832 tiae
157 767 394 852 enuntiatione,
423 775 457 835 at
481 775 569 836 uerte
590 790 636 852 re,
659 769 771 836 verbis
793 765 847 836 “Aa
869 765 1066 859 ποιήσαντες
1089 768 1127 836 τὸ
1150 765 1188 836 ὂν

58 877 169 957 σῶμα
192 870 232 941 τὸ
256 874 362 960 rimor,
388 871 409 962 ἢ
423 878 491 941 τῶν
512 880 612 960 τριῶν
633 902 665 943 τι
687 871 708 964 ἢ
729 868 823 943 dllo‘
849 881 1090 966 significari
1110 882 1186 948 dif-

60 985 302 1063 ferentiam,
335 1007 407 1070 qua
439 989 548 1072 prior
580 989 833 1074 physicorum
866 1012 960 1075 pars
982 992 1030 1057 ab
1052 993 1185 1058 altera

62 1095 127 1160 dit
130 1097 151 1161 f
156 1103 259 1162 erat.
303 1095 422 1163 Omnes
446 1099 532 1164 enim
555 1097 637 1164 haee
658 1099 768 1181 verba,
795 1106 958 1183 tamquam
981 1102 1010 1166 si
1025 1100 1060 1168 id
1076 1121 1133 1186 per
1149 1122 1185 1167 se

62 1207 205 1272 omnino
225 1213 347 1274 eertum
370 1206 422 1289 sit,
445 1208 589 1274 tolerunt
612 1210 715 1275 solum
737 1209 779 1276 ad
802 1203 850 1275 ‘ol
868 1208 939 1291 μέν’
961 1212 1029 1278 sive
1044 1213 1184 1296 priorem

63 1314 281 1400 physicorum
304 1323 449 1400 partem3
486 1325 518 1386 et
540 1317 602 1385 buo
624 1319 800 1386 relerentes
826 1321 932 1386 looum
958 1321 1006 1388 sio
1029 1322 1184 1407 interpre-

65 1429 194 1507 tantur,
218 1433 254 1491 ut
274 1425 481 1493 Aristotelem
512 1426 622 1493 dicant
648 1427 804 1512 physioos
827 1429 868 1494 ab
892 1429 1091 1508 sanatione,
1120 1450 1184 1513 qua

67 1534 102 1598 id
134 1535 225 1618 quod
251 1541 300 1601 est
332 1537 384 1602 vel
415 1556 573 1602 summum
608 1538 805 1624 prinoipium
838 1537 1000 1621 definiant,
1033 1539 1184 1606 bifariam

69 1643 223 1712 dividere
245 1646 278 1710 in
302 1666 368 1728 eos,
391 1646 498 1730 quiid
520 1647 607 1731 quod
628 1654 678 1716 est
701 1669 799 1715 unum
821 1656 942 1734 ponant
957 1669 1072 1733 eorpus
1087 1649 1184 1715 rebus

68 1753 267 1839 subiectum,
300 1762 397 1839 atque
435 1755 469 1822 id
504 1756 635 1840 quidem
664 1766 721 1824 aut
747 1779 846 1826 unum
872 1779 915 1826 ex
940 1761 1105 1826 elementis
1127 1765 1185 1824 aut

69 1870 223 1930 naturam
245 1865 409 1948 quandam
432 1867 516 1934 inter
537 1887 644 1933 aerem
667 1874 700 1933 et
722 1868 830 1951 ignem
849 1869 998 1948 mediam,
1022 1875 1055 1936 et
1073 1869 1182 1946 ineos,

71 1974 131 2056 qui
152 1975 347 2059 simpliciter
370 1983 492 2060 ponant
512 1977 639 2060 aliquid
664 1997 771 2062 unum,
807 2011 847 2026 -·
880 1977 976 2044 buius
1011 1980 1095 2044 enim
1127 1997 1183 2044 na-

71 2090 180 2150 turam
203 2085 245 2150 ab
268 2103 306 2150 eo
329 2105 394 2151 non
417 2085 546 2152 deliniri
571 2109 629 2162 -3
651 2093 749 2170 atque
778 2087 942 2171 prioribus
968 2087 1095 2170 quidem
1119 2108 1184 2153 om-

75 2195 185 2278 nibus,
210 2201 242 2260 et
264 2195 313 2277 iis,
336 2196 393 2278 qui
414 2215 530 2280 eorpus
552 2197 649 2263 rebus
672 2197 852 2263 subiectum
875 2216 973 2264 unum
988 2216 1029 2262 ex
1044 2197 1182 2263 elemen-

73 2307 126 2382 tis,
151 2310 183 2369 et
202 2305 252 2384 iis,
275 2307 329 2388 qui
351 2303 386 2370 id
408 2312 557 2372 naturam
582 2307 671 2370 illam
694 2306 833 2373 mediam
857 2312 988 2390 ponant,
1010 2325 1080 2371 eam
1102 2307 1182 2371 mul·

74 2413 224 2480 titudinis
246 2414 452 2498 generandae
474 2417 630 2484 rationem
661 2415 813 2488 tribuere,
843 2436 926 2500 quae
948 2417 980 2481 in
1003 2413 1182 2481 condensa·

76 2525 163 2588 tione
185 2535 216 2590 et
238 2524 460 2609 rarefaotione,
493 2526 604 2592 alteris
626 2531 735 2592 autem
758 2526 907 2592 omnibus
930 2545 1011 2608 eam,
1041 2545 1125 2608 quae
1147 2523 1181 2589 in

77 2636 255 2702 secretione
288 2635 521 2704 contrariorum
557 2635 723 2702 consistat.
767 2636 872 2719 Atque
894 2638 940 2702 ita
960 2636 1064 2701 looum
1085 2636 1181 2699 inter·

79 2745 205 2826 pretati,
226 2766 300 2811 oum
316 2745 508 2811 Aristoteles
527 2746 561 2810 iu
575 2746 686 2812 alteris
709 2744 864 2829 physicis,
888 2763 969 2826 quos
991 2743 1182 2828 simpliciter

79 2851 113 2917 id
135 2853 218 2936 quod
242 2862 291 2921 est
311 2853 437 2937 aliquid
460 2875 558 2920 unum
591 2841 711 2940 ponere
733 2875 775 2920 ex
797 2855 922 2938 booque
945 2872 1082 2919 resnou
1105 2872 1182 2918 eon·

81 2961 266 3030 densatione
300 2970 333 3030 et
367 2965 604 3049 ruminatione,
638 2963 696 3031 sed
733 2964 965 3031 contrariorum
1002 2961 1180 3029 seoretione

81 3071 211 3156 gignere
244 3073 332 3156 dioit,
366 3073 654 3157 Anaximandrum,
687 3080 784 3156 atque
818 3073 903 3139 buno
924 3071 1057 3157 quidem
1079 3069 1181 3137 solum

83 3183 229 3265 nominet,
252 3182 456 3266 concludunt,
487 3183 528 3248 ab
552 3184 724 3249 Aristotele
748 3182 1020 3248 Anaximandrum
1043 3201 1108 3246 non
1131 3181 1182 3245 in·
1228 3219 1229 3224 κ

83 3291 189 3376 tellegi
221 3313 312 3372 eum,
344 3292 401 3376 qui
432 3292 466 3357 id
509 3291 594 3376 quod
629 3299 678 3358 est
710 3299 859 3358 naturam
893 3292 977 3358 inter
1012 3309 1120 3357 aerem
1151 3295 1183 3354 et

84 3401 184 3482 iguem
204 3402 344 3470 mediam
367 3403 508 3486 ponat1).

180 3706 206 3777 l)
224 3706 407 3762 Recentiores
435 3707 569 3779 intellego
589 3708 874 3764 Schleiermaoherum
902 3711 931 3761 et
958 3722 1014 3774 eos,
1039 3704 1088 3773 qni
1117 3707 1182 3772 post

88 3801 155 3859 hune
166 3805 200 3860 de
208 3805 422 3861 Anaximandro
436 3806 622 3876 seripserunt,
642 3825 708 3862 nam
717 3805 931 3860 Tennemannus
950 3800 1067 3870 (Histor.
1080 3799 1180 3868 philos.

88 3897 109 3965 Ι,
124 3917 149 3969 p.
167 3903 200 3956 68
228 3907 286 3959 not.
308 3905 341 3958 18
360 3908 390 3958 et
407 3921 435 3973 p.
455 3905 491 3958 69
508 3909 567 3960 not.
589 3905 633 3974 19)
661 3905 714 3958 hoe
732 3901 894 3958 Aristotelis
923 3901 984 3956 looo
1013 3899 1054 3953 ita
1081 3897 1181 3959 utitur,

89 3999 191 4054 uterum
208 4000 338 4055 videatur
357 4001 458 4056 leviter
476 4005 587 4056 tantum
606 4001 766 4071 inspexisse.
804 3999 862 4056 Neo
880 4015 947 4056 vero
968 3997 998 4050 in
1015 3994 1110 4050 animo
1130 3997 1181 4061 est,

90 4105 174 4148 omnes
190 4094 308 4168 adferre,
337 4097 385 4152 sed
412 4115 458 4153 eos
477 4098 577 4165 solum,
606 4099 654 4168 qui
684 4098 764 4167 quasi
783 4097 899 4152 eborum
929 4095 1044 4149 duount.
1081 4091 1180 4159 ltaque

92 4183 359 4264 Sohleiermoehsrus,
378 4195 427 4264 qui
445 4195 553 4265 primus
571 4195 646 4255 buno
664 4196 756 4250 looum
780 4193 910 4250 adhibuit
934 4191 970 4247 ad
982 4190 1180 4244 *demonstran-

91 4281 156 4355 dum,
174 4295 300 4346 usturam
323 4291 442 4346 mediam
462 4292 498 4346 ab
516 4291 670 4346 Aristotele
695 4309 751 4345 non
770 4290 858 4346 tribui
877 4285 1098 4354 Anaximandro,
1117 4301 1179 4338 eum
