2862 4910
597 397 649 450 388

59 566 196 630 teritum
222 563 413 630 mundorum
441 565 607 648 putavisse
629 561 759 628 videtur
792 561 916 628 certis
944 561 1177 644 quibusdam

64 681 103 739 et
137 675 389 757 aequalibus
417 673 647 738 intervallis
677 671 764 744 fieri;
798 670 832 736 id
867 672 953 754 quod
981 692 1019 737 eo
1050 672 1179 738 videtur

63 784 267 865 confirmari,
301 782 387 865 quod
419 784 460 847 ab
494 781 672 865 Hippolyto
707 782 845 846 refertur
879 784 1042 863 statuisse,
1070 802 1177 847 rerum

62 900 171 958 ortum
197 900 232 958 et
254 893 457 958 durationem
490 897 521 956 et
553 891 715 956 interitum
742 892 839 956 certis
867 893 1010 956 terminis
1041 890 1177 956 definita

63 1023 136 1068 esse
148 1005 182 1081 ¹),
210 1009 243 1068 et
265 1002 350 1084 quod
374 1003 445 1084 ipse
469 1000 549 1066 dicit
571 1002 681 1066 omnia
706 1002 738 1064 in
761 1001 959 1084 principium
982 1001 1100 1065 resolvi
1130 1021 1177 1065 se·

63 1113 240 1178 cundum
264 1111 453 1193 temporis
477 1109 700 1188 ordinem2).

167 1221 242 1286 Nec
252 1240 327 1286 vero
339 1217 419 1284 baec
432 1218 667 1283 Anaximandri
690 1217 974 1283 innumerabilium
987 1219 1178 1284 mundorum

65 1329 180 1412 opinio
206 1328 389 1394 ullomodo
413 1333 520 1412 potest
540 1328 619 1392 mira
644 1326 757 1405 videri,
783 1326 839 1392 sed
856 1328 965 1410 potius
987 1327 1178 1411 documento

67 1457 140 1504 esse
162 1439 274 1518 debet,
310 1446 431 1521 quanta
454 1438 487 1501 in
510 1457 548 1502 eo
572 1436 668 1501 fuerit
699 1436 750 1501 vis
780 1437 948 1520 cogitandi
978 1444 1076 1519 atque
1104 1459 1177 1505 con·

68 1549 205 1613 stantia.
250 1548 398 1630 Namque
429 1568 501 1613 cum
535 1546 731 1631 principium
761 1553 917 1612 statueret
951 1547 1119 1626 infinitum,
1143 1548 1179 1613 id

68 1665 127 1736 est,
160 1658 199 1722 in
230 1678 340 1724 omnes
373 1665 482 1742 partes
514 1657 638 1722 infinite
670 1663 837 1722 extensum
860 1677 943 1741 esse,
974 1678 1111 1740 cumque
1144 1658 1177 1723 id

68 1767 271 1851 principium
300 1786 372 1831 esse
398 1768 497 1832 vellet
519 1767 735 1833 substantiam
762 1787 950 1850 corpoream
978 1767 1098 1849 ubique
1128 1768 1178 1833 sui

70 1876 222 1957 similem,
252 1875 286 1940 in
309 1895 347 1940 eo
373 1895 617 1958 quoquoversus
645 1877 893 1942 innumerabiles
916 1895 988 1941 esse
1010 1878 1179 1960 oportebat

70 1992 197 2068 partes,
213 1991 299 2067 quae
312 1986 407 2067 plane
423 1984 536 2050 eodem
548 1985 643 2050 modo
659 2005 694 2050 se
707 1985 862 2052 baberent
883 1984 925 2050 ad
937 1988 1178 2069 generationem

72 2094 198 2174 mundi,
224 2096 376 2177 nullaque
399 2095 534 2180 reperiri
556 2101 683 2178 poterat
707 2115 832 2169 caussa,
865 2116 920 2161 eur
947 2097 980 2161 in
1000 2095 1062 2162 bac
1086 2103 1179 2181 parte

73 2204 185 2284 potius
211 2224 307 2286 quam
330 2206 363 2268 in
385 2204 451 2268 alia
480 2204 618 2270 mundus
642 2206 836 2285 existeret).
880 2206 985 2288 Atque
1018 2206 1079 2272 boo
1109 2227 1179 2272 sen—

72 2313 155 2378 tiens
185 2311 315 2378 videtur
346 2312 595 2378 innumerabiles
626 2312 763 2378 mundos
795 2316 946 2380 statuisse
962 2316 1077 2414 ,simul
1106 2335 1179 2381 con·

76 2425 210 2487 stantes.

178 2531 323 2596 Zellerus
346 2530 475 2613 quidem
484 2533 509 2609 4)
534 2531 809 2596 Anaximandrum
838 2538 935 2616 negat
958 2534 1068 2617 plures
1092 2557 1180 2601 mun·
1250 2548 1253 2554 ·

76 2621 133 2705 dos
157 2642 306 2724 posuisse
332 2640 429 2706 simul
451 2645 645 2719 constantes,
669 2647 701 2704 et
723 2648 866 2706 veterum
890 2642 931 2708 de
954 2643 1014 2708 bac
1036 2665 1071 2709 re
1093 2647 1180 2711 testi-

76 2752 187 2814 monia
208 2750 283 2814 inde
316 2757 408 2834 putat
429 2751 574 2833 profecta
609 2771 690 2828 esse,
725 2750 813 2832 quod
842 2752 890 2817 illi
918 2754 1012 2835 plura
1036 2755 1180 2820 eiusdem

76 2860 189 2925 mundi
210 2880 345 2945 corpora
368 2862 451 2925 falso
478 2862 588 2944 plures
611 2845 758 2926 diversos
785 2861 921 2927 mundos
946 2864 1179 2946 intellexeriut;

77 2975 175 3051 atque
206 2969 370 3052 inpriore
398 2969 527 3052 quidem
555 2969 650 3034 buius
681 2972 861 3036 sententiae
886 2967 988 3055 parte,
1022 2994 1081 3039 nec
1102 2995 1180 3040 vero

79 3078 108 3140 in
130 3081 244 3154 altera,
267 3082 521 3146 consentientem
542 3079 643 3145 babet
659 3080 998 3164 Teichmuerrerumr).
1042 3083 1107 3149 Sed
1132 3105 1182 3149 ar·

79 3195 233 3268 gumenta
254 3189 324 3254 eius
346 3210 462 3272 parum
485 3189 606 3255 idonea
634 3197 717 3254 suut.
760 3190 845 3255 Nam
869 3191 957 3273 quod
979 3193 1057 3259 dicit
1080 3193 1181 3260 incre·

80 3295 175 3362 dibile
197 3317 278 3379 esse,
306 3298 583 3364 Anaximandrum
617 3307 748 3382 propter
777 3301 876 3365 solam
901 3301 1054 3386 principii
1077 3301 1181 3368 infini-

80 3411 176 3472 tatem
199 3409 268 3472 sine
289 3410 354 3473 ullo
377 3427 529 3474 sensuum
553 3409 737 3474 testimonio
770 3410 1020 3476 innumerabiles
1046 3410 1181 3480 mundos

81 3520 227 3596 posuisse
249 3517 345 3583 simul
367 3525 561 3597 constantes,
587 3539 625 3584 eo
648 3520 815 3601 refellitur,
840 3521 925 3602 quod
948 3523 1056 3586 multis
1074 3541 1182 3587 exem-

82 3627 143 3706 plis
180 3627 361 3692 ostenditur
391 3634 487 3710 atque
510 3629 692 3708 luculentia,
723 3635 843 3711 quanta
875 3631 941 3695 iam
972 3631 1183 3696 incoluerit

83 3813 279 3823 ——----.-—

183 3919 210 3989 1)
229 3919 293 3972 Vin,
313 3937 397 3989 supra
418 3936 444 3988 p.
466 3921 500 3973 38
519 3925 547 3974 et
566 3925 625 3974 not.
645 3923 671 3988 4,
691 3920 753 3974 coll.
773 3938 801 3988 p.
864 3963 866 3968 .

183 4017 212 4084 2)
230 4015 301 4070 Vide
322 4034 406 4086 supra
425 4036 453 4086 p.
474 4019 534 4071 315.

183 4113 210 4181 3)
231 4112 271 4166 Of.
292 4113 410 4167 Aristot.
431 4113 512 4182 Phys.
531 4114 581 4181 111,
604 4117 629 4168 4.
651 4114 724 4168 2031>
739 4116 780 4168 27.

182 4207 211 4275 4)
230 4206 335 4261 Philon.
356 4206 383 4262 d.
403 4207 451 4262 Gr.
471 4206 491 4277 1,
512 4225 541 4278 p.
562 4210 612 4262 199
633 4226 673 4277 sq.

180 4304 414 4375 metuerentur
434 4305 531 4360 Gesch.
552 4307 603 4360 der
621 4305 703 4376 Begr.
723 4323 749 4375 p.
770 4307 814 4360 31.
