2882 4902
790 369 826 422 60

259 545 291 605 et
311 537 453 622 simplici
476 558 573 622 quam
596 539 630 604 in
651 539 791 623 plurium
810 559 915 606 rerum
939 538 1094 606 mixtione
1116 560 1235 623 ponere
1241 565 1250 620 3
1279 539 1343 603 haee
1421 565 1422 576 ¹

258 649 344 714 enim
365 667 416 714 res
438 666 648 732 quamquam,
680 656 715 714 ut
744 655 840 714 antea
870 649 1050 715 monuimus
1063 651 1097 730 ¹),
1129 669 1189 732 per
1217 669 1253 714 se
1274 647 1342 714 nihil

258 761 383 846 probat,
414 767 530 840 tamen,
563 761 619 826 ubi
645 760 688 827 ad
711 761 867 828 historiae
889 761 1075 827 testimonia
1097 759 1232 838 aceedit,
1260 759 1342 824 fidem

258 888 368 936 eorum
390 877 497 953 auget.

358 979 387 1044 3.
410 978 491 1046 Cum
514 977 613 1062 igitur
634 978 782 1045 videatur
807 978 1061 1045 demonstratum
1083 997 1166 1061 esse,
1196 977 1342 1042 infinitum

258 1085 494 1152 Anaximandri
524 1106 588 1152 non
617 1106 689 1153 esse
716 1087 904 1153 mixtionem
934 1107 952 1154 e
978 1086 1115 1153 diversis
1146 1086 1241 1152 rebus
1271 1105 1342 1151 oom-

258 1195 407 1280 positam,
429 1194 511 1261 nihil
533 1203 642 1279 restat,
664 1199 729 1263 nisi
755 1204 789 1263 ut
815 1205 952 1264 natura
973 1195 1162 1280 quaedam
1182 1196 1341 1280 simplex

257 1305 316 1386 sit;
351 1305 411 1372 hoo
434 1307 521 1372 enim
543 1313 613 1372 erat
633 1308 770 1373 alterum
792 1308 915 1391 primae
937 1306 1109 1372 divisionis
1136 1304 1341 1388 membrum).

258 1415 324 1482 Sed
345 1416 375 1482 si
397 1422 447 1482 est
468 1424 583 1482 natura
598 1415 759 1499 quaedam
774 1416 924 1501 simplex,
947 1435 1056 1482 rursus
1073 1417 1249 1499 quaeritur,
1270 1415 1341 1480 hano

257 1525 498 1592 Anaximander
530 1533 635 1592 utrum
667 1546 739 1593 esse
773 1526 911 1592 voluerit
942 1547 1019 1593 rem
1051 1525 1241 1609 quandam
1270 1546 1340 1611 pro·

257 1635 345 1720 pria
373 1655 442 1702 sua
462 1635 653 1720 qualitate
675 1643 853 1717 utentem,
880 1657 928 1703 an
949 1635 1148 1702 materiam
1181 1634 1340 1702 cuiusvis

258 1744 467 1828 qualitatis
499 1744 706 1812 delinitae·
734 1745 983 1830 expertemil.
1040 1745 1092 1810 Ad
1128 1764 1226 1828 quam
1257 1763 1339 1827 quae-

257 1853 394 1920 stionem
416 1873 608 1937 quamquam
631 1854 765 1921 iam'ita
785 1853 1022 1941 respondimus,
1052 1860 1089 1920 ut
1110 1855 1250 1938 priorem
1267 1853 1338 1918 Ana·

257 1961 418 2030 ximandri
451 1965 645 2030 sententiam
667 1983 738 2031 esse
770 1963 1054 2047 ostenderemus⁴),
1086 1969 1195 2029 tamen
1215 1963 1249 2028 id
1268 1981 1339 2028 nuno

260 2073 324 2138 iarn
347 2072 444 2140 eertis
466 2079 610 2140 veterum
632 2073 827 2140 testimoniis
850 2080 899 2140 est
920 2072 1215 2140 demonstrandum.
1236 2069 1338 2154 lnoipi-

258 2182 377 2250 endum
398 2189 505 2249 autem
527 2203 636 2250 rursus
658 2183 700 2248 ab
719 2183 894 2250 Aristotele
916 2190 974 2248 est.

354 2292 546 2359 Aristoteles
568 2292 668 2376 igitur
690 2293 835 2376 pluribus
856 2293 937 2359 loeis
959 2298 1082 2358 veteres
1105 2290 1268 2376 physioos,
1291 2290 1337 2372 qui

257 2401 290 2468 id
313 2402 400 2486 quod
421 2409 470 2470 est
493 2396 546 2483 (τὸ
569 2395 619 2483 ὃν)
641 2423 682 2468 ea
702 2402 826 2468 ratione
848 2423 947 2468 unum
968 2409 1099 2486 ponant,
1126 2401 1213 2484 quod
1234 2399 1336 2486 prinoi-

256 2511 344 2596 pium
367 2512 515 2578 omnibus
534 2512 630 2579 rebus
652 2513 832 2580 subiectum
852 2533 950 2579 unum
979 2519 1011 2578 et
1032 2512 1065 2578 id
1087 2511 1220 2594 quidem
1240 2528 1335 2592 eorpo-

254 2641 342 2688 reum
362 2641 433 2688 esse
454 2622 565 2700 velint,
589 2623 623 2687 in
645 2622 708 2689 duo
731 2622 898 2689 distribuit
920 2641 1051 2705 genera,
1074 2622 1212 2687 alterum
1233 2638 1336 2698 eorum,

254 2730 310 2815 qui
333 2751 431 2798 unum
454 2751 471 2798 e
494 2732 596 2799 tribus
619 2731 796 2813 elementis,
820 2730 854 2795 id
876 2737 934 2814 est,
957 2738 1013 2797 aut
1027 2751 1146 2814 aquam
1168 2739 1224 2797 aut
1244 2747 1336 2796 aerem

253 2848 309 2907 aut
323 2840 431 2925 ignem
445 2875 482 2888 ·-
497 2860 634 2925 namque
655 2847 742 2907 terra
763 2842 835 2925 ipso
846 2840 1021 2907 Aristotele
1036 2846 1118 2906 teste
1140 2860 1161 2905 a
1182 2841 1267 2906 nullo
1277 2835 1336 2920 phi-

254 2950 390 3035 losopho
410 2971 515 3018 rerum
531 2952 728 3035 principium
744 2952 884 3036 positum
900 2951 986 3031 esti)
998 2986 1049 3027 -‚
1071 2950 1207 3016 altorum
1233 2965 1337 3024 eorum,

257 3060 313 3144 qui
335 3067 513 3129 naturam
536 3061 725 3145 quandam
752 3080 976 3144 eorpoream
1002 3061 1052 3126 ab
1075 3060 1275 3126 elementis
1295 3054 1336 3119 di·

253 3189 402 3236 uersam
415 3190 573 3237 summum
589 3191 695 3238 rerum
707 3170 903 3255 prinoipium
916 3176 1046 3254 ponant.
1069 3168 1229 3248 Quattuor
1245 3173 1337 3234 auten
1421 3251 1422 3254 Ἴ

255 3286 330 3346 sunt
345 3299 408 3363 res,
431 3279 464 3346 in
475 3299 613 3364 quarum
628 3281 873 3363 quaestionibus
890 3278 931 3345 de
954 3279 1019 3345 illis
1036 3277 1191 3364 disputat,
1215 3279 1336 3365 primum

254 3387 288 3454 in
303 3389 491 3455 recensione
507 3410 625 3473 eorum,
648 3390 704 3473 qui
720 3390 844 3474 ipsum
857 3389 896 3455 id
908 3389 1008 3471 quod
1023 3394 1082 3455 est
1103 3390 1155 3454 vol
1170 3404 1336 3454 summum
1421 3443 1422 3480 ἶ

254 3499 416 3564 omniurn
439 3498 675 3583 prinoipium
696 3519 807 3565 unum
829 3501 933 3565 solum
951 3518 1022 3564 esse
1036 3498 1155 3578 velint3
1178 3496 1291 3564 deinde
1309 3493 1337 3557 in
1421 3533 1422 3536 =

253 3605 473 3692 disputatione
496 3606 536 3674 de
558 3609 778 3691 elementis,
811 3629 851 3674 ea
872 3613 974 3692 parte,
1001 3627 1067 3690 qua
1088 3607 1224 3690 quaerit,
1246 3611 1336 3672 utrum

259 3786 455 3794 ---——-—

357 3875 385 3946 1)
403 3874 474 3930 Vide
493 3893 578 3946 supra
597 3895 623 3946 p.
645 3879 739 3947 13213
759 3879 802 3932 36.

353 3971 541 4042 mlpffi

353 4068 382 4138 3)
400 4067 432 4122 V.
451 4068 519 4123 ibid.

352 4163 592 4236 Alpfflq

353 4261 381 4331 5)
400 4260 522 4333 Metaph.
541 4263 564 4328 1,
583 4265 607 4318 8.
627 4262 703 4320 988¹)
718 4265 753 4318 30
772 4267 801 4320 et
817 4265 885 4320 989ει
900 4265 926 4320 5.
