2850 4904
786 359 839 412 202

257 529 394 593 sterioro
408 528 533 594 ratione
555 530 661 612 accipi
678 530 805 612 possint
826 537 859 596 et
881 530 984 596 solum
1003 530 1064 596 hac
1080 531 1208 598 ratione
1230 534 1349 610 accepta

257 657 330 702 oum
340 635 672 720 SimpliciiJsententia
688 637 783 708 modo
795 641 945 723 exposita
955 642 1168 717 consentiant,
1181 638 1349 704 necessario

258 744 318 812 hac
341 746 467 812 ratione
488 746 681 830 accipienda
708 754 791 824 snut,
823 749 886 814 nisi
916 750 984 816 sine
1010 749 1078 814 nlla
1100 769 1219 814 caussa
1236 746 1350 828 Simpli-

258 855 345 920 cium
369 855 502 922 credere
524 857 671 922 volumus
699 857 813 924 eodem
835 859 906 924 loeo
929 857 970 924 de
992 857 1107 924 eadem
1129 878 1166 923 re
1188 856 1350 924 sententias

257 966 462 1048 pronuntiare
482 965 613 1032 omnino
635 974 826 1050 pugnantes,

358 1074 483 1156 ltaque,
507 1080 543 1140 ut
563 1080 663 1140 totam
684 1073 936 1160 disputationem
954 1074 1107 1142 brevibus
1123 1075 1348 1148 concludamus,

257 1183 444 1266 Simplicius
471 1183 656 1250 Aristotelis
687 1185 793 1250 locum
824 1183 872 1250 ita
904 1184 1073 1268 intellegit,
1104 1191 1138 1250 ut
1168 1184 1275 1250 verbis
1303 1177 1350 1246 “ir

257 1285 454 1377 ποιήσαντες
469 1287 505 1356 τί
525 1284 655 1358 dravi)
679 1291 721 1357 ad
742 1285 792 1354 ‘oi
807 1289 878 1374 μέν’
901 1291 1057 1378 adpositis
1073 1315 1137 1360 non
1149 1294 1349 1360 differentiam

257 1401 419 1485 prioribus
443 1400 590 1486 physicis
623 1405 796 1485 propriam,
827 1402 886 1469 sed
908 1403 1087 1470 doctrinam
1110 1404 1257 1469 omnibus
1280 1402 1349 1486 phy·

257 1511 331 1576 sicis
353 1529 552 1576 communem
573 1510 759 1594 significari,
789 1517 824 1576 ut
852 1511 936 1578 hanc
959 1511 1139 1578 doctrinam
1163 1531 1348 1578 communem

258 1621 365 1686 statim
398 1619 507 1686 verbis
537 1610 573 1704 ‘ii
593 1619 661 1682 τῶν
692 1618 792 1700 τριῶν
814 1641 847 1682 τι
867 1611 888 1702 ἢ
908 1608 1005 1682 dllo'
1037 1620 1133 1686 modo
1167 1618 1349 1686 disiunctivo

259 1748 316 1812 per
337 1728 438 1812 ipsius
460 1734 568 1811 partes
595 1727 763 1810 explicari,
795 1734 829 1794 ut
851 1727 989 1812 denique
1014 1729 1056 1794 ad
1088 1729 1201 1796 harum
1224 1730 1348 1812 partium

163 1831 164 1836 ’
258 1836 467 1917 posteriorem
490 1837 593 1902 solum
616 1837 899 1919 Anaximandrum,
929 1838 972 1903 ad
995 1841 1134 1922 priorem
1157 1858 1265 1906 omnes
1285 1835 1348 1902 reli-

258 1967 339 2030 quos
361 1947 515 2031 physicos
539 1947 701 2029 pertinere
723 1953 822 2030 putet.
867 1948 1030 2032 Intellegit
1051 1948 1152 2031 igitur
1174 1970 1214 2015 ea
1228 1947 1348 2017 ratione

258 2077 356 2137 quam
379 2058 480 2123 solam
502 2074 613 2122 veram
635 2074 707 2121 esse
728 2075 826 2139 snpra
848 2056 1139 2123 demonstravimus
1148 2058 1183 2137 ¹).

258 2265 455 2273 ——-———-

361 2409 385 2478 l)
403 2410 497 2464 Erunt
519 2410 647 2478 fortasse,
676 2411 725 2478 qni
743 2411 815 2466 hanc
840 2410 874 2466 de
893 2409 1031 2480 Simplicii
1055 2411 1116 2464 loeo
1144 2409 1347 2478 disputationem

257 2509 330 2562 iusto
350 2507 506 2576 longiorem
537 2525 595 2561 esso
614 2511 724 2576 putent.
764 2507 818 2574 Qui
845 2507 869 2560 si
887 2511 1037 2576 propterea
1065 2506 1107 2562 ita
1125 2506 1260 2573 iudicant,
1284 2502 1347 2573 quod

257 2604 311 2658 loci
330 2603 470 2658 sententia
488 2603 664 2658 brevioribus
688 2603 814 2672 potuerit
834 2603 978 2672 explicari,
1007 2602 1143 2658 iudicium
1164 2602 1311 2668 mutabunt,
1327 2600 1348 2652 si

257 2702 345 2770 ipsam
365 2700 447 2754 huius
467 2700 521 2754 loci
541 2705 672 2754 naturam
697 2698 943 2754 consideraverint.
981 2699 1034 2752 Est
1060 2698 1135 2752 enim
1166 2699 1196 2752 in
1224 2697 1347 2752 hocloco

256 2797 408 2868 singularis
429 2795 565 2865 quaedam
585 2795 765 2866 ambiguitas,
784 2813 855 2864 quae
874 2795 987 2864 quidem
1006 2798 1067 2848 tota
1087 2793 1153 2850 inde
1166 2793 1347 2864 proficiscitur,

257 2894 331 2962 qnod
351 2892 519 2947 Aristoteles
538 2910 570 2946 eo
589 2892 660 2961 loco,
679 2895 708 2945 in
728 2909 782 2960 quo
802 2891 966 2961 explicando
977 2891 1116 2960 Simplicii
1135 2891 1213 2946 loons
1226 2893 1347 2952 versatur,
1405 2877 1406 2924 Ῐ

256 2991 384 3045 oratione
403 2991 493 3044 utitur
515 2989 606 3043 minus
625 2989 747 3060 eleganti
795 2989 863 3044 Cum
883 2989 966 3056 enim,
990 2992 1022 3042 ut
1046 2987 1228 3054 ostendimus,
1253 2985 1346 3040 Aristo·

256 3087 325 3142 teles
343 3087 482 3141 rationem
495 3086 623 3140 omnibus
638 3085 758 3156 physicis
768 3103 944 3140 communem
963 3084 998 3140 ad
1008 3085 1132 3154 priorem
1143 3103 1240 3140 eorum
1252 3088 1347 3153 portem

256 3183 380 3252 adponat
401 3186 429 3237 et
438 3183 473 3238 ad
493 3184 610 3237 alteram
628 3186 721 3236 mente
741 3182 865 3252 suppleri
881 3182 957 3250 velit,
977 3182 1071 3250 verba,
1092 3182 1270 3251 quibushaeo
1286 3195 1346 3234 oom-

256 3280 348 3332 mnnis
366 3279 544 3348 physicorum
562 3279 636 3334 ratio
655 3277 839 3348 significatur,
865 3279 894 3332 in
919 3296 952 3332 sa
974 3279 1176 3348 propositione,
1204 3279 1234 3333 in
1250 3294 1302 3346 qua
1317 3271 1346 3327 ad

243 3376 379 3444 *priorem
397 3378 507 3444 partem
527 3374 716 3444 adponuntur,
742 3393 792 3444 per
820 3376 929 3431 sesols
953 3375 994 3430 ita
1013 3375 1097 3430 etiam
1129 3375 1220 3444 accipi
1237 3373 1346 3444 possunt,

257 3472 336 3541 quasi
355 3471 513 3542 significent
532 3470 720 3528 differentiam
738 3472 804 3526 huic
823 3472 898 3542 parti
912 3472 1065 3541 propriam.
1103 3471 1172 3526 lude
1191 3475 1281 3526 antem
1297 3465 1345 3522 elfi-

255 3569 339 3633 citur,
359 3574 391 3623 ut
410 3569 440 3622 in
458 3569 534 3623 hisce
553 3570 654 3637 verbis,
682 3570 705 3624 si
725 3587 775 3640 per
804 3587 832 3623 se
860 3570 919 3628 sola
943 3573 1114 3639 spectantur,
1148 3568 1251 3637 duplex
1271 3567 1345 3620 inesse
1404 3587 1405 3652 ἐ

256 3665 345 3734 possit
374 3661 541 3720 intellectus.
579 3665 706 3735 Namque
732 3666 754 3719 si
781 3665 822 3719 ita
850 3665 1034 3734 accipiuntur,
1065 3665 1145 3733 quasi
1176 3661 1345 3720 differentiam
1404 3669 1405 3690 ³

256 3761 422 3832 significent,
441 3766 502 3817 toto
521 3779 571 3816 suo
590 3763 697 3816 ambitu
724 3762 759 3817 ad
782 3762 983 3832 propositionis
1008 3762 1174 3830 subiectum,
1201 3761 1229 3816 id
1247 3763 1293 3821 est,
1317 3755 1345 3810 nd

256 3860 380 3928 priorem
398 3859 577 3928 physicorum
594 3865 703 3929 partem
728 3859 767 3929 (ot
784 3859 850 3930 μὲν)
873 3860 1025 3928 pertinent,
1050 3864 1167 3928 tumque
1194 3857 1277 3912 etiam
1294 3869 1344 3923 pro·

255 3957 404 4025 positionis
413 3957 614 4026 praedicatum,
625 3958 770 4027 generatio
783 3973 834 4026 per
844 3955 1090 4012 condensationem
1101 3961 1130 4010 et
1139 3953 1344 4014 rareiaotionem,

255 4052 290 4106 de
311 4057 372 4107 toto
391 4071 489 4108 eornm
508 4054 616 4108 ambitu
635 4054 858 4124 intellegendum
877 4059 935 4121 est;
956 4054 1106 4108 sinautem
1123 4050 1344 4120 itaaccipinntnr,

256 4154 288 4203 ut
307 4149 395 4218 accipi
413 4148 525 4211 debent,
546 4167 602 4204 non
620 4151 674 4204 nisi
693 4151 783 4204 altera
802 4150 923 4204 ambitus
948 4149 992 4203 sui
1009 4154 1091 4219 parte
1117 4149 1153 4203 ad
1172 4149 1242 4204 illud
1259 4158 1343 4216 propo·

256 4245 367 4302 sitionis
386 4247 543 4301 subiectum
561 4246 712 4315 pertinent,
733 4251 849 4315 tumque
867 4246 953 4300 etiam
974 4246 1044 4301 illud
1063 4245 1262 4316 propositionis
1278 4255 1343 4312 prae·
1403 4227 1404 4260 ³
