2864 4910
773 393 825 444 406

252 565 333 628 mari
346 566 476 647 repleta,
492 586 535 629 an
546 565 628 629 torte
639 564 805 629 solstitiali
817 563 964 628 tautum?
978 563 1026 628 Ac
1042 561 1205 627 solstitiali
1220 559 1342 643 quidem

252 673 371 737 circulo
392 691 431 737 ea
453 679 555 756 parte,
577 671 619 738 do
634 693 698 755 qus
719 691 804 737 nuno
819 671 935 755 agitur,
959 671 1039 736 satis
1059 669 1342 756 respondetmare

252 781 591 848 mediterraneum
612 801 696 847 oum
717 787 839 865 ponto
861 781 1029 858 Euxino,
1062 799 1123 846 nec
1150 779 1280 844 dubium
1301 780 1341 842 vi·

253 889 355 972 detur,
386 890 465 972 quin
491 890 733 957 Anaximander
765 889 845 954 baec
876 892 976 955 maria
1012 891 1151 954 omnium
1182 889 1340 954 notissima

250 999 455 1064 intellexerit.
501 999 568 1064 Sed
590 1018 665 1063 num
688 1000 722 1063 in
743 999 925 1064 meridiana
947 1000 1044 1062 etiam
1066 1004 1170 1063 terrae
1189 1004 1277 1080 parte
1289 1017 1338 1080 pu-

251 1109 341 1172 tabat
367 1109 572 1184 motinense,
600 1127 684 1191 quac
706 1127 724 1173 e
745 1109 878 1190 regione
902 1107 1014 1172 oiroali
1039 1107 1193 1172 brumalis
1214 1105 1337 1172 essent?

252 1217 508 1299 Remiuisoimur‚
530 1217 760 1282 Anaximandri
782 1217 943 1284 sententia
961 1223 1079 1282 terram
1103 1236 1174 1282 esse
1195 1215 1335 1299 planum

251 1325 476 1408 cylindrum,
499 1328 635 1391 materia
652 1326 796 1410 lapidea,
818 1333 850 1392 et
873 1328 906 1391 iu
928 1327 1009 1390 locis
1036 1326 1107 1391 eius
1123 1326 1219 1398 cavis,
1240 1323 1272 1388 iu
1290 1345 1334 1389 su-

250 1434 376 1518 perlore
399 1435 470 1500 sine
492 1435 591 1500 dubio
613 1437 760 1519 planitie,
787 1457 876 1502 mare
898 1456 978 1502 esse.
1022 1435 1057 1500 si
1080 1435 1164 1499 hanc
1186 1435 1252 1500 eius
1272 1454 1332 1499 seu·

250 1546 382 1610 tentiam
394 1546 658 1627 contemplamur,
681 1544 764 1611 nibil
785 1553 871 1612 certe
885 1545 1000 1625 obstat,
1022 1545 1193 1626 quominus
1215 1545 1333 1609 inmeri-

250 1653 355 1736 dianis
377 1655 474 1720 etiam
502 1663 608 1720 terrae
636 1655 782 1738 partibus
814 1656 898 1720 ultra
921 1655 1050 1720 Africae
1073 1660 1105 1720 et
1126 1655 1222 1718 Asiae
1245 1660 1332 1718 terras

250 1764 452 1829 continentes
465 1765 626 1846 putaverit
646 1765 749 1829 maria
762 1785 852 1841 esse3
875 1770 972 1846 atque
987 1762 1020 1826 id
1036 1763 1140 1829 solum
1157 1763 1240 1843 inde,
1261 1759 1332 1842 quod

250 1872 353 1936 maria
374 1891 437 1936 uon
463 1871 526 1938 nisi
548 1874 579 1938 in
595 1874 684 1937 cavis
700 1872 898 1938 terraelocis
922 1892 994 1937 esse
1009 1871 1172 1951 credebat,
1195 1871 1330 1953 sequitur,

250 1980 495 2053 millenaria,
529 1981 557 2044 si
587 2000 659 2045 esse
682 1981 828 2064 putabat,
863 1987 977 2062 putare
1009 1979 1143 2044 deberet
1177 1979 1210 2042 iu
1231 1978 1331 2041 ultimis

249 2086 393 2152 litoribus
426 2089 541 2153 altiore
575 2097 679 2154 terrae
709 2091 854 2172 margine
887 2087 992 2153 solido
1026 2089 1237 2153 circumclusa
1265 2103 1330 2150 esse.
1412 2145 1413 2154 .

249 2196 355 2278 Atque
376 2198 553 2280 marginem
576 2197 706 2280 quidem
729 2204 834 2262 terrae
856 2197 1003 2264 altiorem
1018 2215 1099 2277 esse,
1122 2215 1216 2278 quam
1240 2201 1330 2279 partes

249 2305 381 2380 medias,
403 2306 621 2372 Anaximenes
642 2325 771 2388 quoqne
793 2306 934 2385 docuit¹)
957 2311 989 2370 et
1010 2304 1220 2384 Archelaus2)
1241 2304 1330 2369 etDe-

249 2415 444 2492 montbeel),
468 2422 500 2479 et
522 2435 633 2480 omues
655 2414 807 2480 videntur
821 2414 980 2489 docuisse,
1004 2413 1062 2496 qui
1084 2420 1205 2479 terram
1227 2411 1331 2477 vellent

248 2522 332 2588 disci
355 2524 491 2588 formam
522 2523 650 2588 babere.
694 2523 763 2590 Neo
786 2522 960 2605 quidquam
983 2524 1091 2588 obstat
1114 2541 1328 2598 samaraeum

247 2631 309 2693 ianr
332 2632 479 2694 notitiam
504 2632 584 2696 satis
610 2639 729 2697 certam
743 2631 895 2696 babuisse
910 2629 1049 2695 alicuius
1071 2631 1171 2695 maris
1185 2630 1328 2710 australis,
1411 2653 1412 2658 ¹

248 2739 334 2820 quod
366 2738 453 2804 ultra
473 2740 604 2805 Africae
638 2747 670 2804 et
699 2740 840 2804 Arabiae
863 2757 936 2802 oras
972 2740 1067 2803 situm
1094 2737 1220 2816 esseest
1261 2737 1328 2800 Eum

246 2856 428 2913 accuratam
449 2856 553 2914 terrae
576 2855 642 2914 tum
665 2856 760 2914 notae
782 2849 953 2931 imaginem
977 2851 1172 2930 cogitatione
1193 2847 1328 2912 informa·

246 2961 312 3019 tam
334 2955 495 3035 babuisse,
525 2955 601 3021 inde
631 2961 730 3040 patet,
759 2954 847 3038 quod
868 2955 1008 3020 traditur
1028 2957 1149 3039 primus
1173 2963 1280 3021 terram
1301 2955 1326 3017 in

246 3065 356 3129 tabula
376 3063 565 3148 depinxisse
575 3068 609 3143 ⁵).
654 3065 719 3130 Sed
731 3065 884 3147 quoniam
909 3067 978 3130 eins
999 3067 1161 3133 Sententia
1183 3076 1325 3132 terrsnou
1410 3091 1411 3134 t

245 3176 359 3258 globus
382 3174 440 3240 sed
462 3175 577 3260 planus
598 3173 764 3260 cylindros
784 3174 960 3258 mundique
975 3177 1046 3240 axis
1069 3176 1111 3241 ad
1128 3175 1219 3242 buius
1242 3175 1325 3258 cylin-
1410 3245 1411 3248 Ἴ

245 3283 294 3348 dri
317 3284 483 3367 planitiem
508 3285 761 3368 septentrionem
782 3304 894 3351 versus
929 3286 1101 3351 inclinatus
1130 3294 1209 3368 erat,
1234 3303 1327 3351 revera

348 3496 374 3564 1)
394 3495 506 3564 Hippol-
526 3495 633 3551 Reiutt.
655 3497 675 3564 1,
693 3501 719 3551 7.
737 3515 764 3565 p.
789 3499 828 3562 18,
848 3498 883 3552 86
902 3499 945 3552 ed.
967 3499 1094 3569 Gottiug.

343 3593 371 3660 2)
389 3592 502 3661 Hippol.
522 3592 590 3646 ibid.
609 3595 635 3661 9,
655 3611 681 3662 p.
701 3595 744 3654 24,
766 3593 810 3646 72.

343 3689 370 3756 3)
390 3688 463 3743 Plut.
482 3689 556 3743 Plac.
576 3689 623 3757 lll,
642 3691 685 3744 10.

342 3783 371 3852 4)
389 3784 468 3839 Mare
486 3784 639 3839 Arabicum
662 3787 722 3855 ipse
745 3786 827 3840 facile
854 3792 967 3856 poterat
986 3804 1160 3856 cognoscere.
1198 3787 1325 3840 Praeterea

244 3881 439 3935 florentissima
457 3883 516 3936 eius
535 3887 610 3936 aetas
629 3884 723 3951 paullo
742 3889 852 3938 tantum
864 3885 1002 3953 posterior
1022 3888 1065 3938 est
1084 3901 1116 3937 eo
1130 3889 1261 3953 tempore,
1280 3897 1325 3950 quo

243 3983 345 4031 nautae
366 3977 517 4033 Phoenices
542 3979 659 4034 Neconis
686 3981 761 4048 rogis
785 3980 862 4033 iusso
881 3980 1007 4034 Africam
1031 3979 1150 4033 navibus
1173 3974 1324 4033 circumveni

242 4078 324 4127 erant
342 4073 456 4141 (Herod.
477 4075 606 4143 1v‚42);
628 4093 749 4143 quorum
768 4077 990 4130 narrationinem
1013 4075 1096 4130 facile
1123 4093 1139 4130 a
1158 4073 1325 4129 Phoenicibus

242 4175 291 4224 aut
310 4187 326 4224 a
344 4170 437 4223 nautis
455 4170 571 4225 Milesiis
592 4171 690 4226 audire
709 4177 829 4241 poterat.

342 4265 370 4335 5)
388 4265 479 4320 Strab.
499 4267 521 4334 I,
543 4270 565 4333 l,
585 4270 627 4321 il.
646 4268 747 4324 Strabo
765 4268 982 4324 Eratosthenem
1000 4268 1096 4323 adfert
1113 4273 1223 4323 testem.
