2860 4906
725 339 779 392 264

200 514 257 592 uti,
281 535 379 580 unum
400 522 460 598 est,
482 535 546 598 quo
569 533 643 580 eum
663 535 730 581 non
751 515 822 580 siue
845 534 965 580 caussa
992 517 1176 582 conieceris
1197 536 1327 582 revera

199 645 294 690 usum
316 644 398 690 csse.
442 623 525 691 Cum
546 623 642 707 enim,
667 632 705 691 ut
725 631 823 691 antea
846 625 1057 704 ostendimus,
1083 632 1235 692 enatura
1262 626 1325 692 hu-

201 734 293 799 mida
305 740 435 820 putaret
456 742 490 800 et
503 753 611 801 aerem
633 742 666 802 et
687 742 807 802 terram
822 735 959 816 secerni,
977 737 1052 818 ipso
1071 737 1140 801 fere
1155 757 1324 802 sensuum

200 843 387 911 testimonio
408 843 528 910 adduci
557 850 695 928 poterat,
729 850 764 910 ut
784 849 935 909 naturam
964 842 1133 910 humidam
1162 845 1324 912 erederet

200 953 416 1019 substantiam
438 973 520 1034 ease,
552 972 636 1036 quae
672 953 757 1018 inter
787 952 949 1035 liquidum
982 972 1093 1018 aerem
1123 958 1156 1018 et
1189 961 1322 1020 terram

201 1062 338 1128 solidam
359 1061 467 1128 media
489 1070 584 1141 esset,
613 1063 713 1146 idque
735 1061 870 1129 credens
893 1063 989 1128 facile
1023 1069 1151 1146 poterat
1181 1065 1321 1131 conclu·

202 1173 293 1254 dere,
314 1177 464 1238 naturam
486 1173 571 1239 inter
592 1172 772 1238 conharias
794 1177 927 1238 naturas
949 1171 1093 1238 mediam
1117 1171 1176 1238 has
1197 1172 1321 1256 aliquo

201 1282 299 1348 modo
323 1283 498 1348 continere.
541 1282 642 1348 Porro
674 1283 703 1348 si
733 1282 816 1348 iortc
845 1282 988 1355 videbat,
1019 1282 1150 1365 eligno
1181 1281 1322 1348 ardenti

207 1396 239 1456 et
263 1389 386 1456 fumum
407 1389 536 1473 nigrum
557 1395 590 1454 et
609 1388 772 1456 flammam
793 1389 937 1455 lucidam
959 1391 1046 1473 oriri,
1069 1390 1165 1457 facile
1182 1397 1321 1475 poterat

203 1500 360 1582 conicere,
381 1500 503 1582 lignum
526 1498 611 1564 inter
632 1497 691 1564 has
720 1517 773 1564 res
795 1497 975 1565 contrarias
1005 1499 1149 1566 medium
1175 1520 1250 1566 esse
1283 1509 1319 1569 et

202 1608 285 1675 hane
307 1609 412 1692 ipsam
439 1608 481 1673 oh
503 1627 654 1674 caussam
675 1628 731 1674 eas
760 1607 794 1673 in
816 1593 851 1674 se
880 1609 976 1691 quasi
1007 1609 1150 1675 inclusas
1171 1609 1317 1688 habere;

204 1715 336 1803 pariter,
360 1718 387 1782 si
409 1717 491 1782 forte
515 1737 555 1782 ex
578 1716 691 1782 eodem
719 1715 798 1783 solis
825 1715 948 1783 lumine
971 1717 1007 1782 in
1028 1737 1135 1801 aquae
1160 1720 1317 1802 globulos

204 1825 363 1893 incidenti
380 1825 488 1892 varios
510 1828 643 1908 colores,
664 1827 752 1892 velut
766 1825 898 1892 rubrum
908 1833 942 1892 et
953 1826 1145 1911 violaceum,
1168 1830 1316 1896 existere

200 1934 342 2002 videbat.
385 1935 537 2002 Fortasse
569 1935 668 2001 etiam
696 1935 761 2000 iam
788 1936 1072 2020 animadverterat,
1100 1940 1314 2022 voluntatem,

200 2065 285 2128 quae
308 2065 366 2129 per
387 2065 422 2111 se
444 2044 559 2110 eadem
585 2049 680 2126 asset,
703 2044 737 2108 in
752 2046 929 2110 contrarias
955 2052 1065 2128 partes
1086 2047 1178 2112 abire
1200 2067 1311 2130 posse.

202 2158 272 2224 Neo
292 2175 370 2221 vero
400 2152 484 2236 dico,
516 2151 794 2218 Anaximandrum
824 2152 874 2219 his
906 2154 1066 2236 exemplis
1098 2175 1190 2221 usum
1224 2177 1311 2234 esse,

201 2265 260 2334 sed
282 2286 322 2332 aa
343 2263 424 2330 talia
445 2283 528 2342 esse,
560 2282 696 2344 quorum
716 2261 944 2329 observatione
965 2262 1008 2328 ad
1040 2284 1133 2330 auam
1156 2264 1196 2330 de
1218 2267 1313 2348 prin-

201 2373 288 2458 cipio
310 2373 496 2456 opinionem
518 2369 637 2436 adduci
659 2369 809 2453 potuerit.

191 2553 194 2556 -
301 2507 451 2589 Denique
486 2525 549 2570 non
583 2504 795 2588 improbabile
830 2504 970 2587 videtur,
1004 2506 1037 2571 in
1071 2507 1313 2575 Anaximandri

201 2622 311 2683 mente
344 2614 489 2699 viguisse
522 2613 724 2698 praeclaram
762 2613 851 2679 illam
884 2611 1082 2680 Graecorum
1115 2619 1313 2684 sententiam

202 2729 265 2793 iam
287 2732 354 2792 tum
376 2723 617 2807 asapientibus
633 2723 829 2789 celebratam
838 2724 872 2805 ¹),
894 2743 959 2805 qua
981 2725 1055 2808 ipsa
1078 2725 1155 2792 boni
1177 2748 1217 2793 ac
1240 2731 1314 2812 pul-

204 2927 397 2936 Μή*-

200 3052 252 3106 tali
270 3049 330 3105 iera
346 3049 510 3105 inductione
539 3049 697 3105 adductum
716 3066 783 3116 esse,
812 3053 844 3103 nt
866 3067 968 3118 aquam
992 3049 1117 3104 omnium
1135 3050 1313 3120 principium

200 3151 329 3218 poneret:
349 3145 443 3201 omnia
461 3146 615 3200 animantia
635 3150 664 3201 et
681 3145 751 3201 oriri
771 3162 785 3199 e
804 3149 906 3201 natura
925 3146 1042 3201 humida
1062 3147 1194 3216 (namque
1214 3165 1315 3204 semen

202 3261 252 3299 sua
280 3248 382 3299 natura
410 3261 469 3298 asse
487 3242 645 3313 humidum)
674 3247 702 3297 et
721 3260 754 3297 ea
772 3241 891 3311 nutriri3
922 3243 1030 3313 pariter
1059 3243 1149 3313 ipsam
1175 3249 1315 3301 naturam

201 3341 320 3397 calidam
347 3336 423 3408 (αὐτὸ
441 3338 472 3392 τὸ
493 3336 613 3410 θερμὸν)
642 3357 657 3393 e
684 3343 785 3394 natura
810 3338 925 3393 humida
952 3343 981 3394 at
1008 3339 1078 3394 oriri
1102 3344 1132 3395 et
1156 3359 1189 3396 ea
1208 3343 1249 3396 aii
1269 3348 1313 3398 at

201 3457 255 3508 que
279 3437 386 3503 vivere3
415 3454 482 3507 ergo
508 3436 537 3489 in
564 3435 724 3491 universum
748 3454 842 3490 omnes
867 3454 911 3491 res
931 3437 1072 3507 putandas
1091 3455 1150 3492 esse
1168 3457 1184 3491 e
1204 3443 1314 3495 natura

200 3535 316 3589 humida
336 3533 421 3598 oriri3
448 3534 505 3587 iam
533 3550 599 3587 vcro
628 3531 715 3601 ipsius
743 3536 861 3586 naturae
887 3532 1020 3588 humidae
1048 3533 1221 3604 principium
1250 3554 1313 3592 esse

201 3649 316 3700 aquam;
334 3629 407 3684 hana
426 3629 515 3700 igitur
533 3629 658 3683 omnium
675 3645 769 3682 rerum
782 3629 953 3699 principium
971 3631 1131 3698 ponendum
1145 3649 1213 3686 ease.
1233 3633 1311 3688 Ana·

200 3729 325 3782 ximenes
344 3731 438 3781 autem
468 3726 504 3779 ad
529 3742 606 3778 suam
625 3723 782 3778 doctrinam
811 3742 873 3778 cum
901 3724 963 3778 aliis
983 3725 1141 3780 rationibus
1169 3730 1231 3781 tum
1256 3727 1312 3783 hac

201 3824 260 3879 fere
277 3822 492 3879 ratiocinatione
515 3821 628 3876 videtur
652 3821 789 3876 adductus
814 3837 884 3876 ease:
911 3821 1005 3876 omnia
1029 3821 1144 3876 animali
1168 3823 1309 3877 contineri

201 3939 234 3976 ac
251 3919 404 3992 gubernari
430 3919 532 3987 anima,
560 3936 630 3987 quae
656 3935 705 3972 aer
733 3918 782 3986 sit3
810 3919 946 3972 mundum
977 3923 1072 3974 autem
1100 3919 1222 3974 similem
1248 3937 1310 3976 ease

202 4017 346 4084 animalia;
375 4015 595 4087 argemundum
619 4032 730 4084 quoque
748 4013 905 4083 putandum
930 4033 988 4070 esse
1007 4033 1071 4070 aere
1091 4015 1238 4071 contineri.
1264 4018 1308 4072 Oi.

201 4114 277 4169 Plut.
297 4113 371 4168 Plan.
390 4112 410 4181 1,
429 4114 454 4166 3.

307 4225 334 4295 1)
353 4225 385 4279 ln
404 4229 509 4295 septem
530 4225 687 4295 sapientum
706 4226 952 4296 apophthegmatis
970 4225 1039 4281 haec
1049 4227 1212 4282 referuntur
1220 4227 1308 4296 dieta,
