2864 4904
783 332 818 384 88

249 501 339 588 παρὰ
371 498 412 566 τὰ
443 494 608 584 στοιχεῖα’
641 503 795 570 ratione
824 503 1067 570 disiunctiva
1098 505 1239 587 explieat
1261 503 1333 566 hisee

249 615 373 680 verbis:
390 603 485 677 ‘oiov
505 611 624 695 μέσον
644 637 680 678 τι
702 610 819 696 ἀέρός
847 611 917 677 καὶ
946 608 1086 690 ὕδατος
1100 605 1128 698 ἢ
1150 610 1265 694 ἀέρος
1282 607 1335 673 καὶ

250 716 382 806 πυρός’,
406 723 494 806 quod
510 723 641 805 quidem
654 721 797 788 medium
811 724 912 789 altero
928 722 1087 789 elemento
1100 722 1229 788 densius
1246 723 1334 788 altero

250 837 357 898 autem
380 831 527 898 subtilius
550 834 600 897 sit.
644 830 715 910 Quo
738 833 808 897 loeo
830 851 901 898 oum
930 825 988 897 ‘ud
1011 824 1101 914 παρὰ
1123 825 1165 894 τὰ
1185 830 1334 910 στοιχεῖα’

250 942 427 1027 explioetur
448 941 574 1009 duobus
596 943 746 1008 membris
764 941 945 1025 disinnotis,
968 941 1070 1024 ipsius
1093 943 1155 1007 loci
1170 942 1335 1008 iutelleotus

250 1053 379 1118 omnino
403 1050 523 1135 pendet
544 1052 586 1117 ab
618 1071 657 1117 ea
679 1052 877 1134 quaestione,
908 1071 990 1132 quae
1014 1049 1105 1117 huius
1128 1050 1336 1116 distractionis

149 1205 151 1210 -
251 1162 302 1225 ris
323 1181 363 1226 aa
383 1161 464 1226 ratio
487 1162 537 1225 sit.
580 1162 691 1226 Potest
724 1166 830 1226 autem
853 1161 995 1242 intellegi
1016 1159 1132 1242 triplici
1153 1160 1255 1242 modo,
1280 1159 1335 1242 pri·

251 1291 337 1336 mum
358 1271 415 1356 ita,
438 1275 473 1336 ut
494 1269 683 1336 Aristoteles
707 1290 818 1336 eorum
833 1269 1107 1354 philosophorum,
1130 1271 1185 1352 qui
1204 1262 1243 1334 ro*
1256 1267 1336 1349 παρὰ

250 1373 447 1460 τὰστοιχεῖα
469 1381 608 1445 omnium
630 1399 735 1445 rerum
747 1379 915 1444 materiam
932 1378 1049 1458 dioant,
1071 1378 1152 1445 duas
1175 1379 1337 1462 distinguat

252 1495 370 1572 partes,
391 1489 524 1554 alteram
545 1508 665 1562 eornm,
699 1491 753 1571 qui
785 1488 864 1554 illud
888 1496 1035 1556 naturam
1068 1489 1230 1573 quandam
1263 1487 1336 1552 iuter

251 1620 367 1684 aquam
388 1605 549 1680 etaerem,
563 1600 698 1665 alteram
718 1618 836 1677 eornm,
860 1601 914 1682 qui
929 1605 1077 1666 naturam
1093 1598 1251 1680 quandam
1263 1600 1336 1662 inter

176 1733 180 1740 ·
253 1729 360 1782 aerem
383 1715 416 1773 et
437 1708 545 1792 ignem
566 1708 706 1774 mediam
727 1715 863 1792 ponant;
886 1707 1003 1774 deiude
1026 1711 1080 1790 ita,
1101 1714 1137 1772 ιιι
1159 1707 1336 1792 generaliter

252 1821 363 1896 solum,
399 1825 476 1900 quot
495 1816 600 1883 modis
633 1812 672 1881 τὸ
702 1810 792 1898 παρὰ
824 1809 865 1880 τὰ
897 1819 1043 1897 στοιχεῖα
1069 1817 1205 1900 eogitari
1235 1816 1335 1901 possit,

252 1928 420 2012 significet,
441 1927 594 1994 historiae
616 1929 739 1993 ratione
761 1947 825 1992 uon
849 1925 976 2002 habita;
1004 1925 1142 2008 denique
1165 1928 1217 2004 ita,
1239 1931 1279 2006 ut,
1298 1922 1335 1988 de

253 2040 344 2104 unius
366 2040 468 2104 solum
491 2036 687 2122 philosophi,
721 2039 775 2120 qui
807 2031 846 2101 ad
868 2031 958 2118 παρὰ
989 2031 1210 2116 τὰστοιχεῖα
1239 2039 1334 2118 ponat,

252 2147 396 2214 doctrina
407 2148 564 2231 cogitans,
588 2146 669 2212 duas
691 2167 746 2214 eas
761 2146 881 2212 indieet
895 2147 1045 2229 rationes,
1069 2146 1184 2228 quibus
1205 2139 1243 2209 τὸ
1257 2135 1335 2223 παρὰ
1408 2202 1409 2210 ,

252 2251 293 2322 τὰ
313 2258 459 2336 στοιχεῖα
479 2257 521 2323 ab
545 2257 600 2322 illo
622 2256 763 2340 positum
784 2256 938 2339 explicari
958 2257 1061 2340 possit
1071 2255 1103 2336 ¹).
1149 2254 1228 2320 Cum
1250 2254 1335 2336 igitur

252 2366 332 2432 haee
355 2367 470 2449 triplex
501 2385 573 2432 esse
604 2367 707 2450 possit
728 2365 947 2431 disiunctionis
970 2365 1139 2448 sententia,
1174 2385 1221 2444 ea,
1251 2383 1335 2447 quam

254 2474 427 2542 seeundum
442 2478 616 2560 posuimus,
633 2478 772 2540 omnium
786 2477 915 2540 minime
928 2473 1105 2560 probabilis
1113 2481 1173 2558 est,
1182 2480 1335 2560 propterea

253 2584 339 2667 quod
359 2583 548 2650 Aristoteles
568 2591 635 2650 toto
649 2586 721 2650 loou
733 2583 767 2649 id
778 2586 855 2668 agit,
874 2591 909 2648 ut
923 2585 1064 2667 ipsorum
1079 2581 1333 2668 philosophorum,

252 2696 403 2777 quiante
425 2695 530 2778 ipsum
552 2694 681 2772 luerint,
714 2693 755 2759 de
777 2715 841 2759 una
862 2695 997 2760 materia
1019 2693 1186 2777 opiniones
1206 2691 1333 2765 refellat3

253 2803 382 2870 omuino
416 2809 617 2868 autemeam
644 2805 748 2887 aooipi
773 2824 837 2868 non
860 2823 956 2885 posse
985 2804 1167 2887 apparebit,
1199 2805 1233 2886 si,
1263 2818 1334 2881 quae

252 2913 441 2997 accipienda
460 2915 511 2992 sit,
534 2913 776 2980 ostenderimus.
822 2912 886 2979 Sed
906 2915 1101 2996 reliquarum
1122 2905 1255 2980 duarum
1273 2917 1335 2977 utra

252 3022 381 3090 tandem
411 3022 628 3107 intellegenda
648 3023 718 3087 est?
753 3024 914 3090 Posterior
935 3044 1019 3102 vero,
1044 3044 1091 3106 ea,
1122 3043 1220 3106 quam
1238 3022 1333 3088 ultimo

252 3134 322 3198 looo
346 3132 524 3216 posuimus3
551 3131 584 3198 id
607 3131 693 3214 quod
714 3153 798 3198 nuno
820 3133 884 3197 iam
907 3132 1108 3216 probandum
1130 3139 1188 3198 est.

352 3265 572 3351 Incipiendum
593 3266 722 3332 videtur
743 3286 816 3332 esse
846 3267 888 3332 ab
920 3266 1122 3349 explicandis
1140 3266 1269 3333 duobus
1288 3283 1332 3328 uo-

253 3374 384 3458 cabulis,
403 3395 485 3458 quae
507 3375 550 3441 ad
572 3373 817 3458 intellegendam
850 3377 912 3442 looi
943 3376 1136 3442 sententiam
1158 3373 1333 3461 gravissima

253 3490 336 3560 sunt,
360 3487 558 3569 primumque
580 3484 763 3563 videndum,
787 3485 820 3550 in
846 3487 963 3560 verbis,
981 3475 1072 3550 ‘ov’d’
1096 3475 1175 3550 litto
1206 3509 1237 3550 τι
1257 3474 1334 3562 παρὰ

251 3595 361 3675 ταῦτα,
385 3582 476 3658 οἷον
494 3591 598 3675 μέσον
614 3616 646 3657 τι
660 3593 756 3678 ἀέρος
770 3593 824 3658 καὶ
843 3589 962 3672 ὕδατος
982 3589 1004 3682 ἢ
1024 3595 1121 3679 ἀέρος
1140 3596 1196 3702 utri
1216 3589 1334 3680 πυρός’,

252 3795 451 3803 ————

353 3943 379 4011 1)
398 3941 475 3998 llaec
493 3943 547 3998 loci
566 3944 707 3998 sententia
724 3949 851 4015 apparet,
870 3946 894 4000 si
913 3965 974 4002 eum
994 3946 1034 4002 sie
1051 3947 1199 4002 vert-imus:
1218 3948 1274 4004 Neo
1290 3963 1337 4001 uns

252 4039 377 4094 omnium
397 4039 598 4094 elementorum
616 4042 735 4096 materia
754 4060 812 4097 esse
824 4046 919 4112 potest
937 4041 967 4096 τὸ
981 4040 1056 4114 παρὰ
1075 4041 1108 4098 τὰ
1122 4051 1252 4116 στοιχεῖα,
1270 4044 1338 4100 velut

251 4135 374 4190 medium
392 4136 499 4206 aliquid
517 4137 592 4192 iuter
610 4138 665 4193 duo
684 4139 831 4209 elementa,
849 4141 920 4196 sive
941 4141 970 4196 id
989 4141 1064 4197 iuter
1082 4159 1182 4212 squam
1201 4148 1229 4198 et
1247 4158 1338 4208 aerem,

253 4233 325 4289 sire
344 4233 524 4290 interrorem
543 4239 571 4291 et
585 4235 679 4307 ignem
696 4237 820 4292 medium
839 4242 889 4294 est.
