2850 4904
769 374 819 426 tte

246 548 305 614 mis
328 547 488 630 pertinent
508 551 606 628 utque
629 545 735 620 nullus
757 565 866 612 eorum
888 547 942 619 sit,
971 547 1025 629 qui
1048 547 1188 612 formem
1212 547 1342 630 posuerit

246 657 389 740 eorporis
423 654 464 720 ab
498 652 588 720 hisee
611 651 780 720 diversam.
825 653 933 732 Quare
957 655 1147 740 ambiguum
1169 657 1269 722 solum
1291 661 1340 731 est,

246 763 289 830 ad
310 783 407 847 quem
429 783 577 847 quaeque
600 763 703 830 forme
724 762 895 832 referende
917 765 974 839 sit;
1003 771 1103 848 etque
1126 785 1199 832 eum
1220 786 1259 831 ex
1280 767 1341 848 ipso

246 874 420 942 Aristotele
455 875 533 940 satis
566 879 677 938 notum
711 874 761 956 sit,
794 893 875 957 quos
897 873 985 940 diost
1008 895 1107 940 uuum
1127 895 1147 942 e
1167 876 1266 942 tribus
1287 875 1341 940 ele

246 985 371 1066 mentis,
397 1002 515 1066 squam
538 1001 645 1048 serem
676 981 794 1066 ignem,
824 1003 955 1066 ponere,
988 985 1052 1050 iam
1073 984 1109 1050 id
1132 987 1234 1051 solum
1255 1002 1341 1066 quse-

245 1093 335 1176 ritur,
357 1112 451 1176 quem
476 1091 642 1176 intelleget
664 1111 746 1168 eum,
772 1094 827 1175 qui
848 1111 966 1177 eorpus
988 1094 1135 1160 omuibus
1159 1094 1253 1162 rebus
1276 1093 1340 1158 suh-

246 1205 362 1270 ieetum
385 1209 532 1270 usturam
555 1200 720 1285 quandam
752 1222 824 1269 esse
851 1203 929 1270 vetit
950 1202 1037 1270 inter
1057 1223 1168 1271 aerem
1189 1209 1222 1270 et
1244 1205 1340 1286 ignom

246 1311 396 1380 medium.
440 1313 479 1378 Id
494 1317 602 1378 autem
625 1311 712 1378 faeili
734 1313 865 1397 negotio
888 1333 929 1380 ex
951 1313 1023 1398 ipso
1046 1315 1116 1381 loeo
1139 1316 1338 1398 eognosoitur.

346 1423 474 1489 Etenim
506 1422 698 1490 Aristoteles
728 1421 789 1487 hou
818 1423 887 1506 ipso
919 1423 990 1488 loeo
1018 1423 1291 1489 Anaximandrum
1311 1423 1339 1487 iu

247 1533 287 1600 iis
314 1538 460 1600 numeret
484 1531 640 1617 physicis,
672 1551 806 1614 quorum
827 1530 1006 1598 doctrinam
1030 1531 1092 1598 hoo
1113 1534 1186 1598 loeo
1210 1532 1338 1615 exponit,

247 1641 362 1709 etheo
384 1641 458 1726 ipse
480 1662 514 1708 re
537 1661 610 1708 eum
633 1640 714 1706 dioit
735 1660 830 1706 uuam
854 1659 895 1706 ex
918 1641 982 1706 iliis
1003 1643 1147 1726 eorporis
1173 1642 1287 1718 formis,
1310 1638 1339 1703 id

247 1756 306 1834 ost,
336 1758 393 1818 out
415 1771 512 1818 uuum
536 1771 554 1817 e
576 1750 680 1816 tribus
713 1749 882 1816 elementis
913 1755 969 1815 aut
1004 1757 1154 1816 naturum
1191 1748 1338 1833 quandem

249 1862 331 1926 iuter
360 1879 468 1928 serem
502 1866 535 1926 st
568 1862 675 1942 ignem
707 1857 847 1926 medium
877 1879 1005 1943 ponere.
1048 1859 1147 1942 Atqui
1171 1865 1255 1926 uerte
1274 1877 1338 1922 eum

247 1991 311 2036 nou
333 1970 414 2037 dieit
435 1991 532 2036 unum
555 1989 596 2035 ex
618 1969 786 2036 elementis
809 1988 944 2052 ponere,
969 1969 1129 2051 siquidem
1152 1969 1233 2053 ipse,
1254 1974 1284 2034 ut
1302 1986 1339 2032 ex

247 2080 323 2146 eliis
338 2080 419 2146 loois
435 2081 564 2146 omuino
581 2083 680 2163 patet,
702 2084 850 2144 usturam
873 2079 904 2144 ei
920 2078 1032 2145 tribuit
1055 2078 1097 2144 ab
1120 2080 1279 2146 elementis
1297 2076 1337 2142 di-

247 2210 384 2272 verssm,
406 2191 526 2274 paritor
548 2194 645 2270 atque
668 2186 922 2272 Theophrastus,
954 2189 1010 2270 qui
1039 2207 1112 2254 eum
1135 2190 1277 2273 posuisse
1295 2205 1336 2250 re·
1404 2281 1405 2284 Ἴ

248 2299 309 2366 fert
327 2291 460 2382 ‘desputo
481 2320 552 2362 τινα
574 2293 675 2383 φύσιν
699 2291 791 2378 παρὰ
814 2290 855 2359 τὰ
874 2298 1046 2378 στοιχεῖα’.
1090 2297 1177 2381 Ergo
1193 2298 1337 2380 reliquum
1404 2311 1405 2334 i

248 2407 350 2474 sotum
375 2413 433 2490 est,
456 2414 490 2472 ut
511 2405 1054 2474 AristotelesAuaximendrum
1076 2408 1243 2491 intelleget
1264 2425 1337 2477 eum,

248 2516 304 2600 qui
338 2521 485 2584 naturum
519 2516 684 2599 quendum
717 2521 817 2601 ponat
852 2515 935 2582 iuter
966 2523 1131 2583 sesemet
1154 2517 1260 2601 iguem
1280 2531 1335 2579 me-

248 2623 345 2690 diant.
391 2625 505 2710 ltaque
534 2625 726 2692 Aristoteles
760 2631 905 2691 naturam
939 2627 1023 2692 iuter
1056 2647 1165 2693 aerem
1188 2633 1219 2691 et
1238 2625 1334 2708 ignem

248 2731 387 2800 mediam
410 2733 470 2801 hoe
491 2736 562 2800 loeo
584 2742 694 2818 aperte
717 2735 831 2800 tribuit
841 2735 1095 2811 Anaximandro,
1128 2755 1192 2800 non
1214 2736 1257 2800 itu
1276 2733 1335 2815 qui-

248 2841 332 2926 dem,
354 2849 388 2910 ut
409 2844 487 2928 ipsis
510 2843 618 2908 verbis
641 2843 737 2925 diuet,
772 2851 805 2910 at
836 2845 890 2922 its,
926 2850 961 2910 ut
983 2863 1024 2911 ex
1046 2846 1125 2927 ipsis
1147 2845 1252 2910 verbis
1272 2843 1335 2908 siue

249 2952 315 3018 ulie
336 2951 536 3020 dubitatione
560 2951 760 3038 appaream).

349 3063 396 3128 18.
440 3061 615 3145 Postquam
645 3063 749 3128 loeum
781 3081 821 3126 ex
843 3063 925 3146 ipsis
949 3063 1019 3129 eius
1041 3064 1152 3130 verbis
1177 3060 1335 3147 explieavi-

351 3399 376 3467 1)
396 3398 464 3454 Cum
482 3417 539 3454 non
558 3399 607 3454 ebs
625 3417 655 3453 re
672 3398 802 3454 videatur
821 3416 889 3469 esse,
912 3403 1011 3468 totam,
1037 3417 1093 3468 qus
1110 3399 1272 3454 Aristoteles
1290 3397 1335 3449 hou

247 3494 308 3550 loeo
328 3512 393 3548 usus
412 3499 462 3560 est,
492 3495 603 3550 dicendi
622 3496 760 3550 ustionem
785 3495 911 3565 exemplo
930 3496 1082 3564 illustrare,
1106 3495 1159 3550 hse
1185 3496 1284 3550 utimur
1300 3492 1335 3544 di·

247 3591 354 3645 visione
367 3592 471 3660 puutim
490 3592 546 3646 ism
560 3597 642 3646 autes
655 3592 816 3662 proposita:
836 3591 946 3659 „Alteri
959 3591 1128 3662 philosophi,
1146 3592 1195 3662 qui
1213 3604 1334 3644 sumntum

247 3705 341 3742 rerum
361 3705 486 3742 osusssm
504 3694 614 3758 ponunt
632 3690 662 3742 iu
678 3693 780 3756 mente,
799 3706 883 3756 quem
902 3688 1014 3756 quidem
1044 3692 1163 3742 mentem
1196 3692 1243 3742 eut
1264 3685 1335 3738 rebus

247 3784 361 3839 insitum
380 3789 429 3840 eut
447 3786 599 3854 separatim
625 3803 641 3840 e
668 3785 751 3839 rubus
769 3801 820 3853 per
849 3801 878 3838 se
906 3788 1079 3839 constantem
1105 3781 1336 3846 essevolumus

246 3895 291 3934 res
315 3879 385 3933 oriri
403 3882 541 3944 statuunt,
564 3882 596 3932 ut
614 3883 736 3933 mentem
755 3879 784 3932 in
803 3895 847 3932 res
866 3879 945 3947 quusi
970 3879 1048 3952 obire
1073 3878 1103 3932 iu
1126 3895 1228 3947 easque
1246 3863 1334 3930 se'ex·

246 3975 360 4045 piiesre,
389 3975 472 4030 alteri
491 3975 540 4042 its,
567 3980 600 4030 ut
624 3993 668 4030 res
687 3976 777 4030 essuri
800 3993 817 4029 s
844 3979 937 4030 mente
954 3975 1073 4030 dieunt“
1111 3975 1170 4029 Iem
1197 3973 1281 4028 cuivis
1303 3971 1334 4023 te·

245 4073 324 4141 genti
337 4072 455 4142 patebit,
474 4072 546 4128 hune
564 4072 739 4141 divisionem,
763 4090 833 4142 quoe
845 4072 889 4126 illi
903 4073 1062 4126 Aristotelis
1077 4072 1138 4126 loeo
1153 4072 1276 4126 omuibus
1293 4085 1334 4120 uu·

246 4168 331 4222 meris
350 4169 449 4222 similis
467 4172 518 4238 est,
545 4171 672 4238 quumvis
698 4174 792 4225 eureet
818 4170 967 4240 elegantia,
991 4175 1085 4224 tumen
1108 4187 1159 4224 neo
1184 4188 1201 4224 s
1224 4162 1334 4222 nuturuli

247 4265 390 4334 cogitandi
408 4269 486 4319 motu
506 4266 627 4320 alienam
647 4283 713 4331 esse,
733 4283 784 4319 nee
804 4266 949 4321 intellectu
968 4264 1121 4320 difficilem.
