2864 4904
781 293 817 346 ‘14

251 482 347 528 versa
368 469 426 546 θεῖ,
454 462 535 528 nihil
557 471 606 530 θεῖ
625 465 689 530 nisi
714 464 877 530 materia
898 465 1020 548 pariter
1042 464 1184 530 omnium
1211 466 1332 529 elemen-

252 578 355 637 torum
378 571 590 654 qualitatibus
613 573 784 640 contrariis
812 574 968 656 subiecta,
999 572 1027 638 si
1050 574 1164 656 prima,
1190 579 1240 638 est
1260 571 1333 636 snb-

253 681 406 747 stantia
433 688 500 747 tota
522 703 581 749 sna
602 690 716 749 natura
742 682 784 749 ab
812 684 979 750 elementis
1002 683 1132 749 diversa
1162 691 1194 748 et
1217 701 1334 748 numero

253 791 356 856 abiis
387 798 547 876 separatu.
594 794 674 860 Utra
695 792 906 860 diversitatis
929 794 1013 860 ratio
1047 792 1264 876 intellegenda
1292 791 1334 860 sit

253 900 391 966 fortasse
413 921 431 966 θ
453 901 587 984 reliquis
608 902 773 970 vocabulis
796 903 948 986 cognosci
970 901 1098 986 poterit.

352 1009 421 1076 Iam
444 1005 481 1076 τὸ
506 1010 597 1093 παρά
617 1035 649 1077 τι
672 1013 777 1099 ipsum
800 1031 929 1096 quoque
956 1018 1006 1078 θεῖ
1027 1003 1139 1093 ἕτερόν
1160 1033 1255 1089 τινος,
1287 1005 1335 1073 sod

254 1119 343 1186 notio
365 1120 435 1187 eins
457 1120 564 1187 minus
585 1123 651 1188 late
675 1111 774 1206 patet.
797 1121 925 1188 Etenim
941 1121 1138 1205 praepositio
1158 1110 1270 1201 ’παράῗ
1290 1137 1335 1182 na·

254 1231 348 1295 tnrali
372 1249 431 1296 sua
452 1228 689 1314 significatione
706 1233 808 1297 talem
826 1231 994 1314 'significat
1015 1229 1150 1296 duarum
1173 1250 1273 1296 rernm
1295 1226 1334 1291 di·

253 1340 447 1422 versitatem,
471 1359 553 1422 qnae
576 1339 610 1404 in
633 1339 893 1424 separatione
916 1338 1057 1422 quadam
1072 1339 1232 1420 consistit3
1249 1344 1280 1404 et
1296 1335 1335 1400 id·
1403 1349 1404 1352 ’

255 1448 340 1515 oiroo'
362 1468 402 1514 ea
423 1468 474 1515 res
501 1448 619 1515 dieitur
643 1442 842 1530 ‘oropum',
877 1470 960 1534 quae
994 1451 1036 1515 ab
1068 1450 1136 1518 alia
1154 1448 1288 1532 quadam
1306 1465 1335 1508 re

255 1557 302 1622 ita
324 1555 454 1624 diversa
476 1564 534 1641 est,
568 1566 602 1625 nt
623 1559 665 1628 ab
696 1581 735 1626 ea
757 1560 866 1644 aliquo
888 1558 985 1625 modo
1012 1565 1164 1645 separata
1186 1559 1236 1624 sit.
1275 1555 1335 1620 Ian
1403 1547 1404 1558 ’

256 1667 385 1750 limi)rie
408 1668 540 1750 quidem
561 1671 802 1754 praepositione
830 1664 919 1753 παρὰ
950 1691 990 1736 ea
1017 1669 1218 1754 significatur
1243 1667 1335 1732 diver·
1403 1755 1404 1764 ἵ

257 1776 347 1859 sitas,
370 1798 453 1860 quae
475 1778 509 1844 in
529 1781 672 1845 looorum
696 1781 900 1864 separatione
922 1781 1074 1860 uomitum
1098 1778 1156 1844 sed
1175 1771 1276 1858 ‘nopai
1296 1761 1335 1836 ε’

257 1905 321 1951 εοε
344 1888 446 1953 solum
468 1888 503 1954 id
519 1888 647 1966 dieitur,
670 1889 756 1973 quod
769 1890 813 1956 ab
828 1889 895 1955 alia
909 1888 1048 1972 quadam
1070 1909 1105 1954 re
1126 1890 1219 1969 looo,
1239 1901 1335 1950 vernn
1403 1957 1404 1962 ἵ

257 1994 365 2076 θῖίθιε,
388 2003 423 2061 εῖ
445 2017 519 2064 mox
533 1999 713 2083 apparebit,
737 1998 780 2080 id,
803 1997 888 2082 qnod
910 1999 952 2064 ab
968 1998 1034 2064 alia
1055 2019 1091 2064 re
1113 2017 1172 2064 sua
1194 1995 1288 2081 ipsius
1307 1988 1334 2054 vi
1401 2017 1403 2067 ἵ

256 2125 295 2170 ao
317 2105 447 2172 notione
469 2113 654 2192 separatum
674 2115 722 2174 θεῖ
743 2108 890 2191 hancque
913 2108 954 2175 ob
976 2126 1135 2187 caussam,
1164 2104 1282 2172 etiamsi
1300 2100 1334 2164 ab
1402 2112 1404 2168 i

258 2233 370 2279 eanon
394 2223 443 2282 θεῖ
462 2217 533 2283 looo
548 2224 709 2300 separata,
731 2224 838 2284 tamen
856 2217 927 2283 loeo
943 2217 1087 2300 separari
1104 2221 1215 2297 potest.
1234 2213 1335 2292 Quare,
1401 2267 1403 2284 ,,

258 2329 293 2389 εῖ
326 2325 475 2392 vocabuli
510 2325 779 2411 significationem
813 2348 878 2392 una
910 2327 1040 2392 notione
1073 2322 1335 2410 eomprehendam,

258 2454 328 2499 eam
351 2435 545 2518 generaliter
575 2436 622 2502 sio
643 2435 780 2502 definio:
799 2427 927 2515 ’παρά
949 2425 1006 2498 a'o'
1040 2454 1084 2500 ea
1113 2433 1262 2499 dieitur·
1276 2447 1336 2506 εθε,
1401 2437 1403 2468 '¹

257 2562 354 2624 quae
376 2544 423 2609 ab
444 2545 521 2608 alia
542 2566 581 2610 re
603 2547 658 2610 ita
680 2543 837 2611 diversa
858 2549 928 2620 ost,
950 2550 989 2610 nt
1010 2546 1098 2627 ipsa
1120 2562 1188 2626 per
1209 2561 1248 2608 εθ
1269 2556 1336 2606 ean

257 2674 329 2720 neo
351 2655 549 2719 oontineat
571 2675 640 2720 neo
671 2674 718 2720 ea
740 2656 1000 2728 oontineatur;
1032 2673 1114 2736 quae
1137 2653 1221 2718 enim
1240 2644 1336 2715 nesab
1403 2665 1404 2680 ¹

257 2765 322 2831 alia
344 2762 404 2830 hoo
432 2763 528 2829 modo
550 2763 677 2830 diversa
699 2770 758 2845 est,
789 2765 830 2830 ab
862 2784 901 2830 aa
931 2771 987 2830 aut
1016 2769 1089 2828 θεῖε
1122 2765 1268 2846 separata
1295 2758 1336 2820 θεῖ

258 2879 314 2939 θεῖ
335 2879 421 2940 oerte
443 2873 485 2940 ab
511 2894 550 2940 ea
575 2881 682 2958 potest
705 2875 855 2958 separari.
899 2872 1003 2953 Quam
1031 2871 1288 2956 significationem
1309 2867 1337 2928 nt

257 2989 414 3068 appareat
434 3005 505 3050 eam
526 2986 623 3051 etiarn
645 3005 727 3060 esse,
749 3004 813 3068 qua
833 2984 875 3050 ab
897 2985 1067 3050 Aristotele
1088 2979 1275 3048 vooabulum
1291 2971 1336 3039 ad·

259 3089 413 3174 hibeatur,
436 3090 497 3158 hoo
517 3091 588 3158 looo
611 3111 715 3176 pauoa
732 3089 891 3174 quaedam
913 3089 1082 3168 sufficiunt,
1106 3108 1190 3171 quae
1212 3106 1284 3173 prae
1297 3102 1337 3148 oo·

259 3201 335 3266 teris
357 3200 527 3285 perspicua
549 3206 622 3266 sunt
644 3201 845 3282 maximeque
867 3201 970 3283 ipsam
990 3219 1059 3264 rem
1074 3199 1249 3274 eontinent;
1269 3209 1337 3276 quae

258 3309 365 3394 paullo
389 3313 461 3392 post
483 3310 626 3392 pluribus
647 3310 727 3375 loois
749 3310 880 3392 singulis
903 3308 1119 3374 firmabuntur.
1164 3301 1337 3389 Itaqneliri·

259 3421 390 3486 stotoles
411 3421 481 3504 ipse
496 3422 590 3497 loeis,
611 3421 667 3486 ubi
689 3427 837 3487 aoourate
858 3420 1053 3503 loquendum
1074 3425 1133 3501 est,
1166 3416 1337 3486 vooabulnn

256 3524 368 3612 ,(παρά
388 3519 440 3592 ut'
470 3530 626 3596 vocabulo
654 3521 854 3612 ‘xmptoaoo'
883 3531 1033 3614 explieat,
1064 3530 1164 3595 veluti
1193 3531 1225 3594 in
1255 3525 1337 3590 neta-

259 3638 400 3723 physiois
422 3640 476 3722 ait,
502 3635 582 3724 ιτὴν
602 3630 702 3724 ἀρχὴν
723 3640 776 3704 δεῖ
801 3639 855 3703 καὶ
875 3634 933 3726 τὴν
954 3634 1061 3704 αἰτίαν
1082 3628 1166 3702 εἶναι
1187 3629 1286 3718 παρὰ
1303 3624 1338 3694 τὰ

259 3741 466 3831 πράγματα
486 3747 595 3814 ...καὶ
616 3742 779 3813 δύνασθαι
797 3740 879 3813 εἶναι
902 3745 1169 3832 χωριζομένην
1190 3739 1338 3819 attactam)

259 3856 301 3921 Et
322 3857 517 3941 Philoponus
528 3858 708 3925 Aristotelis
730 3859 838 3938 verba,
860 3854 898 3922 τὸ
919 3851 1063 3922 καθόλου
1083 3879 1148 3924 εοε
1160 3878 1232 3924 θεεθ
1249 3843 1339 3933 ‘asoti

259 3960 300 4034 τὰ
321 3961 403 4031 κατὰ
426 3966 526 4048 μέρος
536 3957 555 4046 ’,
577 3970 623 4034 ita
644 3970 782 4053 explieat
803 3976 838 4035 ut
859 3968 956 4048 dieat,
977 3959 1183 4032 τὸκαθόλου
1205 3961 1338 4046 assequi-

261 4117 458 4129 ,.---.--.-

362 4181 390 4252 1)
407 4181 533 4255 Metaph.
552 4180 601 4252 lll,
619 4184 644 4236 3.
665 4183 736 4238 999Ιι
751 4185 793 4237 17.
