2882 4902
660 335 678 388 7

96 501 317 586 principium
339 493 439 587 ἀρχῆς
459 503 650 570 vocabulum
673 505 859 573 adhibuisse
882 508 1004 591 hocque
1032 511 1221 578 vocabulum

99 610 137 674 in
162 610 418 696 philosophiam
440 614 658 681 introduxisse
670 622 790 700 putent.
825 617 929 701 Atque
945 619 1065 700 primus
1083 619 1222 704 quidem,

99 719 202 800 quod
229 721 341 804 seiam,
373 723 556 822 Bruoherus
579 723 662 790 hanc
684 724 886 804 seutentiam,
919 748 983 793 non
1010 728 1141 811 quidem
1164 750 1222 796 sno

100 828 166 894 sed
185 829 490 916 Pseudo-Origenis
504 832 704 917 (hippolyti)
723 834 860 918 nomine,
884 837 1026 922 protulit,
1049 837 1139 905 hisce
1153 859 1221 906 ver·

101 939 175 1005 bis:
207 941 301 1022 „Hoc
314 942 473 1008 infinitum
489 943 628 1027 primum
642 962 713 1009 esse
729 943 923 1028 principium
942 945 1040 1030 dixit5
1062 967 1222 1032 vocemque

101 1038 244 1136 ἀρχὴν
270 1051 407 1135 primum
438 1052 471 1132 in
494 1051 555 1118 hoc
576 1071 673 1119 sensu
698 1055 872 1138 accepisse,
896 1062 931 1121 ut
949 1075 1096 1122 caussam
1117 1077 1223 1123 rerum

102 1158 291 1242 indicaret,
313 1162 410 1227 refert
426 1159 747 1245 Pseudo-origenem
756 1165 788 1242 ¹).
816 1164 934 1229 Postea
955 1165 1063 1248 plures
1086 1166 1221 1232 eandem

103 1271 316 1336 sententiam
337 1273 479 1357 amplexi
490 1279 572 1350 sunt,
595 1272 712 1357 partim
735 1272 790 1354 ita,
814 1279 848 1339 ut
859 1272 928 1338 veri
950 1273 1056 1339 simile
1078 1275 1222 1341 dicerent

106 1399 208 1462 esse,
246 1380 335 1446 velut
368 1379 683 1465 Schleiermacher2)
717 1389 749 1447 et
770 1379 921 1467 Zeller³)‚
955 1383 1073 1467 partim
1094 1383 1155 1461 ita,
1189 1392 1224 1451 ut

105 1509 172 1572 pro
199 1497 289 1556 certo
319 1489 538 1574 adfirmarent,
561 1491 828 1570 quemadmodum
850 1492 989 1558 Brandis
997 1495 1025 1574 ⁴)
1047 1499 1080 1558 et
1099 1494 1219 1560 Ueber·

106 1599 235 1684 wcg5).
276 1601 383 1683 Negat
409 1608 506 1684 atque
528 1599 667 1685 quidem,
695 1608 730 1667 ut
751 1602 842 1681 solet,
866 1603 976 1688 paullo
1000 1601 1220 1678 confidentius,

108 1709 393 1790 Teichmdller⁶);
425 1731 535 1777 verum
558 1713 591 1776 in
614 1711 728 1778 eodem
756 1711 871 1792 lihrol)
901 1711 1093 1778 sententiam
1122 1719 1224 1779 mutat

109 1825 217 1902 atque
240 1820 325 1903 quod
347 1828 444 1888 antea
465 1821 609 1905 negavit,
629 1841 693 1887 non
716 1823 821 1888 minus
844 1819 1040 1887 confidenter
1064 1821 1221 1888 adfirmat.

110 1929 237 1995 Neutri
259 1950 335 1996 vero
358 1930 554 2014 argumentis
577 1929 702 1996 idoneis
725 1931 919 1996 sententiam
943 1930 1167 2014 probaverunt.

223 2038 313 2117 Quae
336 2060 407 2105 eum
429 2039 475 2105 ita
496 2040 569 2118 sint,
593 2059 644 2106 res
663 2040 772 2123 paullo
795 2037 977 2104 accuratius
999 2038 1127 2104 videtur
1148 2057 1222 2104 exa·

112 2147 277 2214 minanda
295 2169 375 2228 esse,
399 2149 550 2232 qnoniam
573 2156 613 2232 ct,
635 2155 671 2214 ut
691 2148 874 2214 Aristotelis
898 2148 1005 2214 verbis
1029 2155 1109 2230 utar,
1134 2141 1223 2231 ,ἔχει

114 2255 323 2343 φιλοσοφίαν
344 2250 364 2341 ἡ
388 2254 535 2341 oasam,
558 2264 598 2339 ot,
622 2258 769 2341 quamvis
787 2277 888 2341 parva
902 2255 1052 2322 videatur
1070 2277 1109 2322 ac
1131 2255 1222 2340 levis,

114 2374 228 2434 tamen
249 2368 359 2452 magni
382 2374 430 2432 est
450 2369 612 2433 momenti.
656 2369 804 2450 Namque
825 2387 896 2432 cum
919 2365 1022 2432 omnis
1045 2364 1222 2451 appellatio

116 2475 279 2542 iudicium
300 2475 462 2560 quoddam
477 2475 639 2542 contineat
663 2475 703 2542 de
725 2475 798 2561 ipsa
819 2475 889 2556 eius
912 2476 969 2554 rei,
992 2494 1075 2558 quae
1094 2475 1222 2540 nomine

118 2586 261 2669 quodam
276 2586 465 2669 appellatur,
489 2592 656 2651 natureae
671 2585 877 2670 proprietate,
902 2591 1151 2651 consentaneum
1163 2589 1221 2661 est,

117 2714 208 2779 eum,
240 2695 296 2778 qui
325 2695 446 2780 primus
474 2694 509 2759 in
539 2693 651 2778 aliqua
679 2693 854 2778 disciplina
879 2693 926 2759 rei
957 2693 1090 2758 cuidam
1107 2712 1222 2758 nomen

119 2803 321 2889 imposuerit,
353 2824 415 2887 quo
444 2801 525 2870 haee
555 2803 731 2888 disciplina
756 2803 822 2868 iam
855 2811 890 2869 ut
921 2823 979 2869 suo
1019 2822 1057 2867 ac
1089 2800 1220 2886 proprio

119 2921 240 2993 utatur,
263 2913 398 2996 primum
422 2915 520 2979 ctiam
543 2912 638 2978 huius
660 2913 708 2978 rei
730 2912 892 2978 notionem
905 2913 990 2978 clare
1013 2931 1052 2976 ac
1073 2910 1222 2976 distinete

120 3030 310 3108 conceptam
332 3022 498 3102 habuisse3
531 3022 670 3089 nominis
701 3023 801 3106 igitur
828 3021 933 3105 prima
962 3019 1127 3105 impositio
1150 3039 1222 3086 cum
1335 3077 1337 3085 ,

120 3133 210 3198 clara
240 3132 380 3198 notionis
412 3131 621 3217 conceptione
650 3131 820 3196 coniuncta
834 3136 906 3223 ¹est.
947 3129 1053 3212 Atque
1075 3128 1159 3193 hauc
1181 3125 1222 3193 oh

120 3261 271 3308 caussam
293 3260 364 3306 cum
387 3240 421 3305 in
443 3241 638 3324 reliquarum
658 3237 908 3325 disciplinarum
933 3245 1000 3303 tum
1023 3238 1056 3301 in
1079 3235 1221 3320 philoso-

111 3351 217 3430 ¹phiae
249 3350 386 3416 historia
422 3351 595 3434 plurimum
626 3351 759 3416 interest
789 3348 886 3432 scite,
924 3346 996 3431 quis
1029 3346 1221 3412 vocabulum

120 3459 284 3543 quoddam
295 3467 407 3544 postea
421 3460 574 3526 usitatum
592 3461 714 3543 primus
730 3456 953 3537 introduxerit,
974 3456 1125 3540 quoniam
1146 3454 1223 3521 inde

225 3647 250 3714 l)
270 3645 346 3700 Tem.
367 3645 388 3710 1,
407 3664 434 3715 p.
454 3648 514 3700 481.

219 3745 248 3812 2)
270 3742 377 3809 Werke,
396 3761 446 3796 zur
464 3741 641 3812 Philosophia
660 3741 706 3810 lv,
728 3745 751 3794 l.
772 3758 796 3810 p.
818 3743 860 3794 31.

221 3840 249 3908 3)
268 3837 432 3894 Geschichte
451 3839 501 3894 der
519 3839 629 3894 Grieeh.
647 3837 749 3892 Philas.
769 3839 789 3902 l,
809 3856 835 3908 p.
857 3839 917 3902 193,
936 3837 995 3891 edit
1014 3840 1038 3890 3.

221 3936 250 4006 4)
269 3935 427 3992 Handbueh
445 3935 495 3990 der
514 3935 623 3991 Grieoh.
641 3933 699 3989 und
715 3933 794 3990 uem.
814 3933 916 3988 Philos.
936 3934 957 4001 1,
976 3951 1003 4003 p.
1025 3935 1083 3987 127.

223 4033 253 4102 5)
274 4031 427 4086 Grandi-iss
447 4032 496 4086 der
515 4031 681 4086 Geschichte
699 4031 748 4086 der
766 4031 869 4085 Philos.
893 4018 914 4099 Ι,
933 4031 957 4098 θ.
979 4033 1020 4084 13.
1149 4023 1150 4026 ’

222 4129 251 4200 6)
270 4129 385 4184 Studien
404 4148 454 4184 zur
473 4129 639 4185 Geschichte
659 4129 709 4184 der
726 4128 856 4201 Begriffe,
876 4147 902 4198 p.
921 4131 963 4184 48.

221 4228 248 4296 7)
267 4227 336 4282 lbid.
356 4244 382 4296 p.
404 4229 457 4282 560
476 4245 516 4297 sq.
