2864 4904
798 365 832 426 ,70

262 554 376 605 versus
397 537 507 604 subtili
531 538 777 604 ratiocinatione
800 537 993 620 generaliter
1008 536 1215 618 demonstrat,
1239 537 1347 600 nullon

263 649 393 736 omnino
415 667 487 714 esse
510 668 605 731 posse
617 667 733 732 eorpus
755 647 882 726 sensile,
909 645 996 729 quod
1012 647 1055 712 sit
1070 645 1243 723 infinitum
1266 652 1348 727 atquo

265 757 299 822 in
332 756 394 824 hae
422 756 706 830 demonstratione,
739 777 836 839 quam
858 757 1039 822 aoouratius
1071 775 1233 838 exponere
1266 755 1348 820 huius

264 865 327 932 looi
342 886 406 932 non
428 871 487 948 est,
510 865 633 950 pariter
662 864 726 930 duo
752 866 808 930 illa
836 864 1042 949 physicorum
1065 884 1186 946 genera
1207 871 1349 930 memorat

265 975 387 1058 dioens,
408 975 442 1040 id
462 996 559 1040 unum
581 995 706 1058 eorpus,
734 975 821 1058 quod
847 974 1003 1040 infinitum
1025 973 1077 1052 sit,
1100 995 1120 1038 a
1142 974 1230 1040 nullo
1252 974 1347 1058 physi-

265 1105 376 1151 oomm
388 1086 495 1168 ignem
507 1084 584 1168 poni
595 1090 652 1150 aut
664 1091 792 1166 terram,
808 1084 866 1150 sed
881 1086 983 1150 solum
999 1090 1055 1150 aut
1067 1104 1185 1166 aquam
1197 1091 1229 1151 et
1242 1104 1347 1166 aerem,

265 1201 322 1261 aut
343 1215 484 1278 eorpus
506 1196 606 1260 inter
633 1192 730 1258 haee
751 1193 913 1260 medium
936 1187 986 1271 (τὸ
1009 1191 1110 1274 μέσον
1131 1183 1251 1276 αὐτῶν)
1262 1195 1293 1272 ¹).

366 1305 416 1368 Ex
438 1302 527 1369 hisee
537 1302 618 1369 loeis
640 1305 867 1387 inpraesentia
882 1303 962 1369 haee
985 1305 1147 1386 sumimus,
1170 1302 1211 1370 de
1225 1302 1349 1385 aliispo

267 1419 336 1479 stea
351 1412 478 1479 dioturi:
503 1412 689 1478 Aristoteles
703 1411 879 1478 innumero
896 1432 1016 1492 eorum,
1041 1414 1095 1493 qui
1111 1431 1208 1478 unum
1225 1412 1349 1475 omnium

158 1611 162 1618 ι
265 1518 372 1588 rerum
393 1521 586 1607 principium
606 1527 704 1604 atque
723 1521 900 1604 liquidem
922 1541 1111 1606 corporeum
1126 1527 1254 1605 ponant,
1275 1516 1349 1602 quod

266 1632 412 1698 omnibus
435 1632 532 1697 rebus
547 1632 725 1697 subiectum
747 1631 790 1696 sit
805 1651 923 1714 easque
946 1632 1053 1716 ipsum
1075 1651 1117 1696 ex
1140 1649 1212 1696 sese
1223 1631 1348 1712 generet,

265 1740 423 1822 quosdam
438 1741 537 1806 refert
552 1739 768 1824 philosophos,
792 1738 946 1822 qui-illud
963 1761 1061 1805 unum
1082 1740 1271 1824 principium
1290 1757 1348 1802 eor-

269 1869 401 1934 poreum
431 1870 495 1916 non
524 1870 622 1915 unum
656 1870 697 1916 ex
719 1849 885 1914 elementis
908 1869 980 1914 esse
1003 1851 1111 1932 velint,
1137 1849 1196 1916 sed
1216 1855 1346 1915 naturam
1400 1915 1402 1922 ,

267 1959 431 2040 quandam
452 1957 494 2025 ab
515 1959 681 2024 elementis
705 1957 864 2024 diversam
887 1956 1031 2041 haecque
1052 1960 1125 2042 ipsa
1155 1979 1195 2024 ex
1218 1976 1347 2039 sesego
1409 1987 1410 1998 ³

267 2074 443 2133 neranlem.
486 2069 579 2134 Hane
611 2076 759 2135 naturam
784 2074 949 2152 eomparat
981 2067 1111 2151 quidem
1133 2071 1268 2134 maxime
1287 2085 1348 2132 oum

266 2179 411 2259 materia,
441 2177 499 2244 sed
520 2179 614 2244 simul
647 2178 744 2243 etiam
766 2176 1009 2243 aoouratissime
1041 2178 1083 2243 ab
1117 2198 1157 2243 ea
1190 2176 1348 2259 distinguit.

267 2287 416 2369 Namque
436 2273 579 2371 pluribus
600 2287 682 2352 loois
706 2307 778 2352 eam
800 2293 911 2371 aperte
934 2286 1077 2370 appellat
1099 2307 1238 2370 eorpus
1257 2292 1287 2352 et
1304 2305 1348 2350 ao·

268 2398 408 2463 curatius
440 2398 536 2462 etiam
561 2416 698 2480 eorpus
731 2398 878 2462 sensile
907 2401 939 2462 et
967 2415 1106 2479 eorpus
1127 2417 1198 2480 per
1220 2416 1257 2462 se
1277 2413 1349 2460 eon·
1409 2419 1410 2424 ¹

268 2513 375 2572 stans
398 2506 509 2588 (σῶμα
530 2500 693 2590 αἰσθητὸν
705 2503 760 2570 καὶ
774 2497 960 2587 χωριστόν),
983 2511 1021 2571 et·
1039 2506 1185 2600 omuibus
1200 2505 1275 2570 loeis
1295 2520 1349 2580 eos,

268 2617 324 2697 qui
349 2615 434 2680 hane
460 2621 606 2680 naturam
629 2636 726 2680 unum
758 2616 899 2681 omnium
935 2634 1046 2680 verum
1080 2613 1267 2698 prinoipium
1290 2628 1350 2676 esse

267 2725 377 2806 velint,
399 2725 444 2789 ita
456 2727 620 2808 coniungit
644 2745 716 2790 oum
731 2725 782 2806 iis,
806 2726 859 2806 qui
873 2745 972 2789 unum
994 2744 1035 2790 ex
1050 2726 1226 2804 elementis,
1248 2739 1348 2804 aquam
1409 2809 1410 2818 ἵ

268 2837 324 2897 aut
347 2851 454 2897 aerem
477 2839 533 2897 aut
553 2834 660 2914 ignem
688 2838 821 2915 ponant,
854 2838 888 2897 ut
921 2831 1001 2898 haee
1037 2831 1100 2924 duo
1134 2831 1221 2897 dieat
1249 2847 1350 2914 genera
1409 2843 1410 2864 ³

268 2962 388 3025 eorum,
416 2944 470 3025 qui
491 2963 589 3007 unum
612 2963 718 3008 rerum
741 2943 933 3025 principium
964 2947 1061 3024 atque
1088 2940 1122 3006 id
1150 2940 1274 3022 quidem
1295 2957 1349 3002 oor-
1409 2967 1410 2976 2

267 3071 400 3134 pereum
423 3053 579 3118 statuant:
607 3057 641 3116 ut
666 3053 737 3134 ipso
760 3049 988 3133 disputationis
1011 3052 1100 3115 initio
1123 3049 1267 3115 diximus.
1305 3042 1346 3110 td
1409 3051 1410 3108 1

269 3157 448 3247 hanovere
471 3159 715 3243 significandam
737 3164 884 3224 naturam
906 3157 1041 3224 diversis
1070 3159 1168 3226 utitur
1189 3155 1349 3230 vocabulis,

270 3272 337 3332 tum
360 3269 444 3333 enim
467 3270 653 3351 simpliciter
674 3268 752 3335 dieit
771 3259 903 3349 ‘trapis
924 3290 956 3332 rr
977 3268 1044 3330 τῶν
1060 3258 1290 3346 στοιχείων”),
1309 3261 1349 3327 vel
1409 3261 1410 3264 ’

270 3487 377 3552 volunt,
396 3503 446 3540 sua
465 3486 553 3555 ipsius
572 3486 708 3556 qualitate
727 3487 798 3541 nulli
817 3487 1018 3542 elementorum
1042 3485 1173 3556 qualitati
1198 3483 1350 3541 eontrarium

272 3586 315 3637 est
333 3587 362 3637 et
380 3581 452 3637 hano
469 3583 506 3637 ob
525 3600 649 3638 oaussam
667 3601 724 3638 non
747 3602 781 3639 ex
807 3602 856 3640 sua
876 3584 1013 3653 qualitate
1040 3583 1070 3638 in
1093 3583 1256 3652 qualitatem
1276 3579 1349 3635 ouius·

270 3678 504 3748 quamelementi
522 3681 634 3750 transit,
654 3681 702 3736 sed
720 3681 875 3736 neeessario
894 3681 970 3736 omni
991 3681 1159 3750 qualitatum
1177 3675 1349 3735 vicissitudine

270 3779 357 3832 earet.
1014 3775 1018 3781 ’
1266 3829 1269 3834 Δ

372 3873 398 3940 1)
415 3871 487 3927 Ibid.
505 3875 573 3928 205⁵
586 3875 634 3928 253
661 3877 723 3942 „xul
742 3869 788 3927 διὰ
806 3874 876 3928 τοῦτ’
901 3870 991 3933 οὐδεὶς
1008 3870 1040 3928 τὸ
1062 3873 1094 3928 ἓν
1117 3877 1163 3928 καὶ
1181 3868 1291 3943 ἄπειρον
1306 3867 1349 3934 πῦρ

271 3967 401 4034 ἐποίησεν
419 3964 484 4022 οὐδὲ
502 3970 555 4040 γῆν
569 3971 625 4024 τῶν
642 3963 827 4041 φυσιολόγων,
845 3967 902 4024 ἀλλ’
922 3963 938 4037 ἢ
958 3965 1031 4040 ὕδωρ
1050 3963 1066 4037 ἣ
1084 3966 1162 4041 ἀέρα,
1179 3964 1196 4038 ἢ
1214 3967 1247 4024 τὸ
1259 3970 1349 4040 pstor

271 4059 405 4119 aarum

369 4161 719 4234 2)Phys.1,6.189b5.
748 4165 799 4234 ΠΙ,
817 4166 843 4220 5.
864 4163 999 4232 toabam
1028 4163 1091 4218 vid.
1111 4181 1139 4234 p.
1167 4165 1204 4218 64
1228 4165 1282 4217 not.
1299 4157 1350 4211 ao

270 4273 299 4326 p.
316 4258 352 4312 68
369 4263 428 4314 not.
446 4261 472 4314 3.
