2864 4904
634 368 685 420 156

68 536 260 618 =rationem
282 537 422 603 nondum
446 537 625 622 ignorabat,
658 559 758 624 supra
779 542 920 609 vidimus
944 563 1007 609 uno
1028 545 1109 626 loco,
1139 566 1203 627 quo
1287 543 1289 548 ’

77 642 124 708 de
161 647 267 710 unius
294 645 526 712 Anaximandri
561 648 720 732 principio
754 651 807 732 agi
842 649 906 715 iam
941 651 1141 719 ostendimus
1171 661 1204 720 et

76 759 211 837 postea
247 756 427 822 accuratius
449 757 546 822 etiam
575 756 791 842 ostendemus,
824 758 863 824 τὸ
886 759 976 842 παρὰ
995 755 1035 823 τὰ
1056 765 1203 842 occupatu

77 863 192 930 modo
209 862 404 930 disiunctivo
420 864 555 932 delinire
572 864 689 947 ‘pe'ucv
699 889 730 930 τι
746 858 843 949 ἀέρος
857 866 912 932 καὶ
925 861 1043 946 ὕδατος
1065 863 1086 956 ἢ
1107 861 1202 954 ἀέρος

78 971 140 1038 καὶ
168 965 311 1055 πυρός’.

195 1081 324 1161 Quodsi
347 1084 446 1167 igitur
467 1083 667 1169 Philoponus
692 1084 891 1152 disiunctiva
917 1087 975 1152 illa
996 1087 1203 1173 significandi

79 1193 226 1260 ratione
250 1192 410 1276 quandam
432 1194 537 1279 ipsius
548 1195 782 1262 Anaximandri
804 1197 957 1281 principii
973 1199 1201 1282 proprietatem

81 1324 151 1370 nec
178 1323 260 1370 vcro
296 1302 455 1386 quandam
489 1322 567 1370 suae
593 1305 789 1387 cognitionis
819 1305 1081 1373 incertitudinem
1104 1308 1201 1392 signi-

79 1413 180 1493 ficat,
207 1419 455 1480 consectaneum
478 1415 538 1492 est,
557 1421 592 1481 ut
613 1420 670 1480 aut
690 1414 761 1498 ipse
783 1420 839 1480 ant
860 1421 947 1482 certe
968 1414 1007 1491 is,
1026 1405 1130 1499 ¹quem
1153 1437 1201 1482 se-

82 1523 269 1606 quebatur,
289 1523 322 1588 in
344 1523 417 1607 ipsa
439 1524 671 1590 Anaximandri
689 1525 784 1591 huius
807 1524 962 1610 principii
974 1523 1201 1592 informatione

82 1632 227 1717 aliquid
260 1632 391 1698 sciverit
413 1634 529 1712 inesse,
562 1640 694 1718 propter
725 1634 810 1718 quod
842 1634 914 1719 pari
946 1633 1015 1700 iure
1048 1640 1080 1700 et
1118 1635 1201 1702 inter

82 1763 207 1810 aerem
232 1749 264 1808 et
285 1761 404 1825 aquam
431 1749 464 1809 et
488 1742 572 1810 inter
594 1763 701 1810 aerem
733 1751 766 1810 et
790 1742 898 1828 ignem
926 1749 1037 1827 posset
1058 1743 1200 1810 medium

83 1852 172 1920 diei.
220 1851 315 1930 Quod
336 1852 416 1935 quid
428 1852 535 1937 luerit,
558 1872 752 1936 quamquam
773 1872 837 1920 non
852 1854 988 1920 relatum
1011 1859 1070 1936 est,
1092 1859 1200 1920 tamen

83 1961 350 2030 ratiocinatione
383 1963 545 2047 probabili
581 1963 710 2030 videtur
742 1962 888 2046 intellegi
921 1982 1027 2046 posse.
1071 1963 1199 2030 Etenim

85 2075 115 2140 si
139 2071 391 2138 Anaximander
412 2092 526 2139 revera
539 2065 732 2157 principium
743 2073 850 2139 rebus
867 2071 1045 2140 subiectum
1060 2072 1199 2140 medium

86 2203 169 2250 esse
192 2183 296 2249 voluit
318 2183 401 2248 inter
423 2183 581 2250 elementa
603 2203 644 2249 ex
667 2184 739 2268 ipso
762 2188 841 2264 orta,
871 2202 943 2249 cum
965 2182 1106 2249 medinm
1128 2203 1200 2268 pro-

85 2295 248 2378 prienen
263 2292 327 2357 nisi
342 2292 427 2358 inter
441 2292 504 2358 duo
518 2292 569 2374 sit,
587 2293 658 2359 sine
671 2292 771 2359 dubio
786 2291 888 2358 inter
910 2290 982 2358 duo
1004 2292 1200 2359 clementa

86 2402 210 2487 posuit
234 2399 388 2483 medium;
416 2407 515 2482 atque
546 2403 572 2466 si
604 2402 688 2468 inter
721 2400 785 2468 duo
812 2398 953 2468 medium
983 2402 1100 2485 posuit,
1129 2403 1199 2470 sine

86 2510 197 2578 dubio
222 2508 377 2576 omnino
398 2509 471 2575 dno
493 2511 614 2575 solum
630 2510 820 2576 elementa
842 2511 996 2594 statuit,
1016 2531 1057 2578 ea
1075 2511 1201 2577 scilicet

88 2620 161 2686 dno
186 2637 332 2702 corpora,
357 2619 441 2685 inter
463 2637 546 2702 qnae
562 2618 758 2703 principium
784 2626 872 2685 esset
894 2619 1035 2686 medium
1051 2638 1199 2704 quaeque

88 2729 205 2815 prima
229 2747 269 2794 cx
291 2747 330 2794 eo
352 2734 461 2795 essent
483 2733 624 2804 secreta3
650 2747 789 2811 namque
816 2735 967 2811 quattuor
989 2730 1114 2795 illorum
1134 2729 1198 2795 ele·

89 2844 278 2904 mentorum
301 2836 413 2921 opinio
436 2837 492 2903 illo
515 2843 659 2921 tempore
680 2837 821 2903 nondum
844 2836 1026 2904 invaluerat
1034 2840 1066 2916 ¹).
1109 2837 1199 2903 Haec

90 2969 173 3016 vero
197 2945 262 3012 dno
277 2947 436 3013 elementa
456 2965 520 3012 non
531 2946 699 3030 probabile
721 2953 853 3012 osteum
865 2944 989 3012 dnobus
1005 2944 1198 3029 quibusdam

90 3062 251 3141 quattuor
284 3057 410 3121 illorum
441 3057 669 3122 elementorum
703 3057 799 3138 plane
824 3056 1027 3132 convenisse;
1061 3074 1135 3120 nam
1169 3055 1197 3120 si

92 3165 336 3245 convenissent,
358 3165 416 3230 illa
431 3164 571 3248 duplicis
584 3165 681 3232 medii
699 3164 808 3250 opinio
820 3164 949 3231 omnino
960 3183 1024 3232 non
1040 3165 1199 3249 potuisset

92 3275 188 3358 oriri;
213 3273 272 3340 sed
293 3273 462 3358 probabile
485 3274 603 3358 potius,
625 3274 727 3340 fuisse
750 3272 813 3339 duo
835 3271 994 3357 quaedam
1015 3273 1198 3357 aliaprima

93 3403 245 3469 corpora,
268 3383 367 3450 veluti
384 3383 587 3450 materiam
608 3383 795 3467 frigidam
824 3389 856 3450 et
882 3383 1082 3448 materiam
1104 3383 1197 3448 oali·

94 3495 194 3573 dam,
219 3492 259 3558 de
281 3512 346 3577 qua
367 3513 401 3560 re
423 3495 489 3564 alio
512 3495 583 3560 loco
605 3493 789 3560 accuratius
811 3492 945 3559 dicetur.
989 3492 1097 3571 Quare
1117 3492 1198 3560 haec

95 3603 163 3670 duo
185 3603 355 3682 elementa,
383 3622 578 3686 quamquam
605 3623 639 3670 re
664 3608 751 3670 certe
780 3607 930 3685 quattuor
962 3601 1018 3667 illa
1039 3602 1198 3667 elementa

96 3712 317 3794 continebant,
339 3717 445 3777 tamen
468 3712 510 3777 ad
532 3711 613 3778 haec
639 3713 686 3778 ita
712 3732 747 3778 sc
770 3710 940 3790 habebant,
973 3714 1009 3776 ut
1041 3707 1197 3775 incertum

96 3820 277 3906 videretur,
308 3828 413 3889 utrum
441 3824 543 3889 altero
564 3823 732 3905 elemento,
766 3821 866 3887 veluti
900 3820 1037 3886 materia
1069 3817 1197 3902 frigida,

99 3951 188 4016 aqua
210 3952 282 3998 curn
306 3939 401 4015 terra,
424 3933 534 4016 altero,
556 3929 933 4016 velutimateriacalida,
955 3949 1095 3996 aereum
1111 3929 1196 4012 igne,

100 4085 299 4092 ——-----

202 4167 228 4239 l)
244 4167 319 4224 Ante
336 4167 535 4238 Empedoclem
554 4167 603 4222 alii
622 4167 678 4222 alio
689 4168 1016 4223 elementorumnumero
1034 4162 1198 4234 utebantur,

100 4265 178 4321 velut
198 4265 378 4321 Parmenides
396 4265 461 4333 dno,
479 4265 638 4321 Heraclitus
657 4268 751 4319 autom
770 4264 826 4320 tria
844 4262 975 4333 ponebat.
1146 4265 1149 4270 '
