2864 4910
623 391 675 444 406

84 563 154 628 ubi
180 563 323 628 maxima
343 566 478 630 naturae
501 561 663 628 humidae
676 563 772 646 copia
793 563 836 628 sit
854 560 946 644 (περὶ
966 565 1067 630 ταῦτα
1089 587 1208 647 τρεπο-

85 669 221 752 μένων,
247 665 332 736 doda
355 720 362 736 .
386 669 435 754 .¹),
469 677 629 756 propter
658 673 764 756 ipsos
796 672 917 738 huius
950 681 1114 740 naturae
1147 695 1209 740 va-

87 801 227 865 pores
249 780 447 866 putandae
480 781 559 846 sint
586 781 871 848 conversiones
904 779 1071 849 facere.“
1116 782 1209 850 Hanc

87 898 213 958 autem
235 890 444 975 posteriorem
464 891 528 956 loci
549 896 673 973 partem
706 891 734 956 si
766 890 801 956 in
828 892 987 956 elementa
1007 892 1209 975 resolvimus,

88 1000 186 1066 haec
208 998 346 1065 efficitur
367 998 543 1066 sententia:
569 1000 662 1082 ,illos
677 999 841 1083 physicos,
865 1019 903 1065 ac
914 999 1053 1083 primum
1076 998 1208 1082 quidem

89 1107 392 1191 Anaximandrum,
414 1107 767 1190 animadvertisse,
800 1106 879 1173 solis
900 1113 934 1173 et
956 1108 1053 1174 lunae
1076 1128 1208 1176 conver-

90 1218 215 1284 siones
249 1217 431 1284 asolstitio
463 1217 504 1283 ad
539 1217 684 1282 brumam
710 1237 731 1282 a
760 1217 936 1298 brumaque
964 1217 1007 1283 ad
1036 1219 1207 1284 solstitium

90 1329 192 1394 circa
214 1347 253 1394 ea
275 1327 357 1392 coeli
378 1328 451 1393 loca
465 1325 544 1403 lieri,
569 1347 655 1409 quae
678 1327 841 1409 eregione
857 1333 966 1393 essent
979 1333 1206 1394 eorumterrae

91 1438 258 1520 locorum,
280 1456 364 1519 quae
387 1437 527 1501 omnium
551 1437 690 1502 maxime
713 1456 846 1519 aquosa,
868 1436 964 1504 idest
979 1437 1061 1502 mari
1083 1439 1209 1521 repleta

92 1551 224 1629 essent,
246 1550 278 1611 et
300 1546 375 1612 inde
396 1545 659 1629 conclusisse,
690 1547 762 1612 illas
796 1547 873 1612 solis
903 1553 935 1612 et
957 1547 1053 1612 lunae
1077 1566 1208 1612 conver·

93 1654 211 1720 siones
234 1654 321 1721 effici
342 1656 458 1740 ventis,
480 1654 535 1738 qui
558 1654 637 1721 solis
659 1655 776 1722 effectu
799 1676 816 1722 e
839 1657 939 1722 maris
954 1655 1207 1739 vaporibuscri·

93 1762 246 1829 rentur“.

205 1873 274 1940 Iam
305 1874 405 1958 igitur
433 1894 474 1939 ex
502 1873 564 1939 hoc
590 1876 662 1941 loco
684 1874 822 1958 primum
858 1874 1040 1940 clarissime
1062 1880 1208 1957 apparet,

94 1976 232 2062 τροπὰς
264 1982 497 2066 intellegendas
529 2003 601 2048 esse
634 1983 710 2048 solis
745 1988 777 2048 et
809 1983 905 2048 lunae
938 1982 1208 2050 conversionesa

97 2092 242 2157 solstitio
265 2090 308 2158 ad
330 2093 474 2158 brumam
496 2113 516 2158 a
537 2092 714 2176 brumaque
736 2091 779 2157 ad
799 2092 981 2158 solstitium.
1026 2090 1110 2157 Nam
1133 2112 1206 2158 con-

95 2201 270 2266 versiones
294 2197 457 2264 stellarum
481 2201 649 2283 ipsiusque
672 2198 756 2265 coeli
778 2198 866 2265 circa
886 2198 1000 2265 mundi
1019 2219 1113 2265 axem
1136 2200 1206 2267 sive

97 2310 192 2374 circa
211 2308 495 2374 terramnonfiunt
516 2308 621 2374 circa
641 2309 729 2374 loca
749 2327 846 2393 prae
872 2310 1033 2374 ceteris
1049 2329 1206 2392 aquosa.

98 2419 232 2486 Deinde
254 2439 295 2484 cx
328 2436 366 2484 eo
393 2437 457 2484 non
482 2420 586 2484 solum
613 2417 820 2502 intellegitur,
845 2417 1122 2484 Anaximandrum
1144 2419 1206 2485 soli

98 2534 134 2594 et
155 2529 252 2593 lunae
275 2529 516 2595 conversionem
539 2548 597 2611 per
610 2527 764 2593 circulum
782 2527 966 2611 eclipticum
979 2527 1131 2594 tribuisse
1144 2533 1207 2594 eta

99 2657 169 2720 qua
181 2655 297 2702 caussa
308 2636 392 2702 hanc
403 2627 644 2703 conversionem
652 2636 829 2721 repetierit,
842 2656 951 2702 verum
965 2637 1072 2719 etiam,
1085 2657 1207 2720 quara·

99 2746 244 2813 tionead
256 2745 339 2811 hane
350 2767 498 2812 caussam
512 2746 715 2813 statuendam
727 2745 878 2812 inductus
890 2747 941 2812 sit.
965 2746 1030 2812 Sed
1041 2767 1082 2812 ex
1094 2745 1206 2812 ecdem

98 2856 174 2922 loco
196 2855 295 2922 etiam
318 2861 387 2920 tota
397 2855 632 2922 Anaximandri
645 2857 804 2921 sententia
826 2855 873 2920 ita
888 2861 993 2938 potest
1008 2856 1204 2939 cogitatione

101 2967 281 3045 informari,
305 2973 340 3032 ut
361 2967 441 3052 ipsis
464 2966 613 3032 sensibus
633 2966 782 3032 videatur
804 2965 908 3031 subici
931 2985 1037 3048 posse,
1060 2967 1088 3030 si
1108 2971 1206 3032 antea

100 3097 200 3143 unam
224 3077 321 3142 etiam
344 3095 410 3142 rem
432 3075 714 3159 explicaverimus.
919 3141 922 3158 Ι

203 3184 360 3264 Vidimus,
385 3184 617 3250 Anaximandri
649 3185 810 3251 sententia
843 3185 920 3250 solis
952 3190 984 3251 et
1012 3185 1109 3250 lunae
1132 3205 1205 3250 con-

100 3298 269 3364 versiones
291 3316 312 3360 a
333 3296 473 3361 solstitio
492 3296 535 3360 ad
557 3296 702 3361 brumam
725 3316 746 3359 a
767 3295 945 3378 brumaque
967 3294 1011 3360 ad
1030 3293 1204 3360 solstitium

100 3406 220 3472 talibus
242 3403 313 3470 fieri
335 3405 415 3470 coeli
437 3403 528 3485 locis,
561 3423 579 3468 e
601 3423 736 3487 quorum
767 3402 899 3488 regione
928 3403 962 3467 in
989 3409 1074 3470 terra
1096 3409 1204 3468 essent

100 3517 175 3581 loca
205 3514 287 3579 mari
319 3513 451 3598 repleta.
497 3512 564 3578 Iam
600 3512 728 3578 illarum
752 3514 999 3578 conversionum
1031 3512 1096 3577 duo
1131 3520 1206 3578 sunt

101 3622 241 3698 termini,
275 3623 446 3688 circulus
469 3620 707 3687 solstitialis
741 3626 773 3686 et
803 3621 981 3687 circulus
1008 3620 1205 3686 brumalis.

101 3733 189 3799 Num
213 3732 311 3816 igitur
343 3732 468 3814 utrique
496 3731 615 3797 circulo
638 3729 834 3815 respondere
866 3730 967 3797 voluit
998 3736 1104 3796 terrae
1135 3731 1207 3795 lcca

205 4006 233 4073 1)
244 3997 333 4058 Ἔνθα
354 4005 463 4074 saepius
483 4004 656 4074 pronominis
683 4003 797 4058 relativi
824 4001 906 4056 modo
935 4002 970 4056 ad
996 4001 1204 4056 substantivum

101 4102 234 4158 refertur.
271 4101 409 4156 Usenerus
429 4101 588 4170 suspicatur
597 4100 747 4170 legendum
766 4116 824 4154 esse
843 4095 963 4163 “ἔνθεν’,
984 4099 1033 4153 scd
1051 4098 1204 4153 haemuta·

101 4201 179 4254 tione
199 4215 255 4252 non
273 4214 342 4266 opus
362 4203 411 4252 est.
448 4199 531 4267 ‘Hscl
548 4197 643 4250 ταῦτα’
664 4201 706 4251 est
724 4196 813 4251 ‘circa
831 4213 864 4250 ea
882 4195 955 4250 loca’
976 4195 1021 4250 vel
1040 4192 1071 4248 ‘e
1088 4195 1204 4266 regione

103 4313 200 4352 eorum
218 4295 365 4350 locorum’.
