2864 4910
732 371 785 424 892

204 541 308 606 circo
331 542 572 624 invisibilia,
607 545 645 608 in
677 543 817 625 quibus
840 545 984 610 stellae
1011 549 1204 625 tamquam
1236 563 1316 606 um-

203 650 323 715 bones
338 652 424 717 sive
439 652 572 718 bullae
588 646 704 734 (ἥλων
719 651 845 736 δίκην)
859 652 1008 718 infixae
1023 654 1192 734 essene).
1215 652 1317 716 Haec

203 758 303 842 igitur
315 779 450 845 corpora
461 760 651 842 invisibilia,
667 781 749 844 quae
766 761 877 826 stellas
892 761 1043 827 dicuntur
1054 768 1217 844 tamquam
1240 760 1314 824 bul-

203 869 251 934 las
271 869 387 936 infixas
408 869 528 935 habere
551 877 583 936 et
604 890 668 935 una
689 891 761 936 curu
785 871 824 936 iis
847 870 1058 952 circumferri,
1081 870 1157 953 quid
1170 876 1317 954 possunt

203 980 346 1062 intellegi
363 981 424 1044 nisi
440 980 554 1044 orbes
569 981 801 1044 annulorum
823 979 982 1060 similes,
1005 981 1197 1063 praesertim
1212 981 1244 1044 si
1257 999 1313 1043 re·

203 1095 362 1172 putamus,
386 1079 621 1154 Anaximenem
633 1109 704 1154 esse
721 1088 956 1154 Anaximandri
972 1087 1175 1171 discipulum,
1191 1087 1315 1172 sphae-

206 1218 312 1263 rarum
336 1205 444 1264 autem
469 1197 654 1282 opinionem
677 1199 819 1264 nondum
842 1198 1005 1264 inventam
1028 1197 1154 1264 fuisse?

304 1308 395 1372 Haec
426 1307 455 1372 si
487 1308 697 1390 probabiliter
726 1307 873 1372 videntur
902 1307 1067 1391 disputata
1098 1328 1181 1381 esse,
1215 1307 1315 1372 simi·

206 1417 247 1482 lis
270 1418 429 1482 sententia
453 1419 667 1498 Anaxagorae
697 1436 825 1500 quoque
858 1417 1027 1483 tribuenda
1057 1419 1126 1482 crit.
1170 1417 1252 1482 Nam
1281 1417 1314 1480 is

205 1545 333 1609 quoque
354 1525 494 1592 traditur
515 1525 674 1602 docuisse,
699 1547 763 1591 una
779 1547 851 1591 cum
874 1528 941 1592 sole
963 1531 996 1592 et
1017 1528 1095 1592 luna
1108 1525 1312 1592 circumferri

204 1633 391 1716 quaedam
423 1653 593 1717 corpora
630 1634 744 1700 nobis
779 1634 1060 1713 invisibilia2).
1125 1633 1193 1700 Sed
1225 1634 1312 1698 baec

204 1749 274 1808 utut
295 1763 331 1808 se
354 1742 473 1808 habent
498 1779 534 1789 -
557 1764 621 1810 non
644 1747 728 1810 enim
751 1745 994 1828 possunteertis
1009 1743 1210 1828 argumentis
1234 1764 1309 1828 pro-

209 1852 279 1917 bari
301 1889 341 1898 -
363 1853 447 1935 quae
467 1852 508 1918 de
524 1854 758 1919 Anaximandri
782 1854 943 1921 sententia
955 1853 1105 1933 diximus,
1126 1855 1225 1918 ctiam
1237 1851 1310 1918 siue

207 1961 257 2026 bis
281 1961 547 2028 similitudinibus
570 1964 650 2028 satis
673 1969 762 2029 certa
786 1972 869 2030 sunt.
903 2044 905 2048 Α

310 2071 337 2134 7.
381 2070 633 2148 Anaximander,
654 2079 689 2137 ut
711 2079 808 2142 autea
831 2074 895 2138 iam
910 2071 1173 2156 significavimus,
1198 2072 1309 2138 stellas

205 2177 302 2243 docet
325 2179 464 2244 diversis
492 2179 670 2245 intervallis
704 2201 725 2246 a
752 2187 838 2245 terra
860 2181 929 2247 sive
951 2201 971 2244 a
994 2181 1105 2247 mundi
1128 2189 1239 2246 centro
1261 2180 1309 2244 di-

207 2293 302 2368 stare,
337 2287 369 2352 in
400 2287 613 2372 dispositione
646 2297 753 2355 autem
777 2309 886 2356 eorum
921 2291 963 2356 ab
997 2291 1148 2375 opinione
1182 2291 1308 2372 volgari

209 2389 340 2454 omuino
363 2389 494 2456 recedit.
538 2390 621 2455 Nam
644 2410 707 2456 non
730 2391 769 2457 iis
794 2391 905 2474 stellis,
927 2411 1011 2474 quae
1035 2393 1069 2457 in
1092 2393 1182 2458 coelo
1198 2392 1308 2457 viden-

211 2502 263 2562 tur
282 2496 407 2564 defixae
430 2519 501 2565 esse
527 2506 559 2565 et
579 2500 661 2566 bane
683 2502 723 2565 ob
739 2521 894 2567 caussam.
904 2502 1083 2568 inerrantes
1098 2502 1310 2582 vocabantur,

311 2709 337 2777 1)
356 2708 469 2778 Hippoi.
488 2708 506 2762 l.
527 2709 544 2761 l.
569 2709 664 2764 statim
683 2715 747 2779 post
775 2711 860 2765 verbs
885 2711 913 2764 iu
937 2712 1031 2767 adnot.
1056 2713 1187 2782 proxima
1207 2714 1310 2768 allata:

176 2847 180 2853 .
205 2805 287 2860 ἐἶναι
309 2806 338 2857 δὲ
360 2809 406 2857 καὶ
423 2802 536 2874 γεώδεις
555 2799 652 2875 ηδαας
673 2809 703 2860 ἐν
723 2807 760 2876 τῷ
782 2802 859 2877 τόπῳ
878 2808 932 2861 τῶν
949 2804 1073 2878 ἀστέρων
1092 2814 1312 2880 συμφερομένας

207 2904 348 2956 ἐπίταττέ*
386 2901 462 2956 idem
482 2903 637 2955 accuratius
661 2903 782 2957 refertur
801 2904 956 2972 aStobaeo,
972 2905 993 2970 1,
1006 2907 1051 2973 24,
1069 2923 1097 2973 p.
1117 2907 1183 2959 510:
1205 2902 1311 2974 »Ἀνα-

205 3001 317 3067 ξιμένης
337 3002 453 3065 πυρίνην
470 2998 525 3069 μὲν
538 2994 586 3063 τὴν
605 2993 758 3069 φύσιντῶν
776 2995 907 3068 ἀστέρων,
926 3004 1059 3071 παρέχειν
1077 2999 1149 3071 (lege
1161 2995 1311 3072 ὑπάρχειν)

207 3095 362 3149 δέανακαὶ
380 3087 493 3162 γεώδη
513 3089 649 3164 σώματα
663 3089 1149 3168 σαμπερτφερόμενατοὺτοις,
1170 3092 1311 3166 δόρατα·

210 3185 281 3254 ἥλων
301 3190 332 3241 δὲ
352 3189 429 3256 δίκητ
449 3195 670 3259 καταπεπηγέναι
690 3191 722 3244 τὰ
745 3185 831 3261 ἄστρα
859 3193 902 3262 τῷ
925 3194 1230 3262 κρυσταλλοειδεῖ.“
1269 3192 1311 3248 Τὸ

210 3287 430 3355 κρασταλλοετδδς
451 3287 525 3341 idem
545 3293 587 3342 esi
605 3293 689 3357 utque
707 3290 757 3344 illa
774 3285 885 3359 γεώδη
905 3285 1042 3362 σώματα
1065 3285 1193 3360 τίόραια
1223 3298 1306 3348 antea

207 3364 364 3450 nominata,
383 3402 449 3438 nam
460 3386 599 3453 posterior
619 3386 673 3440 loci
686 3403 752 3456 pars
763 3391 859 3456 aperte
869 3387 971 3456 prioris
981 3387 1133 3456 explicatio
1155 3394 1207 3442 est
1227 3388 1308 3457 Quod

208 3479 266 3534 illic
286 3480 418 3534 dicuntur
435 3500 491 3535 uns
511 3499 573 3536 cum
587 3483 674 3536 stellis
694 3500 838 3552 corpora
857 3483 1021 3552 quaedam
1040 3484 1309 3540 invisibiliacir·

207 3576 350 3646 cumferri‚
368 3577 397 3631 id
417 3578 469 3633 hoe
489 3579 550 3633 loco
569 3597 601 3633 eo
621 3580 785 3648 explicatur,
804 3580 879 3649 quod
898 3580 995 3635 stellae
1019 3581 1215 3651 incorpore
1238 3600 1307 3652 ery-

207 3675 350 3729 stallino
370 3681 400 3730 et
417 3676 504 3731 hune
522 3676 562 3730 ob
582 3694 737 3732 caussam
755 3678 942 3748 perlucido
962 3677 1094 3734 dicuntur
1120 3677 1225 3733 infixae
1242 3697 1309 3734 esse.

200 3766 278 3828 “Hier
305 3771 358 3827 hoc
379 3773 440 3827 loco
458 3791 515 3827 non
534 3778 600 3829 sunt
618 3774 698 3840 clavi,
726 3774 826 3844 quibus
850 3775 956 3844 aliquid
975 3774 1116 3845 defigitur,
1141 3775 1190 3830 sed
1214 3776 1308 3845 potius

207 3867 369 3922 umbones
388 3870 460 3924 sive
478 3869 602 3940 bullae,
627 3871 722 3941 quales
745 3872 773 3925 in
791 3872 907 3942 poculis,
931 3872 1057 3941 sceptris,
1080 3871 1239 3943 gladiorum
1258 3891 1309 3927 vu·

206 3965 280 4035 ginis
298 3970 460 4035 cernuntur,
479 3968 528 4037 qui
546 3975 588 4022 est
606 3968 681 4022 vocis
699 3986 764 4022 usus
783 3969 1037 4038 frequentissimus.

308 4077 337 4147 2)
355 4077 468 4147 Hippot.
482 4078 588 4133 Resutt.
608 4079 630 4148 I,
649 4079 679 4134 8:
709 4081 794 4149 ,rivus
819 4080 845 4133 δ’
869 4075 996 4135 inserirur
1019 4083 1073 4136 τῶν
1095 4073 1205 4150 ἄστρων
1228 4078 1304 4148 ἣλιον

208 4178 253 4227 καὶ
281 4169 410 4242 σελήνην,
439 4179 485 4228 καὶ
513 4171 651 4248 σώματά
684 4195 756 4230 τινα
785 4172 1112 4249 συμπεριφερόμενα
1137 4175 1223 4250 ἡμῖν
1248 4173 1303 4232 ἀό-

208 4273 313 4340 ρατα,“
