2864 4910
657 389 709 441 425

137 561 201 626 hac
224 560 418 641 narratione,
451 579 532 642 quae
554 559 718 625 Plutarchi
749 568 807 641 est,
834 559 1031 642 Hippolytus
1063 579 1100 625 eo
1123 558 1242 641 differt,

137 669 228 752 quod
241 669 403 735 homiuem
417 690 480 734 non
495 669 575 733 dicit
598 669 636 732 in
658 669 767 751 pisce
790 673 900 732 natum
913 687 994 742 esse,
1018 667 1076 732 sed
1088 668 1180 732 initio
1193 689 1207 732 s
1218 670 1242 732 i·

136 780 266 844 milem
287 779 387 862 pisci
405 779 568 843 formam
589 777 827 857 habuissel).
871 776 984 842 Utrius
1001 780 1141 842 narratio
1163 798 1242 842 vera

138 889 193 971 sit,
207 888 356 957 ,dubitari
379 893 501 970 potest;
525 887 583 951 sed
597 905 669 951 meo
680 884 809 968 quidem
822 886 942 951 iudicio
953 887 1119 952 Plutarchi
1133 906 1242 952 narra-

136 999 184 1062 tio
196 999 268 1080 ipsa
277 996 503 1078 singularitate
519 994 768 1059 commendatur.
786 994 820 1060 Si
832 996 1030 1078 propositam
1047 995 1242 1060 Anaximan-

137 1106 192 1172 dri
207 1107 399 1171 seutentiam
416 1105 678 1187 contemplamur,
693 1110 838 1188 apparet,
861 1124 933 1168 eum
948 1105 1111 1186 quandam
1133 1125 1242 1188 gene-

136 1215 315 1279 rationis
337 1215 660 1298 progressionem
684 1213 726 1278 ab
739 1213 1030 1295 imperfectioribus
1046 1214 1242 1278 animalibus

106 1389 107 1394 ,
137 1323 184 1388 ad
205 1323 402 1406 perfectiora
424 1314 585 1388 statuisse.
621 1322 700 1386 Cum
713 1323 746 1387 in
768 1321 905 1388 hominis
917 1323 1127 1406 generatione
1150 1322 1242 1405 quasi

138 1432 301 1514 quaedam
332 1432 535 1516 providentia
570 1439 732 1515 cernatur,
764 1433 875 1513 quaeri
909 1433 1020 1515 possit,
1050 1452 1126 1495 num
1160 1430 1243 1496 hanc

138 1560 207 1608 rem
230 1563 251 1606 a
276 1539 417 1622 quadam
439 1540 555 1605 summi
584 1539 733 1623 principii
759 1539 985 1622 designatione
1015 1547 1047 1604 et
1069 1540 1242 1605 efficientia

137 1649 316 1732 repetierit.
705 1634 707 1636 ’

245 1761 291 1822 12.
314 1759 422 1823 Pauca
434 1765 617 1841 supersunt.
642 1759 814 1821 Animam
841 1758 1078 1822 Anaximander
1098 1779 1116 1820 a
1138 1757 1242 1822 Theo-

138 1867 253 1932 doreto
263 1867 401 1932 refertur
422 1867 568 1932 aeriam
591 1867 755 1946 dixisse²);
778 1868 836 1933 sed
859 1866 1147 1932 haecTheodoreti
1170 1887 1242 1933 nar·

138 1977 223 2043 ratio
247 1976 311 2040 iam
339 1996 409 2041 eam
445 1976 486 2040 cb
517 1995 664 2040 caussam
697 1976 792 2041 valde
826 1983 976 2058 suspecta
1006 1976 1107 2042 videri
1137 1976 1241 2059 debet,

138 2084 227 2168 quod
249 2070 384 2150 eandem
415 2087 608 2150 sententiam
634 2086 849 2167 Anaxagorae
865 2092 913 2149 'et
938 2085 1097 2151 Archelao
1119 2085 1241 2151 tribuit.

140 2193 300 2277 Equidem
322 2193 453 2259 facilius
476 2193 677 2272 crediderim,
702 2194 973 2258 Anaximandrum
996 2195 1137 2259 animam
1150 2201 1241 2277 puta·

138 2302 228 2367 visse
251 2303 399 2386 partem
422 2323 507 2367 esse
523 2303 649 2386 ipsius
672 2303 919 2368 substantiae
943 2302 1145 2386 infinitae,
1171 2323 1242 2367 cum

139 2413 221 2478 alias
252 2411 293 2477 ob
323 2431 454 2476 caussas
488 2417 554 2476 tum
585 2419 766 2496 propterea,
800 2410 888 2493 quod
909 2412 1097 2476 Aristoteles
1130 2419 1242 2495 aperte

139 2521 231 2601 dicit,
255 2539 319 2595 eos,
343 2521 507 2601 quirinum
521 2520 623 2585 solum
636 2519 830 2603 principium
846 2528 977 2602 ponant,
994 2522 1089 2585 etiam
1100 2521 1243 2585 animam

140 2628 297 2712 aliquid
323 2649 435 2694 unum
467 2636 616 2713 putare,
648 2629 781 2694 eadem
809 2636 947 2722 natura
973 2638 1091 2713 atque
1119 2633 1242 2714 ipsum

141 2737 426 2822 principium3).

240 2849 390 2930 Denique
404 2848 543 2914 traditur
558 2849 677 2931 stellas,
691 2848 744 2913 vel
754 2849 871 2932 potine,
888 2848 975 2929 quod
987 2849 1115 2932 plurimi
1131 2849 1243 2914 dicunt

139 2956 292 3038 quodque
314 2957 357 3022 ad
379 2957 614 3024 Anaximandri
633 2959 790 3024 rationem
812 2961 912 3024 multo
934 2960 1042 3043 aptius
1066 2966 1124 3037 est,
1151 2959 1240 3043 ipsos

138 3066 221 3144 illos,
251 3087 332 3149 quos
354 3069 470 3151 posuit,
508 3069 759 3134 innumerabiles
781 3067 917 3133 mundos
950 3069 1046 3134 deos
1078 3069 1241 3151 dixisse4).

243 3319 270 3390 1)
288 3319 401 3389 Hippoi.
421 3321 440 3373 1.
459 3321 478 3374 l.
506 3317 571 3390 „rho
591 3321 622 3374 δὲ
642 3315 793 3391 ἄνθρωπον
810 3320 893 3390 ἑτέρῳ
914 3315 971 3389 ζώῳ
995 3326 1148 3389 γεγονέναι,
1171 3316 1243 3374 τούτ-

140 3432 215 3470 εστιν
233 3411 323 3485 ἐχθὺϊ,
342 3411 588 3486 παραπλήσίον
605 3416 663 3470 κατ’
680 3413 793 3487 ἆρχοὶς.“

239 3513 266 3581 2)
284 3511 453 3566 Theodoret.
473 3511 519 3568 Gr.
546 3513 601 3590 Aff.
622 3513 685 3567 Cur.
706 3518 731 3568 b.
754 3513 792 3567 IV
816 3532 843 3583 p.
862 3515 915 3567 822
940 3513 982 3568 ed.
1000 3513 1079 3567 Hah:
1120 3513 1243 3586 „'Avc‚b·

138 3612 225 3679 μένης
241 3608 272 3660 δὲ
287 3612 332 3660 καὶ
347 3604 619 3680 Ἀναξίμανδρος
629 3605 873 3679 καὶἈναξαγόρας
887 3615 932 3662 καὶ
944 3611 1097 3680 Ἀρχέλαος
1115 3600 1243 3680 ἀέρώδη

138 3705 185 3771 τῆς
204 3705 296 3775 ψυχῆς
313 3701 362 3770 τὴν
382 3699 468 3776 φύσιν
485 3700 652 3774 εἰρήκασιν.“

241 3801 269 3869 3)
288 3801 406 3854 Aristot.
427 3804 480 3854 An.
500 3802 523 3869 Ι,
542 3807 566 3856 2.
586 3803 667 3856 4051>
684 3807 724 3856 17.

244 3898 272 3964 4)
290 3896 365 3950 Plut.
383 3896 458 3951 Plac.
477 3897 500 3958 I,
520 3899 536 3950 7
556 3897 668 3965 (Ε11801).
687 3898 787 3968 Praep.
807 3899 857 3953 Ev.
878 3899 950 3953 XIV·
974 3901 1014 3966 16,
1025 3900 1064 3967 6);
1086 3901 1163 3968 „'Av.
1182 3897 1243 3960 τοὺς

138 3991 285 4063 ἀστέρας
302 3991 441 4062 οὐρανίους
461 3988 568 4053 11εοὺ011
606 3994 741 4050 Stobaeus
760 4001 853 4050 autem
872 3996 894 4060 I,
914 3997 939 4064 2,
953 3998 996 4064 56,
1013 3997 1177 4066 pariterque
1191 3997 1243 4050 Ga·

139 4091 218 4144 lenus
237 4109 261 4146 0.
280 4093 297 4144 8
316 4091 391 4158 (cum
410 4091 549 4147 Heerenio
569 4093 692 4148 enimin
712 4093 788 4147 Stob.
808 4094 826 4146 l.
846 4095 864 4147 l.
890 4111 942 4162 pro
970 4094 1034 4152 νοῦς
1051 4090 1182 4162 οὐρανοὺς
1203 4095 1241 4147 le·

138 4187 261 4256 gendum
281 4187 332 4256 est)
361 4188 477 4243 habent:
508 4185 588 4256 ,,Ἀν.
613 4185 775 4261 ἀπεφήνατο
800 4187 875 4248 τοὺς
901 4187 1061 4259 ἀπείρους
1080 4187 1242 4260 οὐρανοὺς

139 4277 247 4342 ,caolet
284 4287 377 4352 Atque
405 4303 439 4339 ex
466 4285 542 4339 hisce
560 4287 655 4354 potius
672 4285 841 4340 Plutarchus
860 4288 1047 4341 emendandus
1077 4291 1127 4348 est,
1158 4304 1241 4354 quam

1007 4386 1055 4437 11*
