2882 4902
722 348 788 402 VIII

147 589 150 594 ,
205 523 383 606 horumque
410 528 551 588 motuum
576 522 710 606 caussis,
746 523 840 588 slmul
874 522 1013 589 aliomm
1038 522 1240 606 quorundam
1262 523 1305 588 de

206 632 296 698 hisce
319 632 415 698 rebus
444 631 617 715 doctrinas,
638 646 741 714 nsque
766 651 815 714 co,
843 638 879 697 nt
905 631 985 697 mihi
1012 632 1144 714 quidem
1165 629 1303 711 videtur,

205 763 269 808 non
286 744 367 808 satis
382 742 574 825 intellectas,
596 743 741 826 exposui,
759 748 856 821 atque
872 742 938 806 illic
953 741 1085 824 quidem
1099 741 1303 808 Parmenidis

112 923 119 934 Ι
206 859 239 917 et
260 853 481 929 Anaximenis,
514 850 568 916 hic
589 849 810 927 Anaximenis,
833 851 1059 934 Anaxagorae,
1081 851 1225 916 aliorum.
1259 852 1305 918 Ut

205 983 278 1028 curn
299 960 414 1026 horum
434 962 575 1025 virorum
597 967 664 1024 tum
676 958 912 1024 Anaximandri
934 959 976 1025 de
997 958 1049 1025 his
1072 961 1169 1026 rebus
1186 960 1303 1026 dochi-

205 1091 274 1152 nas,
297 1091 392 1153 quam
415 1070 563 1135 maxime·
577 1068 645 1134 fieri
669 1075 788 1152 posset,
810 1053 913 1133 oeniIs
935 1069 1034 1133 etiarn
1057 1068 1246 1151 subicerem,
1268 1071 1302 1134 in

205 1181 268 1246 fine
289 1180 366 1245 libri
388 1179 508 1263 figuras
532 1181 565 1243 in
587 1179 700 1244 tabula
721 1178 869 1262 depictas
897 1177 1012 1244 adieci.
1057 1179 1107 1242 Ex
1134 1179 1186 1258 iis,
1218 1199 1302 1261 qnae

205 1290 246 1355 de
268 1288 320 1354 his
343 1288 579 1354 Anaximandri
601 1289 769 1354 doctrinae
797 1289 944 1371 partibus
971 1288 1145 1372 disputavi,
1180 1290 1301 1354 Intelle-

204 1397 299 1481 gitur,
330 1417 402 1462 eum
424 1396 463 1461 in
486 1396 754 1462 astronomiae
776 1415 928 1478 quoqne
951 1395 1122 1462 historia
1142 1399 1302 1481 insignem
1373 1411 1376 1417 ·

205 1505 365 1590 quendam
396 1508 503 1572 locum
530 1512 649 1588 tenere,
677 1506 776 1571 immo
805 1504 901 1571 huius
923 1505 1080 1572 scientiae
1102 1509 1195 1591 qnasi
1216 1507 1303 1574 foras

205 1616 382 1699 aperuisse.
427 1618 463 1681 ln
487 1617 671 1682 universum
693 1622 800 1681 autem
822 1617 859 1696 si,
882 1635 965 1698 quac
981 1614 1043 1681 hoc
1058 1614 1140 1682 libro
1155 1617 1303 1700 exposui,

206 1745 285 1790 vera
306 1733 391 1807 sunt,
413 1731 512 1811 patet,
528 1724 570 1790 de
592 1723 774 1807 antiquiore
788 1722 983 1789 Graecorum
1006 1724 1211 1809 philosophia
1233 1727 1303 1808 opi-

205 1835 332 1900 nionem
365 1832 617 1918 concipiendam
645 1852 717 1898 esse
746 1833 912 1914 aliquanto
946 1835 1099 1900 maiorem
1130 1842 1162 1901 et
1183 1837 1304 1901 Anaxi-

204 1943 330 2008 mandri
359 1951 503 2028 tempore
533 1942 621 2027 apud
644 1940 787 2007 Graecos
819 1942 883 2006 iam
912 1944 1049 2009 aliomm
1075 1946 1172 2010 etiam
1200 1946 1303 2011 scian-

204 2052 321 2117 tiarum
343 2054 463 2118 cultum
486 2051 572 2117 haud
594 2050 802 2116 mediocriter
821 2053 974 2135 viguisse.

304 2161 353 2226 Da
368 2160 602 2226 Anaximandri
623 2161 691 2226 vita
712 2161 793 2225 nihil
813 2163 986 2244 separatim
1002 2163 1126 2246 addidi,
1149 2165 1303 2246 qnoniam

204 2269 245 2335 de
273 2289 313 2336 ea
342 2270 399 2335 vix
427 2270 605 2354 quidquam
635 2270 790 2336 traditum
822 2277 872 2336 est
904 2273 987 2337 nini:
1024 2274 1303 2341 AnaxImandrnm

203 2377 380 2445 Mileti-Ol.
405 2379 498 2444 XLII
520 2400 605 2446 anno
627 2381 734 2462 tertio,
757 2380 790 2446 id
813 2387 862 2446 ast
885 2401 914 2446 a.
939 2380 995 2446 ch.
1016 2387 1081 2447 nat.
1101 2402 1185 2448 anno
1202 2382 1304 2464 DGX,

203 2494 314 2553 natum
338 2495 369 2554 ct
390 2489 500 2572 paullo
521 2496 595 2573 post
617 2497 783 2574 peractum
799 2491 1037 2574 sexagesimum
1053 2498 1201 2574 quartum
1215 2493 1304 2558 vitae

203 2612 322 2664 anuum
345 2606 503 2664 mortuum
525 2619 610 2680 esse;
634 2607 726 2684 patre
749 2620 841 2665 nsum
863 2620 935 2666 esse
955 2599 1133 2675 Praxiade;
1156 2601 1304 2668 Thaletis

204 2707 397 2791 discipulum
430 2709 540 2775 luisse.
585 2710 675 2789 Quae
707 2711 748 2775 ah
782 2730 821 2776 eo
848 2710 1031 2776 referuntur
1059 2711 1191 2776 inventa
1220 2731 1304 2796 csse,

204 2835 243 2881 ea
265 2816 298 2881 in
331 2817 402 2901 ipso
436 2818 518 2884 libro
551 2821 618 2886 suis
652 2839 799 2902 quaeque
827 2821 908 2885 locis
941 2819 1125 2886 memoravi.
1175 2820 1305 2899 Quanto

203 2927 301 2991 luerit
322 2927 461 3011 iugenio,
484 2917 524 2992 ex
546 2929 647 3011 ipsius
669 2927 817 2994 doctrina
838 2930 971 3011 patebit.

303 3035 339 3102 Si
361 3038 434 3120 quis
456 3036 536 3104 forta
559 3037 701 3119 miretur,
724 3038 811 3119 qnod
834 3058 980 3106 sermone
1002 3042 1153 3107 nsnssinr
1176 3043 1303 3121 Latina,

203 3147 237 3210 in
258 3146 318 3211 hac
340 3166 374 3212 re
396 3146 660 3212 consuetudinem
683 3154 811 3212 secutus
835 3168 904 3213 suro
927 3150 1100 3231 maiorum;
1126 3172 1222 3234 quarn
1245 3173 1304 3217 cnr

203 3276 243 3322 ne
265 3276 349 3322 nnuc
371 3256 512 3338 quidem,
547 3257 578 3322 in
600 3257 720 3322 talibus
743 3257 935 3340 praesertim
957 3258 1061 3342 rebus,
1094 3263 1224 3326 omnino
1246 3260 1301 3325 de-

203 3364 373 3432 serendam
395 3385 467 3432 esse
490 3375 609 3449 putem,
630 3366 692 3432 hoc
707 3367 778 3432 loco
792 3388 857 3432 non
875 3369 951 3434 licet
965 3369 1112 3453 pluribus
1128 3390 1300 3456 exponere.

201 3550 389 3616 Scribaham
409 3552 549 3625 Bonnae,
574 3572 682 3617 manse
707 3553 894 3636 Februario,
916 3578 944 3620 a.
965 3555 1299 3624 MDGGOLXXXIII.
