2858 4910
614 334 650 387 87

98 501 143 566 ‘u'
170 501 308 586 μεταξύ
339 503 455 588 ἀέρος
487 505 548 570 καὶ
579 495 725 588 πυρός’
755 507 906 572 dicuutur
935 525 1062 590 ponere.
1117 483 1195 572 Gur'

100 621 191 680 autem
205 613 396 680 Aristoteles
410 613 521 680 horum
543 616 644 681 solum
660 615 854 681 sententiam
872 614 1020 682 hocloco
1043 614 1182 698 refellat,

99 721 132 788 de
154 722 190 789 iis
203 744 288 801 vcro,
311 725 370 807 qui
385 745 485 790 unum
507 746 548 791 ex
569 726 735 793 elementis
750 732 884 809 ponant,
908 725 1038 791 omnino
1061 730 1179 807 taceat,

100 829 181 898 facile
199 834 414 918 cognoscitur.
449 834 530 900 (tum
553 834 719 900 animiam
740 834 774 900 in
790 854 829 901 eo
845 835 898 918 sit,
921 840 1060 902 utsuam
1077 835 1181 919 ipsius

99 939 132 1006 de
157 943 287 1008 mamria
308 945 503 1010 sententiam
525 949 692 1028 proponat,
724 964 797 1009 cum
827 950 935 1010 autem
957 945 1030 1027 ipse
1054 965 1186 1027 quoque

98 1052 243 1118 murum
264 1071 338 1118 esse
356 1052 435 1118 vetit
446 1057 591 1120 naturam
613 1053 777 1120 diversam
799 1051 927 1136 quidem
949 1054 991 1119 ab
1005 1054 1181 1138 elementis,

98 1181 271 1244 requerere
289 1155 395 1243 ‘napo
409 1155 450 1226 τὰ
466 1166 611 1243 στοιχεῖα
619 1164 640 1244 ‘,
664 1162 698 1230 id
714 1169 773 1245 est,
800 1182 944 1228 seorsum
959 1164 1002 1230 ab
1015 1165 1181 1230 elementis
1283 1207 1285 1212 ·

98 1289 145 1352 per
162 1291 195 1337 se
215 1279 427 1355 constantem,
450 1274 556 1338 statim
578 1273 667 1350 initio
690 1271 799 1338 studet
819 1271 1014 1356 patefacere,
1046 1293 1111 1355 qua
1131 1296 1182 1340 ra-

97 1378 170 1448 tioue
190 1401 248 1448 sua
269 1381 311 1448 de
332 1383 470 1448 materia
498 1381 644 1448 doctrina
673 1380 801 1448 differat
824 1380 865 1446 ab
889 1401 999 1448 eorum
1021 1384 1181 1466 opinione,

97 1489 142 1569 qui
159 1483 195 1553 τὸ
215 1484 307 1573 παρὰ
328 1485 369 1554 τὰ
392 1493 538 1571 στοιχεῖα
564 1493 701 1559 omnium
723 1511 829 1557 rerum
855 1491 1023 1557 materiam
1045 1477 1180 1575 ponant;

96 1617 166 1679 quae
186 1599 314 1683 quidem
334 1599 529 1676 differentia,
550 1607 586 1667 ut
607 1619 702 1684 quam
722 1598 922 1667 brevissimis
948 1599 1063 1680 dicam,
1085 1601 1119 1665 in
1143 1621 1182 1668 ec

97 1709 188 1789 posita
217 1717 275 1793 est,
304 1709 393 1793 quod
412 1709 597 1778 Aristotelis
620 1711 755 1776 materia
776 1730 841 1775 non
863 1714 913 1775 est
940 1707 1067 1791 aliquid
1088 1709 1180 1791 παρ’
1254 1735 1258 1742 ·

96 1811 176 1880 αὐτὰ
196 1815 239 1882 τὰ
260 1821 456 1900 στοιχεῖα,
480 1819 603 1886 sedin
627 1821 726 1904 ipsis
749 1819 957 1885 elementis
985 1823 1036 1885 est
1058 1817 1181 1900 aliquid

97 1921 187 2008 ,ταρὰ
205 1923 277 2016 τὴν
301 1923 461 2015 μορφὴν
486 1930 564 1992 τῶν
590 1926 806 2009 στοιχείων.
849 1927 955 2010 Atque
984 1946 1054 1993 cam
1077 1928 1180 2010 ipsam

97 2035 130 2100 ob
148 2057 302 2122 caussam,
330 2044 368 2104 ut
387 2037 467 2104 haec
488 2037 671 2118 differentia
697 2038 783 2124 clare
804 2041 970 2120 appareat,
997 2037 1041 2102 ad
1062 2029 1101 2101 τό
1123 2057 1181 2117 με·

97 2141 161 2225 zoio*-
180 2149 428 2233 explicationem
447 2139 562 2230 <σῶμά
583 2169 618 2212 τε
642 2139 680 2211 dv
701 2143 755 2211 καὶ
769 2139 931 2228 papaueris
939 2135 958 2226 ³,
980 2145 1023 2211 ad
1034 2140 1073 2209 od
1087 2139 1180 2228 παρά
1225 2223 1228 2229 ¹

96 2249 129 2316 ui
155 2259 298 2336 στοιχεῖα
325 2251 535 2338 ισωματικὸν
566 2253 619 2320 καὶ
640 2245 823 2336 χωριοτὸν’
847 2254 978 2321 videtur
1000 2253 1180 2338 adponere;

18 2443 19 2446 Ἴ
97 2367 208 2448 proprie
229 2367 316 2432 euim
340 2363 403 2430 hac
423 2364 624 2449 adpositione
649 2386 713 2430 non
742 2383 823 2447 opus
845 2370 904 2440 est,
933 2363 1087 2446 quoniam
1109 2365 1182 2447 ipsa

96 2477 208 2543 notione
229 2475 313 2558 eins,
330 2474 421 2558 uuod
442 2477 483 2542 sit
509 2469 601 2556 παρὰ
629 2469 670 2539 τὰ
698 2475 846 2553 στοιχεῖα
877 2479 910 2542 et
930 2467 1053 2554 μετοξύ
1088 2472 1182 2539 δυοῖν

18 2599 19 2618 ’
95 2583 263 2670 στοιχείων,
289 2583 382 2650 notio
403 2585 543 2669 corporis
564 2603 622 2668 per
642 2603 678 2650 so
702 2583 877 2649 constantis
906 2583 969 2647 iam
994 2583 1180 2649 continetur.

96 2693 194 2778 Inque
213 2716 255 2762 cx
279 2694 395 2762 horum
416 2694 553 2762 duorum
573 2695 717 2761 locorum
740 2693 980 2776 comparatione
1001 2696 1100 2774 patet,
1130 2687 1180 2757 τὸ

95 2799 184 2888 παρὰ
202 2799 450 2883 τὰστοιχεῖα
470 2803 557 2870 idem
573 2804 717 2886 intellegi
727 2809 825 2884 atque
847 2795 890 2864 τὸ
905 2797 1048 2883 passage)
1061 2791 1181 2883 ἀέρος

95 2913 147 2978 καὶ
167 2907 301 3000 πυρός.
346 2912 441 2992 Quod
460 2916 488 2980 si
511 2933 584 2980 cum
605 2912 764 2997 prioribus
785 2912 1014 2994 componimus,
1036 2917 1182 2995 apparet,

94 3017 126 3086 oi
144 3019 231 3108 παρὰ
262 3017 471 3103 τὰστοιχεῖα
502 3029 535 3088 et
556 3022 642 3090 idem
673 3022 740 3088 dici
763 3026 860 3103 atque
881 3014 920 3084 od
942 3013 1062 3101 μεταξὺ
1085 3007 1182 3101 ἀέρος
1277 3042 1279 3044 ·

93 3129 138 3196 rot
156 3127 271 3211 ῧόοτος
293 3139 328 3200 et
349 3131 433 3200 idem
453 3139 553 3216 atque
574 3126 612 3196 cd
634 3125 755 3214 μεταξύ
779 3126 874 3214 ἀέρος
895 3127 950 3193 καὶ
973 3127 1099 3212 πορόςς
1121 3128 1180 3194 scd

93 3241 156 3309 inde
176 3264 239 3310 non
262 3242 418 3326 sequitur,
439 3247 473 3308 ut
496 3241 595 3308 etiarn
615 3241 695 3309 haec
722 3239 786 3306 duo
814 3238 921 3305 media
949 3238 1086 3304 eandem
1112 3257 1180 3302 rem

93 3351 269 3438 significent,
291 3353 445 3437 quoniam
467 3352 511 3420 ad
529 3346 568 3417 τὸ
591 3346 682 3434 παρὰ
702 3347 743 3414 τὰ
764 3353 919 3435 στοιχεῖα,
947 3347 1033 3433 quod
1055 3352 1104 3412 cst
1126 3365 1180 3412 vo-

93 3459 228 3528 cabulum
262 3462 457 3546 generalius,
489 3481 525 3528 sc
545 3460 665 3528 habere
695 3466 830 3545 possunt
863 3465 898 3525 ut
930 3458 1014 3526 duae
1034 3457 1181 3523 diversae

92 3570 152 3636 eius
183 3573 319 3655 speeies.
373 3570 422 3636 De
455 3570 543 3638 hisce
585 3573 682 3654 igitur
718 3572 900 3637 accuratius
937 3572 1035 3636 etiam
1070 3565 1181 3635 viden-

93 3673 159 3743 dum
179 3687 265 3746 est‘

180 3789 372 3856 Aristoteles
393 3788 536 3855 eiusdem
556 3789 629 3855 libri
641 3790 746 3873 capite
767 3790 887 3870 quinto,
912 3807 985 3870 qno,
1007 3791 1182 3870 postquam

93 3897 352 3976 praecedentibus
373 3899 447 3965 libri
469 3899 613 3981 partibus
646 3917 736 3964 suam
763 3897 804 3963 de
831 3895 968 3963 materia
989 3894 1181 3962 sententiam

93 4009 239 4091 exposuit,
269 4008 468 4092 generaliter
500 4007 648 4090 ostendit,
680 4004 930 4089 quodomnium
953 4005 1182 4072 elementorum

94 4119 214 4184 moria
237 4120 288 4200 sit,
311 4117 345 4185 id
368 4137 427 4186 nec
449 4136 547 4183 onum
568 4138 608 4184 ex
631 4117 708 4202 ipsis
730 4117 907 4198 elementis,
929 4135 989 4182 nec
1010 4101 1124 4178 ‘dato
1147 4135 1182 4177 ar

94 4219 190 4308 παρὰ
206 4228 328 4292 ταῦτα
360 4220 420 4310 (ad
454 4215 675 4310 οτοιχεῖα)’
708 4244 782 4292 csse
810 4244 916 4309 posse,
949 4221 1099 4290 contiuuo
1120 4215 1179 4285 ‘ud
