2864 4904
602 403 637 462 il

68 582 107 646 ab
137 601 175 648 eo
205 586 390 666 separatum
422 581 476 659 sit,
519 587 552 646 et
585 581 639 662 ita,
670 587 704 647 ut
733 602 797 647 non
828 582 898 647 loco
934 582 1072 665 quidem,
1104 579 1163 648 sod

68 697 171 756 tamen
201 697 270 756 tota
292 710 350 756 sua
379 691 510 756 notione
532 691 575 756 ab
610 691 665 757 illo
695 697 878 775 separatum
914 693 955 758 sit
977 699 1009 759 et
1044 692 1162 760 idcirco

69 803 165 884 possit
186 806 273 867 certo
294 802 365 866 loeo
388 819 514 883 quoqne
535 801 677 884 separari
685 799 719 877 ¹).
765 800 907 883 Utroque
929 808 1037 868 autom
1066 803 1162 870 modo

70 910 108 974 ab
137 911 190 975 illo
210 912 256 976 ita
285 909 446 976 diversum
469 916 527 986 ost,
557 915 592 974 ut
622 929 680 993 per
710 929 745 976 se
777 930 896 993 suaque
920 912 1020 994 ipsius
1049 919 1163 978 natura

70 1039 126 1084 neo
148 1022 309 1085 contineat
328 1019 405 1086 illud
426 1039 486 1085 nec
508 1020 561 1084 illo
584 1013 797 1098 continentum
825 1038 964 1103 namque
986 1023 1013 1088 si
1042 1043 1100 1106 per
1128 1043 1163 1090 se

71 1129 143 1193 ihnd
164 1131 349 1205 contineret,
381 1128 422 1194 de
453 1131 525 1213 ipso
552 1131 639 1195 notio
661 1131 759 1213 aiens,
790 1132 818 1196 si
838 1131 943 1214 ipsum
965 1151 1023 1217 per
1052 1153 1087 1198 se
1110 1134 1163 1199 illo

73 1237 287 1320 contineretur,
308 1237 349 1303 de
371 1237 425 1302 illo
447 1239 535 1302 notio
557 1257 680 1322 negans
700 1237 918 1320 praedicanda
940 1246 1035 1306 esset.

166 1369 244 1437 (lum
267 1373 362 1456 igitur
383 1371 464 1437 haec
486 1373 645 1455 generalis
668 1373 814 1438 vocabuli
830 1373 1021 1456 significatio
1036 1377 1085 1458 sit,
1107 1395 1166 1459 per

75 1499 105 1544 se
126 1487 220 1564 patet,
252 1479 286 1545 id
306 1480 425 1565 duplici
456 1483 580 1547 ratione
603 1501 698 1566 posse
722 1481 877 1548 adhiberi.
919 1484 1059 1549 Primum
1081 1487 1165 1550 onim

76 1595 164 1671 atque
193 1610 255 1656 usu
283 1591 380 1673 longe
411 1590 673 1673 frequentissimo
703 1592 745 1656 ab
776 1593 948 1658 Aristotele
980 1593 1014 1659 id
1051 1592 1165 1659 dicitur

75 1693 158 1780 παρά
186 1724 218 1764 τι
240 1695 364 1783 ἕτερον,
394 1699 479 1783 quod
510 1702 552 1767 ab
577 1702 644 1766 alia
673 1700 812 1784 quadem
842 1723 877 1769 re
907 1707 1164 1770 numerosius

77 1810 250 1893 subiecto,
273 1809 306 1876 id
328 1816 378 1876 est
399 1809 485 1894 quod
506 1810 548 1876 ab
570 1812 635 1877 alia
651 1811 790 1894 quadam
810 1833 844 1877 re
867 1815 912 1878 ita
925 1812 1085 1879 diversum
1107 1820 1166 1896 ost,

76 1925 107 1982 ut
126 1920 164 1985 ab
186 1940 226 1986 ea
246 1921 333 1986 loco
348 1926 570 2004 separatum
592 1921 642 1986 sit.
686 1921 757 1986 Hac
772 1922 919 1988 vocabuli
934 1922 1165 2006 significatione

77 2049 213 2094 caussam
236 2036 419 2114 moventem
441 2029 518 2098 dicit
540 2049 612 2095 esse
634 2034 782 2113 oportere
801 2024 911 2112 ‘copul
932 2029 974 2093 soi
982 2025 1165 2116 πράγματα,

79 2121 120 2199 ὧν
138 2129 280 2223 ἅρχή”),
314 2144 346 2204 et
377 2139 511 2223 primam
542 2157 690 2204 caussam
712 2146 893 2206 moventem
919 2143 987 2208 sive
1009 2161 1165 2208 summam

82 2325 266 2334 ᾖ

81 2420 236 2493 differentia
266 2425 397 2494 quoniam
425 2441 529 2497 negans
555 2425 633 2481 notio
661 2444 717 2480 non
740 2427 865 2483 continet
889 2427 1033 2484 notionem
1058 2427 1166 2484 definiti

81 2519 196 2590 subiecti,
214 2520 249 2575 ad
267 2521 356 2576 solam
373 2522 517 2577 notionem
542 2523 662 2578 aientem
682 2524 855 2595 adiungitur,
883 2525 998 2596 privans
1022 2529 1113 2580 autem
1136 2526 1166 2580 in

69 2614 184 2672 *definito
204 2619 325 2687 quodam
344 2619 468 2675 subiecto
488 2620 620 2674 cernitur.

169 2715 206 2770 Ut
224 2715 402 2784 Aristoteles,
429 2715 470 2770 ita
497 2717 582 2771 etiam
603 2715 812 2787 Theophrastus
842 2717 985 2773 notionem
1016 2722 1166 2789 negantem

82 2807 169 2865 definit
185 2810 228 2866 ‘rb
247 2809 322 2884 παρὰ
341 2809 371 2866 τὸ
391 2814 421 2867 ἐν
439 2809 604 2885 ἀποφάσεΐ,
623 2814 653 2869 id
670 2815 745 2884 quod
763 2815 829 2869 inde
845 2819 925 2884 patet
943 2815 1027 2884 quod,
1046 2818 1077 2869 ut
1097 2814 1167 2869 Sim·

83 2907 171 2975 plinius
188 2910 278 2964 refert
296 2909 388 2979 (Phys.
399 2912 433 2964 25
449 2929 474 2979 a,
494 2915 558 2965 ante
575 2910 623 2981 m.)
640 2912 787 2980 rationem,
807 2929 862 2982 qua
874 2911 1054 2966 Parmenides
1073 2911 1168 2966 omnia

83 3021 157 3058 unum
175 3024 231 3061 esse
244 3007 488 3076 demonstraverit,
507 3007 547 3062 sio
564 3008 709 3079 proponit:
740 3006 792 3077 „rb
817 3006 906 3077 παρὰ
928 3003 963 3061 τὸ
988 2999 1026 3061 ὃν
1043 3002 1102 3061 οὐκ
1121 3002 1168 3072 ὅν,

84 3097 109 3152 τὸ
126 3097 172 3155 cix
190 3096 223 3157 ὃν
239 3105 340 3176 μηδέν,
368 3103 399 3158 tc
422 3098 474 3174 ἄρα
500 3102 531 3158 τὸ
554 3097 614 3159 bost
651 3105 759 3159 Similia
786 3108 860 3173 sunt,
891 3121 963 3174 quae
989 3103 1167 3174 aSimplicio

84 3197 166 3253 eodem
187 3200 246 3255 loco
266 3200 437 3270 reseruntur,
454 3201 574 3257 Eudemi
594 3207 622 3256 et
640 3201 790 3272 Porphyrii
808 3199 903 3256 verba.

172 3324 197 3390 1)
216 3321 254 3392 Si,
277 3327 310 3377 ut
333 3339 393 3376 rem
416 3323 545 3393 exemplo
562 3324 717 3392 ostendam,
745 3323 952 3379 consideramus
980 3339 1038 3388 rem
1066 3321 1168 3392 albam,

84 3417 150 3474 velut
170 3419 271 3489 nivem,
299 3420 330 3474 in
347 3418 400 3474 hac
426 3438 482 3475 uua
500 3438 531 3475 re
554 3421 610 3475 duo
635 3421 782 3476 coniuncte
805 3425 879 3490 sunt,
902 3419 1020 3486 materia
1044 3419 1169 3475 subiecta

85 3516 178 3585 etipsa
196 3516 304 3572 albedo.
342 3516 401 3572 lam
423 3533 489 3572 vero
513 3518 581 3573 haec
603 3519 731 3588 materis,
759 3519 783 3572 si
810 3535 861 3588 per
883 3536 912 3573 se
936 3518 994 3572 solo
1017 3521 1168 3587 spectatur,

85 3591 203 3678 quoniam
221 3631 271 3669 sua
286 3613 373 3683 ipsius
385 3617 488 3669 natura
506 3632 562 3669 nou
575 3616 700 3686 eontinet
711 3615 877 3681 albedinem,
897 3620 940 3671 est
958 3631 1015 3670 non
1028 3641 1062 3656 ·-
1072 3613 1168 3668 album

86 3705 127 3777 (cip
142 3706 243 3780 λευκόν,
260 3715 294 3766 ut
312 3711 431 3766 materia
449 3691 478 3766 ib
501 3713 661 3768 universum
687 3717 729 3768 est
750 3709 791 3784 μὴ
810 3706 863 3783 ὅν),
886 3717 929 3768 est
951 3712 1040 3782 igitur
1063 3710 1169 3780 aliquid

87 3801 148 3870 παρὰ
165 3801 195 3857 τὸ
214 3800 318 3862 λευκόν.
356 3805 460 3860 Verum
479 3807 508 3860 in
526 3807 591 3862 nive
609 3806 736 3875 materia,
756 3823 827 3874 quae
846 3806 961 3860 notione
978 3807 1094 3879 neganti
1112 3824 1169 3862 non

88 3924 114 3936 -
131 3899 183 3954 albi
200 3900 384 3973 significatur,
403 3903 439 3957 ab
464 3903 594 3959 albedine
618 3921 676 3958 non
694 3904 755 3958 loeo
774 3903 896 3973 quidem,
919 3904 967 3960 sed
991 3908 1086 3960 tamen
1108 3908 1169 3958 tota

89 4009 129 4048 suc
144 3997 255 4052 notione
273 4003 404 4068 separata
424 4004 467 4054 est
486 4004 516 4054 et
533 3999 606 4055 hano
623 3999 660 4057 ob
680 4017 805 4056 caussam
828 4002 890 4056 loeo
914 4017 1025 4072 quoque
1043 4000 1169 4072 separari

89 4095 174 4156 potest.
211 4093 346 4149 Similiter
364 4095 465 4152 albedo
474 4114 525 4166 per
535 4115 564 4151 se
583 4101 625 4152 cst
644 4114 701 4151 non
714 4128 746 4136 —
766 4098 887 4153 materia
905 4099 949 4153 vel
968 4098 1076 4167 aliquid
1094 4094 1168 4168 παρὰ

90 4184 131 4251 'bv
144 4185 214 4262 ὅλην,
231 4210 402 4262 quamquam
420 4194 450 4248 in
468 4194 532 4250 nive
550 4211 606 4250 non
626 4196 687 4252 loco
707 4213 725 4250 a
743 4196 861 4252 materia
881 4200 1011 4266 separata
1029 4200 1080 4251 est.

177 4307 204 4375 2)
221 4306 345 4378 Metaph.
367 4307 417 4377 111,
436 4309 462 4363 3.
480 4309 554 4363 999·
570 4310 611 4366 17.
629 4307 692 4365 vio.
710 4327 796 4380 supra
813 4328 841 4380 p.
860 4312 896 4364 74
912 4314 970 4364 not
992 4309 1015 4364 1.
