2862 4910
744 374 797 428 326

226 559 323 606 unum
354 540 488 622 aliquod
523 541 754 607 elementorum
783 560 864 623 esse,
898 541 985 624 quod
1009 543 1168 608 elementa
1189 545 1272 608 inter
1295 563 1332 608 se

225 650 386 715 contraria
407 656 522 727 essent,
556 650 749 715 eontrarium
777 657 884 715 autem
911 670 974 715 non
1002 656 1114 734 posset
1135 653 1270 716 transire
1297 653 1331 715 in

228 760 430 824 eontrarium.
475 757 613 836 Deinde,
641 779 714 824 oum
741 779 846 825 rerum
874 761 1042 844 generatio
1069 766 1158 826 reeta
1182 763 1235 826 via
1255 781 1330 844 pro·
1415 845 1416 852 ἵ

229 867 394 951 prediatur
417 887 558 951 ergoque
580 870 670 933 nulla
692 888 743 934 res
765 871 796 935 in
819 870 955 934 formam
973 870 1121 935 relietum
1136 868 1256 950 redeat,
1280 889 1329 934 se·
1415 869 1416 874 ’

228 978 345 1060 quitur,
367 983 401 1042 ut
423 985 572 1043 naturam
595 978 770 1055 humidam,
794 985 951 1061 quatenus
973 998 1069 1044 versa
1090 979 1134 1044 sit
1155 981 1187 1042 in
1208 997 1328 1056 aerem,

226 1108 285 1172 per
305 1087 391 1153 hune
417 1089 515 1153 etiam
534 1093 682 1172 oporteat
704 1088 738 1152 in
756 1088 954 1172 principium
968 1089 1096 1154 reverti.
1141 1088 1232 1161 Tum,
1256 1107 1329 1152 oum

226 1197 333 1280 paullo
355 1203 430 1262 ante
451 1195 634 1268 viderimus,
657 1197 890 1262 Anaximandri
923 1199 1085 1263 sententia
1112 1217 1200 1262 mare
1230 1196 1329 1260 etiam
1416 1277 1417 1301 χ

199 1307 277 1370 ννεΙ
293 1307 326 1370 in
348 1306 532 1371 uuiversum
554 1325 671 1388 aquam
694 1308 846 1371 continua
871 1307 1090 1372 exsinuatione
1113 1307 1216 1371 altera
1237 1313 1329 1389 parte
1416 1309 1417 1364 i

227 1417 258 1480 in
281 1434 403 1496 aerem,.
424 1417 527 1480 altera
548 1417 581 1480 in
603 1423 720 1480 terram
745 1415 843 1488 abire,
868 1421 1026 1498 quatenus
1049 1416 1082 1480 in
1105 1434 1213 1480 aerem
1240 1415 1329 1490 abiit,

228 1543 285 1608 per
307 1522 391 1588 hune
410 1525 478 1588 sine
501 1523 598 1589 dubio
620 1523 719 1588 etiam
749 1527 781 1588 in
804 1525 997 1608 principium
1020 1523 1203 1589 revertitur.
1247 1523 1329 1588 Hinc

228 1639 334 1698 autem
365 1632 550 1698 inductione
573 1633 701 1699 videtur
726 1634 983 1699 oonotudendum
1007 1653 1088 1710 esse,
1112 1641 1231 1698 terram
1254 1653 1328 1715 quo-

227 1762 290 1824 que
323 1762 380 1826 per
412 1763 520 1808 aerem
552 1744 585 1807 in
618 1745 811 1827 principium
838 1743 961 1822 redire;
997 1743 1093 1825 idque
1126 1742 1329 1809 confirmatur

229 1853 326 1918 etiam
348 1871 396 1934 eo,
429 1851 515 1933 quod
546 1853 654 1935 paullo
688 1859 760 1936 post
791 1851 832 1917 de
867 1852 980 1918 mundi
1011 1852 1144 1918 interitu
1177 1852 1327 1916 dioemus.

229 1963 343 2044 Itaque
377 1961 410 2025 in
443 1961 628 2027 universum
651 1982 781 2027 omnes
813 1981 874 2026 res
908 1963 1109 2044 putandae
1141 1969 1231 2026 sunt
1265 1981 1329 2044 per

229 2089 357 2135 aerem
379 2071 417 2135 in
434 2071 676 2154 principium
699 2072 865 2151 reverti;
889 2071 1011 2153 noeque
1028 2072 1159 2135 omnino
1172 2072 1329 2136 consentit

232 2200 303 2245 oum
326 2200 365 2245 ea
388 2200 432 2261 re,
461 2179 546 2263 quod
569 2182 708 2246 naturali
736 2181 874 2263 quadam
899 2180 1062 2245 hominum
1083 2181 1236 2264 opinione
1260 2181 1327 2264 ipse

229 2309 335 2354 rerum
358 2289 507 2354 interitus
530 2290 670 2355 ereditur
691 2291 758 2355 tere
780 2289 939 2372 quaedam
961 2309 1072 2354 earum
1093 2291 1124 2353 in
1140 2309 1250 2354 aerem
1264 2290 1328 2360 die·

232 2397 349 2465 solutio
373 2417 444 2464 esse
457 2401 489 2479 ¹).
535 2398 614 2463 Cum
636 2405 741 2464 autem
765 2405 883 2464 terram
907 2405 1062 2483 oporteat,
1090 2398 1118 2463 si
1142 2418 1201 2482 per
1223 2417 1326 2464 aerem

229 2509 401 2573 revertitur
424 2509 457 2573 in
472 2507 673 2592 principium,
697 2517 794 2573 antea
814 2509 846 2573 in
870 2508 976 2592 ipsum
992 2527 1099 2573 aerem
1115 2506 1263 2582 transire,
1285 2506 1326 2588 id,

233 2617 385 2699 quoniam
408 2616 643 2681 Anaximandri
673 2616 833 2682 sententia
856 2616 945 2680 nulla
970 2636 1021 2681 res
1045 2615 1078 2680 in
1103 2617 1240 2681 sormam
1262 2616 1327 2680 reli·

233 2733 317 2791 etam
351 2725 443 2802 redit,
477 2746 540 2790 non
575 2725 636 2789 nisi
667 2727 713 2790 ita
745 2723 814 2790 fieri
847 2732 963 2808 potest,
990 2731 1025 2789 ut
1057 2730 1144 2790 terra
1166 2725 1240 2809 ipsa
1262 2724 1327 2790 sine
1419 2803 1420 2806 Ἴ

231 2835 299 2899 ulla
329 2840 446 2898 natura
476 2832 584 2899 media
611 2836 642 2898 in
671 2853 779 2899 aerem
807 2839 958 2899 vertatur.
1001 2834 1092 2898 Idem
1125 2833 1327 2914 efficitureo,
1419 2835 1420 2840 ’

231 2943 316 3025 quod
348 2942 624 3008 Anaximandrum
657 2943 793 3008 vidimus
827 2949 949 3025 putare,
978 2943 1156 3025 aliquando
1190 2943 1325 3008 futurum

231 3071 302 3116 esse
326 3059 461 3135 tempuS,
490 3071 554 3134 quo
580 3057 695 3116 natura
723 3050 857 3116 humida
877 3056 945 3115 tota
971 3053 1004 3115 in
1026 3071 1136 3116 aerem
1159 3056 1191 3115 et
1213 3058 1325 3116 terram

230 3159 374 3236 abiisset,
398 3167 431 3224 et
452 3159 493 3224 ab
515 3159 577 3224 hac
599 3160 670 3243 ipsa
691 3179 725 3223 re
742 3159 846 3224 videri
863 3159 975 3224 mundi
991 3160 1154 3224 interitum
1170 3166 1324 3243 repetere;

232 3289 307 3332 nam
330 3269 358 3332 si
373 3275 459 3333 terra
472 3288 537 3333 non
556 3269 637 3351 ipsa,
659 3267 717 3334 sed
733 3288 790 3349 per
810 3287 928 3349 aquam
950 3274 982 3332 et
1002 3275 1149 3334 naturam
1168 3267 1323 3333 humidam

232 3377 264 3441 in
288 3396 396 3442 aerem
409 3383 595 3454 verteretur,
620 3378 756 3460 proprie·
772 3397 900 3460 semper
923 3377 1037 3443 eadem
1060 3377 1172 3443 mundi
1185 3376 1324 3442 oondioio

232 3494 423 3553 servaretur.
475 3487 582 3568 Ipsam
615 3493 722 3551 autem
747 3493 852 3552 terrae
884 3489 917 3550 in
948 3507 1056 3553 aerem
1089 3488 1324 3553 eonversionem

132 3577 142 3599 ⁸
231 3598 395 3681 putavisse
417 3595 546 3661 videtur
568 3597 857 3680 evaporatione
879 3595 1019 3678 quadem
1035 3595 1196 3661 fierisolis
1218 3595 1323 3662 ardore

231 3771 431 3781 .—————

335 3887 361 3955 l)
380 3887 420 3941 Cf.
440 3887 558 3941 Aristot.
579 3887 646 3941 Gen.
666 3887 743 3940 (ἴοι-τ.
762 3888 784 3954 I,
804 3890 829 3940 3.
850 3885 925 3939 3le
941 3905 990 3954 eq..
1009 3887 1038 3939 in
1056 3886 1155 3955 primia
1175 3905 1201 3938 v.
1219 3885 1261 3950 29,
1279 3883 1322 3936 ubi

232 3985 301 4038 haec
317 3984 462 4054 leguntur:
494 3983 620 4053 ,moedau
639 3980 692 4053 γὰρ
711 3987 756 4035 καὶ
781 3979 833 4052 ἀὴρ
852 3979 919 4036 κατὰ
945 3983 1000 4052 μὲν
1026 3980 1075 4049 τὴν
1097 3987 1229 4048 αἴσθησιν
1250 3966 1323 4045 ἧττόν

232 4083 321 4135 ἐστιν·
342 4076 385 4133 διὸ
404 4077 502 4132 καὶτὰ
520 4073 731 4150 φθειρόμενα
755 4077 869 4138 ἁπλῶς
896 4080 932 4152 τῇ
960 4082 1009 4138 εἰς
1036 4079 1136 4130 ταῦτα
1161 4075 1321 4148 μεταβολῇ

233 4181 445 4250 φθείρεσθαι
465 4175 649 4244 λέγουσιν*Ι
687 4175 766 4229 Nihil
792 4167 919 4244 impedit,¹
947 4175 1094 4242 quominus
1118 4175 1275 4229 Aristoteles
1293 4167 1321 4224 in

231 4274 274 4342 iis,
294 4272 343 4341 qui
361 4270 391 4325 id
410 4271 514 4336 dicant,
532 4287 600 4339 prae
618 4272 719 4326 ceteris
737 4271 978 4326 Anaximandrum
997 4272 1176 4326 intellexerit.
