2862 4910
772 385 826 438 304

246 553 289 620 ad
311 555 468 621 inlinitum
502 577 595 622 suum
628 556 822 641 principium
848 556 1051 641 adiungeret
1085 579 1165 623 non⁴
1184 579 1343 624 sensurum

247 665 358 747 fuisse,
381 665 425 742 id,
446 664 533 747 quod
556 673 643 731 esset
658 665 827 742 inlinitum,
849 665 911 732 hoc
933 674 1020 733 motu
1036 670 1232 733 moverinon
1246 688 1343 752 posse.

246 774 333 857 Ergo
355 777 559 840 temerarium
590 781 640 840 est
662 775 804 857 credere,
843 796 917 842 eum
941 778 1102 861 principio
1136 785 1256 843 motum
1289 779 1344 843 cir-

245 884 386 950 cularem
422 885 583 964 tribuisse,
629 885 690 950 nisi
727 884 762 950 id
805 885 928 969 apertis
962 887 1121 954 historiae
1157 889 1344 954 testimoniis

245 993 391 1059 traditur.

345 1123 458 1188 Tertia
476 1120 616 1205 deniqne
639 1125 723 1188 ratic
746 1131 806 1206 est,
828 1123 955 1206 quode
979 1126 1047 1190 solo
1070 1123 1187 1191 infiniti
1204 1125 1345 1209 principii

245 1240 333 1298 motu
355 1233 513 1314 circulari,
535 1251 621 1314 quae
642 1232 887 1298 Anaximander
907 1233 948 1298 de
970 1253 1076 1299 rerum
1091 1236 1218 1317 origine
1233 1234 1344 1315 docuit,

245 1345 374 1407 omnino
396 1362 459 1406 non
472 1346 608 1426 possunt
632 1341 799 1426 explicari.
823 1342 952 1408 Etenim
968 1345 1096 1426 scimus,
1118 1343 1345 1410 Anaximandri

246 1453 408 1517 sententia
430 1472 535 1517 rerum
558 1452 796 1517 multitudinem
819 1472 858 1517 ec
880 1453 983 1536 gigni,
1012 1453 1098 1535 quod
1126 1472 1168 1518 ex
1190 1453 1346 1537 principio

246 1563 407 1627 contraria
440 1561 504 1644 ipsi
536 1563 634 1627 insita
656 1567 873 1628 secernantur.
916 1563 1007 1628 Haec
1040 1565 1272 1629 contrariorum
1303 1581 1346 1626 sc-

246 1672 344 1735 cretio
368 1675 479 1754 posset
501 1669 642 1752 quidem,
665 1676 700 1736 ut
722 1676 818 1737 antea
839 1673 903 1736 iam
924 1672 1065 1736 breviter
1087 1672 1268 1736 monuimus
1279 1671 1309 1750 ¹),
1330 1689 1347 1734 e

246 1779 385 1863 quodam
419 1780 523 1864 ipsius
553 1781 703 1864 principii
737 1782 858 1847 vortice
892 1781 1059 1864 explicari,
1093 1782 1123 1846 si
1158 1780 1347 1865 principium

246 1897 332 1955 esset
353 1890 467 1955 mixtio
490 1910 508 1954 e
532 1891 699 1956 contrariis
722 1911 829 1956 rerum
851 1892 1018 1957 elementis
1039 1911 1098 1976 per
1120 1911 1155 1956 se
1178 1889 1348 1956 constanti·

247 1999 309 2065 bns
332 2001 520 2083 composita,
544 2001 701 2083 itatem,
736 2008 770 2065 ut
791 2001 852 2066 hoc
874 2004 1005 2083 vortice,
1036 2020 1120 2083 qnae
1141 2003 1175 2064 in
1196 2001 1349 2064 mixtione

247 2108 392 2176 inessent
413 2109 574 2191 graviora,
607 2109 641 2174 in
669 2109 778 2175 medio
811 2112 882 2176 loeo
917 2111 1086 2194 nominem,
1119 2129 1203 2194 qnae
1229 2108 1350 2174 leviora

247 2217 402 2300 inessent,
433 2217 476 2284 ad
502 2219 673 2285 circuitum
700 2220 840 2302 propelli
862 2218 1056 2284 dicerentur.
1100 2220 1144 2283 At
1167 2220 1252 2284 enim
1276 2236 1350 2282 vero

247 2328 483 2394 Anaximandri
504 2327 697 2412 principium
726 2349 791 2393 non
824 2335 874 2394 est
904 2327 1018 2393 mixtio
1044 2329 1274 2394 clementorum
1296 2345 1351 2409 pcr

247 2457 283 2502 se
305 2439 530 2518 constantium,
563 2436 622 2502 sed
658 2444 708 2502 est
736 2437 919 2503 substantia
951 2437 1090 2521 simplex
1121 2437 1264 2520 propriis
1287 2436 1352 2500 suis

248 2546 456 2628 qualitatibus
479 2545 638 2629 praedita,
663 2547 696 2610 in
717 2566 783 2628 qua
804 2545 986 2612 contrariae
999 2547 1231 2611 clementorum
1251 2545 1352 2628 quali·

247 2662 331 2722 tates
353 2676 416 2721 non
440 2657 549 2720 insunt
579 2655 642 2720 nisi
664 2657 819 2740 potentia.
863 2656 889 2720 Ε
923 2656 1106 2722 substantia
1135 2660 1243 2721 autem
1278 2655 1352 2718 sim·

247 2765 327 2849 plici
351 2772 383 2830 et
404 2764 524 2846 ubique
547 2766 597 2829 sui
620 2764 719 2829 simili
740 2764 901 2848 quomodo
924 2767 1045 2830 vortice
1068 2763 1211 2846 quodam
1228 2765 1352 2847 possint

246 2874 426 2939 contrariae
449 2871 622 2956 qualitates
646 2875 778 2952 secerni,
801 2895 865 2939 non
888 2880 996 2957 potest
1010 2873 1166 2957 intellegi,
1189 2873 1255 2937 nisi
1270 2872 1352 2937 forte

246 2985 420 3066 putareris,
445 2982 505 3047 has
529 2982 700 3064 qualitates
723 2983 802 3048 nihil
825 3003 897 3049 esse
918 2982 983 3048 nisi
1004 2983 1150 3049 diversas
1173 2981 1353 3047 densitates

246 3100 280 3158 et
311 3094 474 3167 raritatem
508 3091 542 3156 id
575 3091 662 3174 quod
692 3093 734 3158 ab
761 3091 998 3158 Anaximandri
1030 3091 1179 3158 doctrina
1210 3091 1353 3156 vidimus

246 3201 386 3267 alienum
409 3221 490 3266 esse.
534 3200 572 3265 In
605 3202 789 3266 universnm
815 3202 902 3266 enim
930 3201 1026 3266 facile
1051 3206 1149 3284 patet,
1173 3200 1201 3264 si
1225 3219 1268 3265 ex
1291 3220 1355 3266 una

247 3311 428 3376 substantia
452 3309 592 3393 simplici
615 3329 666 3374 res
692 3309 898 3394 generandae
932 3311 997 3375 sint
1019 3309 1191 3375 contrariis
1214 3311 1353 3390 qualita-

247 3419 332 3485 tibus
358 3425 494 3497 utentes,
530 3420 563 3482 in
600 3417 661 3483 hac
694 3420 874 3485 substantia
907 3419 1015 3484 inesse
1050 3425 1198 3501 oportere
1231 3425 1354 3484 motum

178 3509 182 3520 ⁵
248 3527 418 3611 quendam,
450 3528 506 3608 qui
537 3530 653 3592 nonin
677 3529 746 3593 sola
772 3528 836 3594 loci
865 3527 1042 3594 mutatione
1066 3533 1216 3593 cernatur
1241 3526 1355 3607 (talem

247 3639 332 3702 enim
354 3642 474 3701 motum
499 3635 592 3718 sequi
615 3655 679 3701 non
701 3642 837 3720 possunt
858 3636 922 3700 nisi
954 3656 1059 3702 novae
1092 3636 1253 3718 quaedam
1282 3655 1355 3718 par-

247 3746 327 3809 tium
350 3745 384 3808 in
407 3743 514 3827 spatio
530 3745 770 3828 dispositiones,
795 3745 1026 3822 concretiones,
1050 3742 1271 3825 discretiones,
1295 3763 1355 3808 nee

246 3874 323 3918 vero
345 3872 448 3918 novae
471 3854 611 3936 partium
639 3853 837 3936 qualitates),
865 3853 923 3918 sed
945 3856 999 3934 qui
1027 3873 1087 3918 sua
1108 3853 1213 3934 ipsius
1235 3859 1356 3918 natura

247 3963 279 4025 in
309 3959 448 4043 quadam
484 3980 640 4025 novarum
663 3961 854 4042 qualitatum
886 3960 1153 4043 progeneratione
1187 3961 1355 4026 consistat.

349 4283 375 4348 l)
391 4280 462 4334 Vide
480 4298 564 4350 supra
581 4298 610 4351 p.
629 4283 681 4334 287
