2864 4910
719 293 772 346 408

204 465 409 551 pedatiam
442 485 506 530 non
534 466 653 550 poterit
686 465 820 532 dubium
850 486 931 534 esse.
975 466 1052 550 Ipse
1087 467 1165 533 solis
1205 466 1323 531 annuli

205 581 309 642 motus
338 575 422 640 inter
454 576 607 664 circulum
641 575 843 641 solstitialem
873 583 905 642 et
926 577 1106 644 brumalem
1127 583 1177 642 est
1200 594 1322 659 quae-

207 685 292 750 dam
315 684 398 750 eius
421 683 526 750 inter
548 683 646 750 duos
669 685 861 751 terminos
884 686 1096 751 oscillatic.
1130 687 1258 751 Totam
1273 686 1323 752 rei

206 795 362 860 rationem
385 793 486 859 oculis
516 794 663 860 subicere
687 796 794 860 conati
818 815 926 860 sumus
950 797 983 860 in
1005 795 1126 879 tabula,
1157 816 1265 878 qnam
1289 797 1323 859 in

206 901 281 968 libri
303 902 367 968 fine
388 901 612 981 adiecimusll.

307 1010 397 1088 Quae
418 1011 459 1076 de
481 1012 559 1077 solis
581 1014 700 1077 annulo
724 1012 877 1096 diximus,
898 1014 997 1079 facile
1026 1014 1069 1079 ad
1092 1015 1190 1080 lunae
1215 1035 1322 1079 annu-

208 1121 274 1185 lum
295 1121 540 1186 transleruntur.
586 1120 666 1186 Cum
689 1124 767 1187 luna
790 1128 936 1206 tempore
958 1124 1060 1189 multo
1077 1125 1229 1189 breviore
1244 1143 1323 1188 con-

210 1231 393 1324 versionem
414 1230 503 1295 illam
524 1230 680 1314 perficiat,
712 1253 776 1298 non
805 1232 1034 1298 veridissimile
1057 1232 1194 1307 videtur,
1221 1231 1322 1298 buius

210 1341 259 1405 rei
281 1359 430 1406 caussam
452 1341 493 1406 ab
507 1340 750 1407 Anaximandro
772 1343 805 1405 in
828 1361 866 1406 eo
880 1341 1018 1425 positam
1034 1361 1115 1424 csse,
1138 1340 1324 1426 quodluna

210 1455 300 1516 tanto
323 1451 494 1516 intervallo
516 1453 584 1516 sole
607 1451 742 1517 inferior
764 1458 858 1517 esset.

310 1560 477 1642 Pliniusl),
500 1560 541 1626 de
563 1561 683 1627 circulo
714 1561 867 1644 signifero
891 1561 1036 1644 loquens,
1070 1561 1322 1644 „obliquitatem

212 1669 313 1751 eiua“,
335 1671 424 1751 iquit‚
461 1669 689 1752 ,intellexisse
722 1669 757 1734 id
786 1676 844 1754 est,
877 1690 982 1735 rernm
1015 1671 1102 1735 foras
1137 1672 1320 1754 aperuisse,

212 1778 454 1844 Anaximander
473 1777 618 1844 Milesius
640 1777 779 1844 traditur
801 1781 951 1864 primua¹‘.
996 1778 1168 1862 Quodque
1189 1781 1322 1844 ratione

212 1907 325 1953 verum
348 1888 401 1963 sit,
419 1907 460 1952 ex
483 1888 534 1969 iis,
557 1907 639 1970 quae
664 1886 911 1971 disputavimus,
936 1889 1015 1954 satis
1038 1895 1184 1973 apparet.
1227 1886 1321 1954 Addi

115 1989 125 2002 “
214 2002 329 2081 potest,
348 1996 435 2080 quod
459 1995 617 2061 Stobaeus
646 1996 727 2080 ipsis
748 1997 855 2062 verbis
878 1996 968 2080 dicit,
990 1999 1225 2063 Anaximandri
1248 2018 1320 2064 aen-

213 2104 317 2170 tentia
337 2105 447 2170 lunam
480 2124 553 2170 esse
585 2105 693 2170 orbem
714 2101 880 2186 ῐκείμενον
913 2096 1088 2187 λοξόν’*).
1131 2107 1168 2173 si
1189 2106 1319 2171 Plinius

215 2235 288 2280 eum
310 2203 390 2279 dicit
411 2207 522 2280 ‘foras
545 2205 731 2294 aperuisse’
753 2216 823 2280 eius
846 2217 1007 2288 scientiae,
1032 2223 1179 2299 quaeest
1201 2215 1243 2281 de
1258 2215 1319 2281 cir·
1428 2251 1430 2260 .

216 2324 288 2389 culo
312 2322 477 2407 signifero,
507 2322 594 2389 baud
618 2325 684 2389 acio
711 2343 752 2388 an
775 2329 862 2390 recte
885 2323 951 2390 dici
972 2325 1074 2407 possit
1096 2325 1209 2390 foras
1231 2345 1280 2408 ap
1290 2344 1320 2389 e·

215 2433 344 2498 ruisse
377 2431 503 2516 ipsius
537 2433 791 2515 astrologiae.
841 2432 991 2516 Maximo,
1024 2434 1148 2519 opinor,
1182 2433 1319 2517 impedi·
1427 2421 1429 2460 ³

217 2549 325 2608 mento
348 2542 470 2624 eierat,
493 2541 580 2624 quod
602 2547 719 2606 terram
741 2562 806 2608 non
827 2543 959 2630 globum
982 2543 1040 2608 sed
1061 2544 1194 2626 planum
1217 2543 1320 2627 cylin-
1428 2617 1429 2626 χ

217 2652 308 2717 drum
332 2651 480 2735 putabat3
516 2651 549 2716 in
581 2671 647 2734 qua
679 2651 807 2734 quidem
841 2671 876 2717 re
904 2671 1014 2717 omnes
1042 2652 1144 2717 lonici
1178 2673 1249 2718 cum
1281 2670 1319 2716 eo
1428 2655 1429 2672 ¹

219 2762 470 2839 consentiebant,
484 2757 539 2825 'ob
561 2761 728 2826 eandem·
744 2764 828 2827 sine
843 2760 963 2826 dubio
986 2781 1176 2844 caussam,
1199 2760 1240 2828 de
1255 2780 1321 2844 qua
1428 2799 1429 2834 2

219 2892 294 2938 mox
315 2870 449 2937 dicetur.
1429 2855 1430 2875 ¹

319 2982 347 3046 9.
393 2979 463 3058 Qua
490 2981 617 3046 ratione
639 2980 882 3047 Anaximandro
916 2981 1017 3047 solis
1051 2987 1090 3045 et
1117 2982 1235 3047 lonae
1257 2980 1319 3045 de-

219 3092 351 3156 fectus
374 3088 560 3173 explicandi
583 3091 712 3169 fuerim,
734 3092 816 3155 ultro
839 3093 933 3174 quasi
961 3091 1107 3174 sequitur
1129 3111 1170 3156 ex
1192 3111 1232 3157 ea
1252 3109 1320 3156 sen·

221 3345 286 3400 luto.
305 3345 369 3414 1,st
388 3362 415 3413 p.
434 3345 477 3406 22,
498 3345 530 3398 at
552 3344 597 3412 (de
616 3342 811 3412 Anaxagora):
832 3339 953 3412 „sporum
974 3342 1006 3395 di
1024 3348 1167 3396 ποιεῖσθαι
1184 3346 1230 3394 καὶ
1248 3339 1321 3409 ἣλιον

221 3445 267 3494 καὶ
287 3434 402 3507 σελήνην
420 3436 692 3510 ἀπωθουμένους
712 3435 765 3492 ὑπὸ
785 3439 831 3492 τοῦ
851 3435 958 3509 ἀέρος.“

323 3538 350 3606 1)
369 3536 440 3592 Vide
459 3536 515 3590 tab.
537 3536 567 3589 in
584 3536 651 3589 libri
669 3535 733 3604 fine,
751 3535 799 3605 fig.
818 3535 855 3588 lI.

321 3635 349 3702 2)
368 3633 466 3687 Nonne
483 3632 544 3686 fieri
562 3632 660 3702 possit.
678 3636 710 3687 ut
728 3631 938 3686 Anaximander
957 3648 999 3700 ec,
1017 3631 1092 3698 quod
1111 3631 1189 3685 illam
1208 3647 1321 3685 conver·
1429 3660 1430 3686 r

222 3731 327 3785 sionem
347 3748 362 3784 a
381 3731 448 3784 luna
469 3729 574 3783 sciebat
592 3734 651 3783 tam
669 3729 749 3783 brevi
768 3734 894 3797 tempore
914 3727 1020 3796 confici,
1044 3728 1167 3797 primum
1186 3728 1323 3784 adductus
1429 3759 1430 3765 =

223 3828 268 3894 sit,
288 3832 319 3880 ut
338 3844 398 3880 eam
417 3830 497 3880 tanto
517 3826 668 3879 intervallo
688 3829 802 3894 putaret
824 3827 881 3879 sole
900 3824 1061 3879 inferiorern
1081 3825 1162 3879 esee?

323 3925 352 3992 3)
371 3923 405 3978 Η.
424 3924 488 3978 Nat.
508 3924 544 3992 11,
564 3925 589 3977 8.

323 4024 350 4090 4)
369 4021 445 4074 Stob.
464 4021 485 4088 l,
499 4021 542 4087 26,
560 4037 587 4088 p.
603 4019 663 4073 550.
684 4019 764 4086 Quod
784 4020 819 4073 ab
839 4020 901 4073 aliis
921 4020 990 4074 haec
1007 4019 1132 4073 inventio
1145 4018 1324 4089 Pythagorae

222 4121 368 4183 tribuitur,
389 4120 464 4174 Plut.
483 4119 558 4174 Plae.
579 4120 614 4181 ΙΙ,
635 4121 682 4184 12;
702 4117 780 4172 Stob.
800 4118 821 4186 l,
841 4119 888 4182 23,
905 4135 933 4186 p.
953 4117 1014 4184 505,
1043 4134 1075 4170 eo
1098 4115 1217 4170 fortasse
1237 4116 1323 4185 expli·

225 4223 313 4287 catur,
333 4216 408 4286 quod
428 4235 444 4270 a
461 4216 624 4288 Pythagora
643 4217 691 4271 ille
712 4215 832 4270 circulus
851 4215 910 4284 ipse
929 4213 1032 4269 clarius
1051 4212 1182 4268 definitus
1202 4217 1253 4267 est.
