2860 4906
647 387 700 442 259

81 557 287 627 Aristoteles
311 559 545 628 Anaximandri
570 561 766 646 principium
795 565 936 646 potuerit
963 564 1031 630 aine
1056 565 1121 630 ullo
1144 563 1201 630 de·

80 666 179 734 laetu
203 674 271 736 turn
292 670 376 735 inter
399 669 478 735 haee
499 676 567 735 turn
589 671 673 736 inter
696 671 753 736 illa
775 672 853 738 bina
881 674 1039 739 elementa
1060 671 1202 740 medium

81 776 215 844 dieere.
268 778 459 845 Aristoteles
490 779 589 862 igitur
619 780 683 849 duo
719 783 879 848 elementa
913 783 1004 866 ponit
1035 781 1212 864 frigida,¹

81 892 214 954 terram
237 894 269 954 et
291 909 418 972 aquam,
442 889 627 973 pariterque
650 889 713 956 due
736 892 895 957 elementa
918 890 1064 972 aalide,
1095 911 1202 959 aerem

84 1004 120 1061 at
145 997 277 1080 ignem;
299 1018 410 1065 rursus
431 1005 540 1066 autem
555 999 667 1066 horum
690 1001 920 1067 elementorum
938 998 1073 1080 duobus,
1097 1021 1203 1085 aquae

84 1111 121 1170 et
144 1106 228 1189 aeri,
251 1106 529 1174 humiditatem
552 1108 672 1191 tribuit,
701 1128 819 1192 aquam
849 1109 961 1176 dicens
985 1108 1148 1176 humidam
1170 1116 1203 1176 et

87 1213 261 1296 frigidam,
283 1233 390 1282 aerem
414 1222 521 1282 antem
536 1215 703 1283 humidum
727 1223 759 1284 et
781 1217 931 1283 calidum.
975 1217 1065 1284 Haec
1088 1221 1115 1284 si
1128 1239 1201 1286 eon-

86 1322 289 1402 sideramna
316 1325 463 1408 protinus
476 1332 574 1409 patet,
596 1326 781 1393 Aristotelis
806 1346 915 1394 aerem
928 1328 1056 1412 pmprie
1070 1327 1202 1410 quidem

87 1431 134 1496 ad
167 1437 313 1498 neutram
346 1433 473 1499 illarum
501 1434 638 1501 duarum
670 1434 900 1503 Anaximandri
925 1444 1120 1514 naturarum,
1149 1456 1202 1502 ae-

87 1562 161 1626 quo
202 1550 309 1610 autern
347 1544 417 1611 iure
452 1544 495 1611 ad
529 1553 697 1629 utramque
738 1545 853 1612 referri
897 1551 1016 1631 ponaer·
1043 1554 1202 1630 qnatenus

89 1653 180 1716 enirn
212 1652 364 1721 humidus
380 1661 439 1739 eat,
462 1655 504 1722 ad
527 1663 673 1723 naturam
694 1655 871 1740 humidam,
895 1665 1053 1740 quatenus
1076 1657 1202 1724 ualidus

90 1768 157 1843 est,
193 1761 236 1828 ad
265 1771 412 1830 naturam
448 1766 586 1848 igneam,
625 1771 785 1849 quatenns
808 1772 915 1833 autem
954 1766 1049 1833 simul
1083 1773 1203 1833 utrum·

91 1891 161 1954 que
183 1878 242 1950 eet,
264 1893 323 1939 naa
346 1871 388 1939 ad
410 1873 494 1940 hana
515 1895 576 1940 nee
595 1874 639 1941 ad
659 1876 746 1940 illam
772 1874 886 1942 referri
908 1881 1023 1959 petest.

199 1982 249 2046 Ex
272 1981 359 2048 hisee
383 1981 478 2048 iaeile
502 1985 715 2065 cognoscitur,
738 1985 792 2067 qui
815 1984 884 2050 deri
906 1984 1059 2068 potnerit,
1081 1991 1116 2050 ut
1134 1985 1203 2051 Ari-

94 2090 233 2154 stotelen
254 2088 488 2156 Anaximandri
509 2090 706 2175 principium
736 2096 804 2156 turn
828 2091 911 2157 inter
931 2089 1012 2158 haee
1034 2097 1099 2158 turn
1121 2093 1204 2158 inter
1255 2175 1257 2178 Ι

95 2199 157 2264 illa
178 2198 256 2266 bina
287 2199 448 2265 elementa
478 2199 619 2266 medium
653 2200 782 2266 diaeret.
825 2200 910 2266 Nam
944 2199 984 2280 si,
1017 2220 1038 2266 a
1072 2220 1131 2267 sna
1162 2199 1203 2266 de

95 2308 267 2374 elementia
290 2305 435 2375 doctrina
457 2309 628 2392 proiectus,
652 2307 687 2373 id
702 2309 902 2392 potissimum
919 2308 1098 2392 speetabat,
1118 2309 1202 2378 Ana-

95 2416 260 2484 ximandri
283 2416 477 2501 principium
501 2417 639 2484 medinm
672 2436 744 2484 esse
771 2418 855 2485 inter
881 2424 1060 2483 naturam
1088 2416 1204 2482 humi·

96 2526 185 2592 dam
207 2532 248 2591 et
277 2533 455 2593 naturam
488 2529 651 2609 igneam,
682 2525 743 2592 hoe
770 2526 965 2611 principium
997 2526 1081 2592 ultro
1110 2527 1203 2610 qnasi

97 2637 202 2701 inter
223 2654 356 2702 aerem
380 2641 418 2702 et
441 2637 571 2718 ignem
592 2633 734 2702 medium
757 2635 903 2708 dicebat:
938 2634 1129 2715 sinautem,
1161 2635 1203 2702 ab

98 2745 215 2812 eadem
238 2744 278 2812 de
301 2746 470 2812 elementis
492 2744 641 2811 doctrina
666 2743 839 2828 presented,
874 2744 1052 2828 reputabat,
1085 2744 1202 2810 Anaxi-

98 2855 226 2921 mandri
249 2853 410 2920 sententia
432 2859 578 2920 naturam
598 2843 764 2919 humidam
783 2861 815 2919 et
830 2858 977 2920 naturam
999 2853 1129 2936 igneam
1149 2854 1203 2919 iri·

99 2982 177 3044 gere
200 2969 233 3029 et
265 2963 373 3030 ualere
395 2961 528 3028 differre
556 2980 698 3044 ergaque
732 2959 801 3027 eius
836 2961 1028 3044 principium
1061 2960 1203 3027 medinm

100 3092 173 3138 eme
196 3073 280 3138 inter
294 3077 442 3138 naturam
454 3070 604 3151 frigidam
627 3076 665 3137 et
685 3075 863 3135 naturam
887 3069 1062 3152 calidam,
1084 3072 1204 3154 pariter

100 3181 183 3247 nltrn
205 3183 296 3263 quasi
317 3181 350 3246 id
373 3179 567 3265 principium
583 3178 721 3246 medinm
744 3178 875 3245 dieebat
901 3179 985 3244 inter
1006 3199 1144 3261 aquam
1166 3183 1204 3245 et

101 3310 244 3374 aerem,
266 3295 447 3375 propterea,
477 3289 564 3372 quod
586 3290 688 3373 ipsius
717 3288 879 3356 sententia
901 3307 987 3370 aqua
1014 3294 1047 3354 et
1072 3308 1128 3355 aer
1150 3287 1205 3353 fri·

102 3398 168 3482 gidi
192 3405 224 3464 et
247 3400 344 3465 aalidi
366 3399 458 3482 qnasi
474 3400 600 3465 termini
614 3404 698 3465 aunt.
720 3397 789 3463 Iam
813 3417 899 3480 vero,
922 3398 949 3462 ni
972 3402 1071 3464 totam
1084 3398 1204 3462 Anaxi·

102 3507 227 3574 mandri
249 3509 405 3574 rationem
417 3507 666 3590 eonsideramna,
690 3508 856 3573 nerteeinn
875 3504 1071 3592 prineipium
1093 3506 1203 3590 aptius

103 3618 200 3685 etiam
223 3617 352 3684 videtur
373 3617 535 3702 appellari
557 3617 701 3702 potuisse
724 3615 809 3682 inter
833 3637 975 3699 aquarn
1009 3622 1048 3682 et
1074 3615 1204 3697 ignem

104 3727 252 3793 madium.
295 3726 343 3792 Ae
364 3745 477 3792 revera
489 3726 694 3792 Aristotelem
717 3722 858 3791 vidimus
882 3744 944 3790 une
964 3722 1203 3806 leaequnsdanr

104 3854 280 3902 memorare
302 3833 522 3919 philosophos,
545 3834 601 3916 qni
623 3852 728 3898 rerum
747 3832 940 3917 prineipium
964 3837 1109 3898 naturam
1133 3850 1204 3898 ease

106 3951 279 4011 statuerent
292 3946 375 4010 inter
398 3963 542 4026 aquam
564 3949 602 4007 et
617 3961 751 4008 aerem
774 3941 913 4008 mediam
921 3942 961 4022 ¹);
984 3961 1119 4024 quorum
1136 3939 1204 4024 phi·

108 4148 300 4158 ———‚..

204 4283 231 4352 1)
248 4281 367 4336 Aristot.
386 4280 469 4350 Phys.
489 4281 511 4349 1,
533 4281 557 4334 6.
578 4280 647 4332 189Ι
662 4281 705 4332 35.
724 4277 787 4334 vid.
807 4294 882 4346 supr.
902 4295 929 4346 p.
950 4276 985 4330 64
1003 4281 1059 4330 not
1079 4278 1104 4330 2.
