2862 4910
795 355 848 416 940

269 529 385 599 litate
418 533 551 598 media
581 535 635 600 sit
668 537 772 600 inter
805 536 901 601 duas
937 543 1106 603 naturas
1137 537 1344 618 contrarias,

270 648 451 708 naturam
466 643 654 726 frigidam
669 664 833 726 eamque
847 645 1043 710 humidam
1059 652 1173 728 atque
1190 666 1344 730 opacam,

270 756 307 814 et
328 759 513 816 naturam
538 752 703 818 calidam
726 775 887 837 eamque
910 757 1064 839 igneam
1085 777 1131 821 ac
1154 757 1321 822 lucidam

368 860 458 926 Haec
470 862 653 928 substantia
664 863 797 946 infinita,
821 867 950 948 pulsa,
972 867 1121 949 opinor,
1145 867 1344 947 insitaqua-

268 969 358 1034 dam
381 972 602 1052 generandi
624 973 888 1056 adpetitione,
915 975 957 1039 ab
986 977 1072 1040 omni
1102 977 1287 1040 aeternitate
1307 975 1345 1036 in·

268 1081 535 1146 numerabiles
556 1101 603 1148 ex
625 1102 713 1148 sese
735 1090 898 1167 generat
914 1084 1088 1166 mundos,
1117 1091 1214 1167 atque
1236 1082 1344 1166 quiden

267 1194 299 1251 et
322 1188 573 1255 innumerabiles
596 1193 692 1256 simul
714 1194 746 1256 in
768 1193 842 1274 ipsa
855 1199 1038 1258 constantes
1059 1195 1253 1277 paribusque
1267 1195 1343 1257 inter-

266 1295 362 1362 vallis
384 1299 467 1363 inter
487 1319 523 1366 se
547 1300 715 1382 distantes,
738 1308 771 1366 et
786 1302 1034 1367 innumerabiles
1051 1301 1175 1366 infinito
1197 1321 1275 1368 aeuo
1293 1320 1344 1364 cer-

266 1407 309 1471 tis
331 1407 486 1490 temporis
508 1409 688 1476 intervallis
710 1410 865 1494 deinceps
887 1412 1028 1476 orientes
1050 1411 1299 1492 occidentesque.

365 1516 441 1600 Ipse
460 1517 651 1583 mundorum
678 1521 843 1602 generatio
872 1519 907 1583 in
929 1513 1013 1584 lione
1040 1518 1075 1582 fit
1096 1519 1236 1585 modum.
1277 1517 1343 1582 Sub-

266 1628 386 1692 stantia
408 1627 533 1692 infinita
555 1629 693 1711 primum
706 1629 995 1694 innumerabilibus
1011 1629 1114 1712 ipsios
1133 1630 1212 1694 locis
1235 1649 1272 1694 ex
1285 1645 1342 1692 sese

266 1737 405 1802 secernit
426 1738 616 1820 quaedam
641 1741 868 1805 mundorum
903 1742 1059 1820 semina,
1094 1759 1136 1804 ex
1167 1738 1238 1821 ipsa
1265 1734 1341 1819 quasi

265 1848 428 1927 turgentia
461 1847 602 1930 (γόνιμα)
635 1849 760 1915 duabus
787 1847 911 1914 naturis
944 1849 1124 1930 contrariis,
1161 1855 1271 1913 natura
1295 1845 1342 1909 bu-

265 1955 353 2020 mida
374 1977 412 2020 ac
435 1957 558 2040 frigida
588 1965 620 2022 et
640 1965 758 2022 natura
780 1958 877 2041 ignea
902 1979 940 2022 ac
963 1957 1078 2022 calida.
1103 1944 1212 2053 ¹(luae
1233 1955 1342 2039 quiden

264 2066 387 2130 semina
421 2067 594 2130 verisimile
627 2073 676 2130 est
705 2066 747 2131 ab
770 2065 1013 2131 Anaximandro
1046 2065 1199 2131 similia
1229 2061 1341 2147 putari

265 2191 429 2254 ovorum,
452 2180 549 2256 atque
572 2173 733 2256 duplicem
761 2173 890 2256 quidem
914 2175 955 2239 ob
979 2193 1136 2255 caussam,
1156 2173 1296 2256 primurn,
1315 2174 1342 2231 ut

264 2288 360 2346 antea
381 2284 444 2348 iam
466 2284 644 2348 monuimus
656 2282 691 2362 ¹),
725 2291 905 2368 propterea,
939 2284 1035 2365 quod,
1067 2301 1152 2365 quae
1174 2303 1215 2347 ex
1235 2281 1271 2346 iis
1291 2278 1341 2342 ori·
1400 2339 1401 2374 ἶ

262 2399 366 2474 untur,
388 2395 497 2458 statim
514 2393 555 2458 ab
577 2393 669 2458 initio
690 2393 825 2477 liguram
846 2393 965 2458 babent
987 2391 1155 2475 globosam
1176 2399 1217 2473 et,
1238 2387 1342 2474 pariter
1400 2411 1401 2414 ¹

262 2509 359 2584 atque
386 2523 447 2567 ora
471 2504 503 2567 in
531 2504 652 2568 luteum
684 2492 857 2576 stelbom,
890 2503 921 2565 in
954 2508 1078 2585 partem
1108 2500 1288 2564 interiorem
1316 2499 1341 2558 et

262 2613 452 2677 exteriorem
476 2611 584 2676 divise
605 2616 688 2694 sunt,
711 2610 830 2676 deinde
852 2616 1033 2694 propterea,
1056 2608 1144 2691 quod
1167 2608 1340 2673 Anaximan-

261 2719 354 2785 drum
377 2720 577 2786 ostendimus
608 2720 799 2784 mundorum
827 2720 1067 2802 generationem
1094 2717 1200 2783 videri
1221 2715 1340 2782 similem

261 2838 376 2914 putare
398 2831 438 2913 ei,
462 2833 545 2912 quae
569 2832 601 2895 in
625 2828 821 2894 animalibus
847 2834 1038 2910 cerneretur,
1061 2826 1142 2892 baec
1164 2834 1264 2892 autem
1284 2843 1339 2887 om·
1400 2879 1401 2916 ,

262 2940 337 3004 nino
360 2941 402 3004 ab
431 2959 563 3004 ovorum
597 2939 807 3022 generatione
837 2939 964 3003 videtur
994 2937 1147 3021 incipere.
1192 2936 1286 3014 Quam
1306 2928 1339 2994 ob
1400 2923 1401 2970 t

261 3068 408 3113 caussam
439 3048 508 3113 sine
544 3047 642 3113 dubio
675 3046 809 3130 Orpbioi
844 3065 970 3128 quoque
1004 3065 1022 3110 e
1053 3046 1223 3129 principiis
1252 3043 1339 3126 primo
1400 3045 1401 3050 ’

261 3175 356 3221 ovum
387 3165 479 3222 etex
502 3177 562 3221 ovo
585 3157 713 3221 demum
735 3157 886 3221 mundum
909 3160 1075 3238 generant.
1121 3155 1228 3238 Ipsum
1247 3157 1338 3216 autem

259 3265 533 3350 Anaximandrum
576 3284 702 3330 onmem
732 3265 972 3348 generationem
1005 3269 1117 3345 putare
1150 3262 1192 3327 ab
1225 3277 1338 3325 ovorum

259 3374 468 3458 generatione
495 3374 646 3457 incipere,
680 3395 718 3439 eo
750 3373 985 3456 quodammodo
1013 3370 1140 3437 videtur
1167 3365 1337 3444 confirmari,

259 3484 345 3565 quod
368 3485 473 3566 prima
493 3484 648 3548 animalia
670 3484 783 3548 statuit
806 3484 839 3547 in
862 3483 994 3548 humore
1017 3471 1179 3554 ortaesse
1201 3473 1337 3546 cortici·
1400 3479 1401 3502 l

259 3593 326 3657 bus
350 3593 511 3657 inclusa
533 3592 759 3676 spinosis²);
789 3591 822 3655 hi
847 3593 930 3656 enim
954 3591 1090 3656 cortices
1112 3589 1258 3655 videntur
1276 3584 1335 3649 vice
1400 3579 1401 3598 ¹

259 3701 350 3783 iungi
373 3720 513 3766 ovorum.
558 3702 619 3766 llla
642 3702 741 3783 igitur
763 3700 953 3765 mundorum
976 3700 1107 3777 semina,
1132 3700 1192 3781 vel,
1214 3705 1246 3762 ut
1258 3713 1335 3778 aper-

257 3810 321 3873 tius
353 3810 468 3893 dicam,
501 3811 644 3876 inclusae
678 3811 743 3874 illis
777 3810 953 3876 seminibus
986 3808 1129 3873 infinitae
1156 3804 1335 3873 substantiae

257 3927 374 4001 partes,
399 3920 436 3984 in
458 3927 624 3986 naturas
647 3920 735 3985 illas
759 3922 983 3985 contrarias
1006 3938 1050 3983 se
1073 3917 1261 3992 dirimunt,
1290 3914 1334 3990 ita,

357 4169 383 4235 1)
403 4167 466 4221 Vid.
481 4186 564 4237 supra
582 4187 609 4238 p.
630 4171 690 4223 246.

355 4263 381 4332 2)
401 4263 476 4317 Plub.
495 4263 570 4317 Plac.
590 4265 623 4328 V,
646 4267 686 4318 19.
