2882 4902
764 321 781 374 8

223 494 318 558 simul
331 494 544 576 cognoscitur,
568 493 640 576 quis
655 492 778 578 primus
790 495 951 559 notionem
975 493 1031 557 illo
1043 492 1200 558 vocabulo
1220 492 1336 575 signi-

223 601 351 669 ficatam
383 609 533 668 accurate
565 609 670 668 mente
698 603 929 685 informaverim
962 602 996 667 in
1026 621 1090 685 qua
1116 621 1150 666 re
1182 601 1337 666 maxime

224 732 343 793 eornm,
365 711 422 795 qui
443 713 478 776 in
499 711 610 794 eliqua
632 693 807 796 disciplina
820 711 941 778 versati
963 719 1045 812 suqt,
1068 712 1232 795 ingenium
1254 731 1338 777 cer·

225 822 319 889 nitur.
345 820 438 900 Quod
454 822 482 888 si
498 828 652 899 tenemus,
675 841 757 900 eum,
781 822 836 905 qui
851 823 972 909 primus
988 821 1030 887 ed
1045 842 1202 888 summum
1217 841 1335 887 rernm

225 931 421 1017 principium
452 931 700 1015 significandum
730 921 833 1016 ἀρχῆς
865 932 1021 998 vocabulo
1048 950 1123 998 usus
1155 932 1207 1014 sit,
1239 938 1337 996 recte

225 1040 442 1108 iudicabimus
457 1040 561 1122 ipsam
577 1060 704 1124 quoqne
724 1041 839 1107 summi
862 1041 1016 1127 principii
1040 1041 1204 1108 notionem
1225 1041 1335 1106 talem

226 1152 425 1235 concepisse,
459 1151 564 1233 qualis
589 1149 650 1217 hoc
678 1152 835 1218 vocabulo
858 1151 1071 1235 significatum
1108 1149 1335 1216 iudicabimus

225 1261 333 1345 igitur,
357 1280 430 1326 enm
451 1260 493 1328 ad
519 1261 776 1345 cognoscendam
802 1263 918 1328 summi
940 1260 1093 1347 principii
1116 1267 1264 1326 naturam
1287 1281 1335 1326 ac

226 1370 293 1435 vim
325 1370 520 1454 cogitatione
551 1393 571 1436 a
601 1370 733 1437 caducis
769 1371 880 1438 mundi
910 1371 1005 1442 rebus
1036 1369 1244 1436 adscendisse
1284 1368 1336 1434 ad

227 1481 332 1564 ipsum
355 1478 468 1545 harum
489 1500 594 1546 rerum
616 1480 773 1546 initium
797 1481 906 1564 ibique
929 1487 1034 1546 mente
1056 1487 1202 1546 naturam
1224 1499 1335 1562 quan·

228 1587 302 1654 dem
328 1588 568 1671 informavisse,
602 1610 686 1672 quac
716 1610 825 1656 omues
857 1611 963 1662 rerum
989 1597 1020 1655 et
1048 1589 1267 1672 generationis
1298 1595 1336 1654 et

227 1697 452 1783 dispositionis
475 1718 606 1766 caussas
629 1699 663 1764 in
685 1720 720 1766 se
741 1699 919 1771 cohiberet,
942 1701 1016 1785 ipsa
1037 1706 1142 1764 autern
1165 1706 1261 1764 ante
1294 1718 1334 1764 se

159 1838 163 1845 s
228 1807 348 1873 nullam
365 1827 511 1874 caussam
533 1809 673 1887 haberet,
696 1829 778 1892 quae
800 1809 901 1893 igitur
916 1809 985 1875 inre
1008 1829 1117 1875 eorum
1136 1797 1235 1896 ἀρχὴ
1259 1807 1331 1873 dici

229 1923 345 2002 posset.

328 2026 413 2091 Num
442 2026 542 2110 igitur
570 2047 605 2094 re
626 2047 702 2094 vera
726 2026 964 2094 Anaximander
991 2027 1114 2112 primus
1139 2023 1182 2092 ad
1203 2025 1331 2109 signifi-

229 2134 366 2201 candum
402 2155 508 2201 rerum
542 2137 735 2223 principium
772 2127 870 2223 ἀρχῆς
902 2138 1092 2204 vocabulum
1129 2135 1334 2202 introduxit?

229 2242 310 2308 Tres
333 2249 408 2309 sunt
422 2250 565 2310 veterum
586 2245 658 2328 loci,
681 2245 830 2328 aquibus
846 2245 1049 2329 potissimum
1071 2246 1117 2310 rei
1136 2243 1333 2310 diiudicatio

229 2351 360 2437 pendet,
388 2353 451 2420 duo
475 2353 645 2439 Simplicii,
677 2355 790 2422 tertius
824 2355 1010 2440 Hippolyti3
1046 2373 1129 2437 qnae
1162 2359 1334 2438 praeterea

230 2461 416 2528 adferuntur
438 2469 495 2529 aut
522 2463 643 2546 adferri
672 2472 820 2550 possunt,
850 2465 1004 2530 adiuvare
1037 2464 1175 2530 fortasse
1198 2461 1335 2527 demon-

230 2571 418 2638 strationem
451 2579 593 2657 possunt,
626 2593 730 2656 ueque
763 2580 868 2639 autem
901 2593 959 2658 per
991 2593 1026 2640 se
1059 2573 1130 2638 sole
1151 2570 1333 2654 quidquam

230 2680 459 2748 demonstrant.

329 2789 602 2858 Proficiscendum
623 2791 751 2859 videtur
773 2812 845 2859 esse
868 2814 888 2858 a
909 2792 1011 2878 primo
1027 2790 1190 2875 Simplicii
1212 2791 1334 2871 10001),

231 2920 294 2982 quo
315 2900 352 2978 is,
376 2907 528 2967 accurata
551 2901 749 2968 diversorum
772 2902 1035 2986 philosophorum
1056 2901 1216 2968 divisione
1238 2897 1334 2964 adhi-

230 3008 308 3086 bita,
331 3010 509 3076 consulto
531 3009 767 3076 Anaximandri
789 3010 967 3077 doctrinam
983 3010 1124 3094 exponit,
1141 3006 1335 3092 Theophra-

231 3125 332 3200 stum,
354 3126 388 3184 nt
408 3119 545 3199 videtur,
578 3127 715 3186 secutus.
758 3121 827 3186 Hoc
851 3120 950 3204 igitur
971 3121 1041 3185 loco
1062 3119 1143 3186 haec
1164 3118 1334 3202 leguntur:

231 3228 317 3311 „cciv
339 3225 374 3291 δὲ
396 3221 431 3292 ἓν
452 3226 506 3292 καὶ
532 3221 725 3311 κινούμενον
757 3226 810 3292 καὶ
842 3217 980 3311 ἄπειρον
1014 3221 1174 3311 λεγόντων
1204 3217 1336 3306 Ἀναξί-

231 3336 373 3419 μανδρος
393 3334 452 3419 μὲν
467 3331 656 3421 Πραξιάδου
672 3331 836 3424 Μιλήσιος
853 3338 965 3403 Θαλοῦ
989 3331 1161 3422 γενόμενος
1181 3331 1339 3422 διάδοχος

232 3445 286 3510 καὶ
316 3441 477 3534 patinos,
511 3437 614 3531 α’ρχήν
646 3471 681 3511 τε
715 3446 768 3511 καὶ
801 3451 965 3528 στοιχεῖον
998 3441 1106 3532 εἴρηκε
1138 3447 1207 3511 τῶν.
1228 3434 1336 3510 ὄντων

232 3550 275 3619 τὸ
298 3544 471 3639 ἔπειρον,
509 3557 670 3639 πρῶτος
704 3559 824 3622 τοῦτο
860 3546 1041 3639 τοῦνομα
1070 3554 1238 3639 κομίσας
1264 3555 1335 3640 τῆς

232 3654 379 3750 ἅρχῆςιῑ.
424 3666 507 3731 Num
530 3666 628 3750 igitur
650 3667 710 3733 hoo
730 3668 801 3733 loco
817 3667 1058 3733 Anaximander
1078 3666 1195 3733 dieitur
1210 3665 1334 3751 primus

233 3774 339 3856 ipsum
354 3763 453 3862 ἀρχῆς
464 3776 655 3842 vocabulum
670 3774 861 3842 induxisse?
876 3777 936 3842 Rei
949 3774 1139 3843 diiudicatio
1150 3782 1217 3861 tota
1226 3775 1335 3860 posita

234 3890 283 3950 est
304 3885 339 3949 in
362 3905 402 3950 ea
425 3886 628 3968 quaestione,
658 3905 721 3969 quo
743 3886 944 3952 referendum
967 3886 1009 3951 sit
1029 3879 1143 3950 ‘corice
1166 3871 1334 3965 τοῦνομά,

232 3999 339 4060 utrum
358 3994 519 4078 pertineat
536 3994 578 4059 ed
589 3989 639 4060 ‘cd
654 3984 816 4079 ἄπειροί,
839 3995 925 4078 quod
941 3994 1086 4078 proxime
1104 3991 1275 4072 antecedit,
1292 4011 1334 4057 an

336 4233 360 4297 1)
380 4228 503 4300 Simplic.
523 4229 604 4300 Phys.
623 4249 649 4300 p.
669 4233 686 4286 6
705 4248 721 4285 e
740 4233 803 4300 post
825 4249 859 4285 m.

1411 4801 1437 4858 A
