2864 4904
595 377 701 466 ra*

51 601 131 646 oum
157 581 238 648 dicit
261 575 301 645 τὸ
323 574 401 645 ὅλον
424 601 496 649 oeae
519 581 639 666 aliquid
659 575 771 666 ‘napa
792 577 833 647 ad
845 573 998 667 ptpaea'o
1020 591 1052 650 et
1066 583 1164 651 homi-

49 712 131 757 nem
157 711 221 756 non
244 709 317 757 esse
337 683 477 757 ‘animal
497 698 533 757 et
556 683 668 778 bipee'
695 711 838 759 seorsum
860 698 893 760 et
914 700 1077 777 tamquam
1100 698 1163 762 ele·
1188 703 1198 718 ’

50 809 169 866 menta
190 809 328 885 sumpta,
360 801 419 868 sed
451 803 483 866 in
514 821 553 868 eo
584 808 731 886 oportere
760 821 832 869 ease
854 803 984 886 aliquid,
1015 804 1101 885 quod
1124 806 1165 870 sit

49 899 171 993 ‘aceri
200 901 330 993 vaurd,
370 913 475 993 ipsam
505 909 645 977 hominio
676 914 849 978 essentiam
886 912 955 979 sive
985 911 1163 993 t'ormam’).

53 1016 183 1095 Quibus
204 1018 283 1084 locis
305 1038 347 1083 ne
368 1019 402 1082 in
422 1038 560 1085 errorem
584 1017 748 1094 ducamur,
769 1019 983 1102 reputandum
1004 1027 1064 1105 cet,
1095 1022 1164 1086 Ari-

54 1128 208 1192 stotelem
233 1148 299 1193 non
322 1126 440 1210 dicere,
472 1127 576 1211 ipsam
598 1127 696 1192 totius
717 1133 876 1194 naturam·
894 1123 946 1210 (νὸ
968 1124 1059 1212 ὅλον)
1091 1149 1163 1197 oeae

54 1236 182 1319 aliquid
206 1231 311 1319 παρὸ
333 1231 380 1300 uri
404 1231 495 1301 ὅλον
515 1239 671 1321 πρᾶγμα
694 1239 774 1304 eive
795 1239 914 1320 ipsam
935 1258 1013 1304 rem
1034 1244 1163 1318 totam,

57 1353 89 1411 et
115 1346 257 1412 hominis
279 1347 415 1412 formam
438 1367 510 1414 esee
535 1347 654 1429 aliquid
677 1347 765 1427 παρ’
781 1338 900 1411 αὸτὸν
920 1344 989 1412 τὸν
1010 1337 1165 1431 dudec-

57 1477 146 1538 πον,
168 1477 279 1523 verum
303 1457 340 1521 in
361 1475 397 1522 re
419 1462 501 1522 tota
523 1458 627 1540 ipsam
648 1458 745 1522 totius
774 1463 920 1522 naturam
948 1477 1020 1523 esse
1042 1458 1165 1541 aliquid

59 1560 166 1646 παρὰ
185 1560 233 1628 τὰ
254 1558 375 1648 μόρια
406 1587 464 1650 per
491 1586 525 1632 se
548 1571 685 1650 sumpta,
717 1572 750 1632 et
779 1569 816 1632 in
847 1566 996 1632 homine
1026 1567 1165 1633 hominis

61 1674 195 1740 formam
220 1695 293 1742 osse
307 1675 432 1758 aliquid
449 1668 557 1757 παρὰ
577 1669 622 1740 τὸ
646 1674 748 1760 ζῷον
770 1675 832 1739 καί
852 1674 1005 1753 δίπουν,
1029 1677 1166 1744 elemen-

63 1789 166 1850 torum
188 1784 287 1872 modo
304 1805 448 1853 seorsum
465 1786 600 1869 sumpta.
645 1783 745 1867 quue
760 1785 937 1851 rectissime
960 1785 1048 1852 dicit.
1069 1787 1165 1852 Nam-

62 1913 124 1974 que
149 1894 223 1978 ipsa
245 1897 315 1960 tota
341 1914 376 1960 re
400 1896 579 1960 continetur
610 1893 708 1960 etiam
738 1896 837 1960 totius
850 1983 854 1990 ²
867 1901 990 1975 namra,
1021 1881 1166 1980 partibus
1200 1953 1203 1960 .

62 2023 137 2069 vero
168 2023 312 2070 seorsum
344 2005 482 2089 sumptis
513 2023 577 2070 non
608 2005 798 2086 continet-ur,
829 2004 887 2071 scd
918 2003 1008 2071 hisce
1037 2005 1166 2072 aliunde

64 2114 239 2198 ingignitur
252 2122 308 2180 ant
330 2121 400 2181 arte
423 2121 480 2181 aut
501 2121 617 2181 natura
636 2121 691 2180 aut
706 2134 784 2180 casu
806 2121 838 2180 et
856 2114 939 2181 hanc
961 2116 1003 2181 ob
1018 2135 1166 2182 caussam

63 2223 105 2287 ab
133 2224 210 2307 ipsis
241 2225 446 2292 manentibus
478 2245 587 2292 mreus
619 2224 763 2308 separari
797 2225 954 2308 potest⁸);
975 2226 1165 2310 pariterque

65 2330 191 2398 homine
213 2333 285 2416 ipso
308 2335 493 2400 continetur
515 2334 652 2402 hominis
674 2333 786 2415 forma,
813 2334 877 2400 illis
899 2341 1006 2400 autem
1027 2332 1166 2400 homiuie

66 2442 208 2522 partibus
240 2463 298 2527 per
329 2463 363 2510 ee
386 2445 464 2510 eolis
491 2465 556 2510 non
579 2445 771 2523 continetur,
803 2442 861 2509 aed
883 2445 975 2510 iniis
996 2464 1060 2510 non
1082 2447 1166 2510 iueet

65 2551 124 2614 nisi
146 2550 262 2618 effectu
284 2553 440 2639 principii
467 2553 654 2638 generantis
665 2556 700 2632 ⁴).
744 2552 867 2618 Eadem
892 2555 1043 2620 vocabuli
1066 2552 1165 2636 signi-

168 2765 195 2834 1)
212 2764 339 2835 Metaph.
363 2764 440 2834 vni,
461 2767 488 2820 6.
512 2766 601 2819 1045·
616 2765 645 2820 8:
671 2758 802 2835 ,πάντων
821 2759 884 2836 γὰρ,
911 2759 966 2818 ὅσα
984 2767 1069 2818 πλείω
1091 2754 1165 2835 μέρή

68 2859 121 2928 ἔχει
138 2864 183 2912 καλ
199 2856 241 2932 μή
260 2862 336 2916 ἐστιν
353 2856 417 2916 οἷον
436 2859 525 2932 σωρὸς
542 2859 572 2918 τὸ
593 2862 658 2925 πᾶν,
678 2857 738 2914 ἀλλ’
757 2861 814 2915 ἔστι
833 2881 857 2914 τι
877 2857 911 2915 τὸ
931 2856 1011 2916 ὅλον
1025 2859 1113 2931 παρὰ
1132 2855 1165 2915 rdr

67 2950 157 3026 μόρια,
175 2959 233 3012 ἔστι
250 2978 276 3011 τι
295 2963 383 3014 cirron
401 2959 459 3026 (τοῦ
475 2959 506 3013 ἓν
525 2959 633 3028 είναν).“

162 3055 190 3126 ν)
209 3054 336 3124 neapn
357 3055 430 3123 rur,
450 3055 475 3108 a.
497 3057 586 3110 meaa
606 3057 652 3109 ro:
682 3050 765 3124 „aare
784 3049 855 3120 ree
882 3047 1032 3123 ονοροηός
1053 3055 1109 3108 reu
1134 3051 1166 3107 re

69 3151 133 3219 ζῷον
149 3155 203 3206 καί
222 3153 330 3221 δίπουν,
350 3147 417 3204 ἄλλοί
436 3172 458 3204 τι
475 3151 518 3206 dri
536 3151 604 3206 εἶναι
623 3147 638 3204 ὅ
658 3147 750 3222 παρὰ
763 3146 862 3204 ταῦτα’
875 3149 959 3215 ἐστιν,
977 3151 1001 3201 ελ
1012 3147 1092 3226 ταῦθ’
1108 3145 1166 3219 ὅλη,

69 3241 124 3300 οὔτε
142 3249 172 3302 δὲ
191 3255 331 3320 στοιχεῖον
350 3243 405 3302 οὔτ’
427 3249 458 3301 ἐκ
478 3253 622 3319 στοιχείου,
642 3243 699 3300 ἀλλ’
719 3245 735 3314 ἡ
754 3242 859 3300 οὐσία.“
874 3245 900 3324 ’Ἴ
1155 3241 1157 3246 ’

160 3345 189 3416 3)
207 3345 331 3416 Metaph.
350 3345 427 3415 VIII,
447 3347 472 3400 3.
496 3347 585 3399 104th
599 3345 628 3399 t:
655 3340 704 3414 ,οὐ
721 3338 776 3414 γάρ
800 3344 875 3397 ἐστιν
896 3331 913 3408 ἦ
938 3337 1076 3402 madente
1088 3334 1167 3409 καλῆ

69 3441 184 3509 pmcn
201 3435 337 3512 τούτων,
366 3427 406 3497 ὧν
430 3443 505 3496 ἐστὶν
528 3439 543 3508 ἡ
568 3436 698 3501 σύνθεσις
721 3445 766 3494 καλ
794 3436 811 3508 ἡ
831 3440 928 3513 priter!
965 3439 1007 3494 De
1027 3444 1089 3494 tota
1106 3457 1166 3494 aen-

70 3539 203 3593 uncinos.
229 3537 353 3612 Metaph.
373 3540 434 3608 VII,
460 3541 501 3594 17.
523 3539 612 3602 1041ι)
630 3540 659 3592 11
685 3555 729 3606 aq.
767 3537 839 3593 Hinc
867 3536 986 3592 solvitur
1009 3537 1093 3591 etiam
1116 3535 1167 3591 ilia

70 3628 196 3706 ‘dnopta’‚
226 3650 311 3703 quam
335 3631 423 3686 Arist.
448 3631 529 3700 Phys.
549 3629 615 3698 I,2.
637 3628 756 3682 18th
789 3629 925 3698 proponit
956 3629 1032 3682 hicce
1059 3626 1164 3681 verbis:

74 3726 196 3802 ,πότερον
213 3731 246 3786 ἓν
267 3725 283 3798 ἢ
302 3734 388 3785 πλείω
406 3726 437 3783 τὸ
458 3731 608 3800 μέροςκαὶ
625 3723 657 3779 τὸ
677 3721 769 3780 ὅλον.“
807 3725 849 3780 CI.
868 3725 936 3781 ibid.
954 3745 981 3781 v.
1000 3726 1113 3778 32-34.

161 3828 187 3900 4)
206 3825 330 3896 Metaph.
355 3824 431 3893 VIII,
450 3824 476 3877 6.
500 3822 588 3878 1045·
601 3823 644 3874 30.
667 3849 697 3860 -
718 3819 771 3875 Eat
789 3813 1168 3888 autemaliquisnrncotelis

73 3919 147 3994 locor,
165 3923 322 3995 quovideri
340 3922 432 3992 possit
445 3921 556 3989 Ipsum
572 3918 743 3974 hominem
763 3917 856 3972 dicere
874 3915 982 3985 aliquid
1000 3929 1059 3968 ease
1077 3906 1166 3982 nupti

74 4015 105 4070 ῐὰ
120 4025 208 4092 μέρη,
228 4037 400 4091 quamquam
418 4033 470 4088 per
488 4035 517 4071 sa
537 4017 598 4085 ipse
615 4020 711 4085 parter
731 4015 855 4070 continet
879 4013 914 4068 ab
933 4013 1098 4081 iisquo'ncn
1116 4010 1165 4078 po'·

75 4119 122 4170 tent
137 4118 267 4188 separari,
285 4121 314 4172 et
332 4116 438 4170 idcirco
458 4115 573 4169 notione
596 4097 691 4167 nolum
708 4112 744 4166 ab
763 4108 797 4165 iia
813 4095 942 4165 ¹(diuersus
959 4097 1010 4164 eat.
1040 4105 1167 4173 Namque

75 4209 187 4282 Metcph.
208 4215 284 4277 XIII,
303 4215 329 4268 7.
350 4211 439 4266 10822
457 4213 489 4265 lo
509 4211 565 4265 ait:
595 4211 649 4279 „dtr
670 4205 700 4262 τὸ
721 4208 788 4262 εἶναι
813 4206 888 4277 παρὰ
908 4203 957 4264 τὰς
975 4199 1025 4258 cta
1042 4195 1169 4274 μονάδος

76 4305 118 4373 τήν
141 4308 225 4366 dorida
252 4307 340 4384 φύσιν
361 4305 421 4365 τινὰ
533 4307 592 4368 πῶς
610 4307 770 4376 Indignum:
790 4297 806 4371 ἢ
825 4301 882 4374 γὰρ
908 4287 1020 4375 pretia
1049 4302 1166 4368 θατέρου
