2860 4906
624 389 674 442 stt

96 562 245 645 petebat,
267 581 339 628 eam
366 568 423 628 aut
452 564 618 646 putavisse
641 567 776 646 oportet,
806 565 910 646 ipsum
935 563 1130 646 principium
1150 583 1210 647 per

96 689 132 735 se
156 671 290 736 animae
312 673 493 755 mentisque
511 671 722 754 qualitatibus
745 671 926 755 praeditum
950 691 1032 747 csse,
1060 679 1125 753 aut,
1148 672 1207 738 has

96 780 281 860 qualitates
304 780 444 863 primum
468 801 539 846 cum
562 785 634 846 ortn
656 799 760 846 rerum
782 799 801 845 e
823 781 983 864 principio
1006 787 1094 846 ortas
1123 801 1206 848 esse.

97 889 170 954 lam
205 909 283 954 vero
313 889 394 955 haec
426 891 584 974 posterior
606 891 715 973 opinio
747 909 811 955 non
841 895 948 972 potest
970 889 1206 955 Anaximandri

97 1018 192 1075 esser
212 1019 287 1064 nam
310 999 338 1064 si
361 1019 431 1064 eam
448 1001 596 1082 ponimns
612 1001 680 1064 eius
696 1018 778 1080 esse,
802 999 957 1081 sequitur,
978 1006 1012 1064 ut
1033 1005 1089 1065 aut
1102 1019 1208 1066 rerum

97 1107 346 1190 generationem
369 1108 532 1191 putaverit
543 1107 803 1192 progredientem
818 1108 981 1190 quandam
996 1109 1098 1192 ipsius
1121 1109 1208 1192 prin-

98 1216 182 1300 cipii
205 1218 436 1300 perfectionem
458 1238 539 1302 esse,
572 1224 608 1283 ut
639 1218 738 1301 igitur
769 1221 800 1283 in
834 1216 875 1284 iis
909 1218 1125 1285 numerandus
1157 1221 1207 1296 sit,

98 1347 183 1409 quos
207 1328 396 1393 Aristoteles
419 1329 464 1393 ait
486 1329 643 1411 optimum
667 1327 1056 1411 etperfectissimnmnon
1080 1328 1111 1392 in
1124 1329 1207 1410 prin-

99 1437 191 1519 cipio
213 1435 272 1502 sed
294 1438 325 1501 in
348 1435 411 1502 fine
426 1437 553 1502 demum
572 1455 700 1520 ponere,
723 1442 780 1501 aut
800 1443 835 1502 ut
852 1455 981 1502 sensum
995 1443 1092 1518 atque
1115 1437 1207 1503 intel·

98 1547 221 1610 lectum
244 1543 326 1610 nihil
348 1565 421 1612 esse
448 1545 611 1628 putaverit
640 1545 705 1609 nisi
735 1545 945 1610 mutationem
975 1544 1135 1628 quandam
1160 1545 1208 1610 di-

98 1673 270 1719 versarum
292 1672 398 1718 rerum
422 1672 578 1718 concursu
601 1651 759 1718 effectam.
804 1649 870 1716 Sed
893 1659 1025 1732 utraque
1048 1652 1209 1717 sententia

100 1763 142 1828 ab
165 1761 411 1828 Anaximandro
431 1762 539 1828 aliena
561 1768 624 1840 est3
654 1780 792 1844 namque
822 1762 910 1844 prior
938 1779 1048 1826 earum
1069 1761 1111 1826 ab
1136 1761 1207 1825 Ari-

101 1873 220 1938 stotele
252 1871 371 1938 diserte
404 1872 556 1937 nonnisi
586 1870 746 1954 theologis
772 1871 963 1953 quibusdam
985 1877 1018 1936 et
1041 1877 1210 1955 praeterea

79 1980 319 2065 -Pythagoreis
342 1986 374 2046 et
398 1981 582 2065 Speusippo
604 1980 756 2048 tribuitur
765 1980 802 2060 1);
826 1981 1057 2046 altercantem
1081 1985 1208 2048 omnino

102 2089 278 2156 coniuncta
309 2096 359 2156 est
386 2109 459 2155 cum
481 2089 631 2173 opinione
654 2089 915 2173 corpusculorum
945 2109 1004 2172 per
1035 2110 1070 2156 se
1092 2089 1208 2172 quavis

101 2201 261 2282 qualitate
276 2199 462 2266 carentium.
499 2200 585 2282 Ergo
600 2198 878 2266 Anaximandrum
889 2199 1057 2284 putavisse
1072 2205 1208 2282 oportet

102 2308 212 2393 ipsum
243 2307 437 2393 principium
467 2328 525 2391 per
555 2328 589 2374 se
623 2297 749 2375 animae
784 2309 962 2390 mentisque
996 2308 1208 2392 qualitatihus

102 2416 289 2501 praeditum
313 2437 394 2484 esse.
795 2427 797 2430 ’

205 2526 333 2591 Deinde
361 2524 446 2591 idem
480 2526 624 2610 pluribus
651 2532 795 2592 veterum
822 2526 951 2593 indiciis
981 2527 1104 2593 directo
1136 2545 1207 2610 pro·

104 2636 177 2700 bari
193 2640 309 2720 potest.
332 2635 476 2700 Primum
494 2635 684 2701 Aristoteles
707 2642 833 2702 veteres
850 2635 1004 2720 physicos
1026 2637 1125 2702 refert
1137 2656 1207 2701 eam

105 2763 183 2820 rem,
208 2763 304 2825 quam
327 2743 463 2827 quisque
480 2765 585 2810 rerum
601 2743 795 2830 principium
816 2750 924 2828 ponat,
947 2745 1087 2811 animam
1111 2747 1208 2811 etiam
1273 2805 1277 2816 .

104 2851 224 2930 dicere,
249 2873 288 2918 ac
310 2860 439 2939 praeter
461 2859 579 2919 terram
604 2840 726 2920 nullum
748 2874 820 2920 esse
843 2855 1044 2935 elementum,
1073 2857 1124 2940 cni
1144 2875 1208 2920 non

104 2961 146 3026 ab
169 2962 278 3045 aliquo
303 2982 413 3028 eorum
435 2965 564 3029 animae
586 2963 636 3030 vis
652 2963 810 3030 tribuatur
818 2963 859 3046 ³);
881 2969 980 3046 atque
999 2983 1055 3030 eos
1077 2963 1209 3046 quidem

104 3090 226 3154 eorum,
248 3075 305 3154 qui
325 3092 423 3138 unum
446 3078 571 3138 tantum
587 3092 690 3138 rerum
709 3072 902 3157 principium
913 3081 1045 3156 ponant,
1067 3074 1209 3138 animam

105 3183 235 3263 quoqne
258 3200 354 3247 unam
376 3188 500 3248 tantum
527 3201 646 3265 ponere
656 3183 691 3264 ⁸).
738 3181 818 3248 Cum
841 3182 1033 3247 Aristoteles
1052 3201 1210 3265 genera-

105 3289 203 3355 liter
234 3289 275 3355 de
307 3290 470 3356 veteribus
501 3289 648 3375 physicis
679 3291 838 3374 loquatur,
874 3290 1057 3356 necessario
1075 3326 1078 3332 ·
1093 3291 1210 3362 Anaxi-

75 3489 80 3505 !
106 3399 279 3466 mandram
303 3420 431 3484 quoque
445 3399 605 3484 intellegit
628 3437 667 3447 -
690 3402 717 3468 si
739 3401 855 3479 minus,
883 3420 955 3467 eum
978 3399 1089 3484 procul
1111 3399 1210 3466 dubio

110 3586 311 3595 ———

107 3712 307 3780 Anaxagoram
330 3712 453 3781 primum
477 3731 535 3768 esse
559 3714 713 3782 contendit,
737 3714 785 3783 qni
808 3713 943 3768 materiae
968 3709 1089 3767 mentem
1113 3729 1164 3781 per
1182 3730 1210 3766 ac

108 3810 286 3861 mactantem
306 3810 477 3877 opposuerit.

211 3905 237 3973 l)
255 3904 373 3960 Aristot.
383 3905 507 3976 Metaph.
518 3906 592 3969 xlv,
611 3909 636 3962 4.
651 3908 740 3961 1091ιι
755 3909 788 3961 33
800 3908 859 3948 —b
876 3909 921 3974 12;
942 3907 1004 3978 XII,
1017 3909 1042 3962 7.
1064 3908 1153 3961 rotat
1168 3909 1210 3960 30.

209 3998 238 4069 2)
256 4000 374 4056 Aristot.
400 4004 454 4056 An.
473 4002 495 4071 1,
519 4005 544 4056 2.
564 4004 636 4058 405³
651 4006 686 4057 25
705 4021 758 4073 sq.;
780 4003 932 4073 praecipue
953 4001 1059 4058 rooba
1080 4020 1121 4071 sq.
1148 4003 1211 4057 coll.

109 4097 133 4150 ὅ.
153 4098 228 4152 411ι
241 4099 267 4150 7.
665 4118 667 4124 ·

210 4193 238 4262 3)
255 4193 326 4248 lhid.
345 4195 480 4249 4051117:
502 4191 580 4264 „door
598 4196 654 4265 μὲν
677 4188 726 4251 οὖν
743 4201 813 4268 μίαν
831 4194 890 4251 τινὰ
909 4199 1037 4266 λέγουσιν
1054 4199 1144 4250 αἰτίαν
1167 4199 1211 4248 καὶ

110 4295 249 4355 στοιχεῖον
267 4288 307 4357 ἓν,
326 4292 370 4342 καὶ
389 4289 438 4357 τὴν
457 4289 551 4364 ψυχὴν
568 4291 599 4347 ἓν
617 4299 752 4362 τιθέασιν,
772 4288 831 4348 οἷον
849 4293 904 4363 πῦρ
923 4288 938 4359 ἢ
957 4289 1026 4361 ἀέρα
1044 4292 1133 4347 κτλ.“’
