2864 4904
597 365 672 435 aa'

58 549 244 616 Aristotelis
267 554 457 618 sententiam
479 553 715 637 adumbremus‚
743 555 943 641 quadruplex
968 556 1162 624 diversitatis

60 660 158 738 rati03
183 680 240 726 eae
263 663 346 726 enim
368 682 429 743 reu,
452 682 534 744 qnae
557 665 664 747 aliquo
693 663 788 731 mode
816 667 924 748 plures
954 666 1093 750 ideoque
1115 667 1162 732 di·
1236 691 1239 696 ·

61 787 178 835 versae
208 779 292 847 sunt,
325 779 383 837 aut
414 779 446 838 et
479 787 597 856 genere
630 773 741 857 (atque
769 774 888 841 idcirce
917 778 1012 841 etiam
1041 777 1162 860 specie)

62 884 94 942 et
125 899 259 947 numero
293 883 362 948 sive
396 882 584 966 subieet0¹)‚
623 886 737 949 autin
773 885 887 951 eodem
919 893 1085 954 versantes
1107 910 1161 972 ge-

61 1007 139 1054 nere
164 994 271 1074 specie
283 993 386 1056 selum
410 998 443 1056 et
463 1012 606 1074 numero,
627 1000 682 1058 aut
695 992 808 1060 eodem
831 1001 862 1060 et
874 1015 993 1078 genere
1006 1003 1038 1061 et
1053 998 1162 1080 specie

63 1105 190 1166 utentes
211 1121 344 1167 numero
367 1103 481 1186 selum,
504 1110 562 1168 aut
575 1103 716 1187 deniqne
739 1103 854 1169 ecdem
871 1105 1014 1170 subiecto
1037 1112 1162 1172 utentes

63 1208 201 1292 ideoque
223 1231 356 1278 numero
379 1211 510 1278 eaedem
536 1213 664 1306 notione
680 1215 782 1278 solum
798 1212 946 1280 diversae
967 1221 1049 1280 sunt.
1072 1215 1161 1281 Haec

63 1325 180 1399 quarta
189 1319 387 1386 diversitatis
410 1324 490 1387 ratic
512 1359 553 1368 —
575 1342 713 1406 namque
736 1329 801 1388 tres
822 1324 947 1407 priores
970 1343 1028 1408 per
1051 1345 1086 1390 se
1108 1345 1162 1407 pa-

64 1434 133 1492 tent
160 1467 191 1475 -
217 1430 388 1496 intercedit
411 1434 546 1516 primum
574 1435 656 1498 inter
677 1432 821 1498 diversas
844 1431 989 1499 eiusdem
1011 1435 1057 1499 rei
1080 1454 1162 1517 qua-

65 1538 182 1622 litates,
203 1540 302 1605 veluti
318 1542 352 1604 in
371 1561 456 1624 aqua
469 1543 551 1607 inter
566 1542 778 1624 liquiditatem
795 1548 827 1608 ct
838 1542 1056 1626 frigiditatem,
1080 1563 1163 1626 quae
1232 1523 1238 1614 ¹.

68 1649 98 1712 in
133 1649 243 1715 eadem
279 1653 413 1716 materia
454 1651 657 1718 inhaerentes
690 1652 858 1736 ipsamque
894 1671 997 1736 aquae
1027 1651 1162 1717 formam

57 1762 293 1827 ,constituentes
321 1761 392 1844 ipso
419 1780 538 1844 genere
560 1759 707 1826 diversae
736 1767 820 1844 sunt,
853 1759 968 1826 deinde
991 1761 1025 1826 in
1047 1759 1162 1826 eadem

70 1888 102 1932 re
122 1871 203 1934 inter
223 1871 326 1954 ipsam
349 1875 495 1935 naturam
523 1869 700 1936 subiectam
723 1877 755 1935 et
776 1889 824 1953 ea,
853 1889 936 1953 quae
958 1870 1031 1935 huic
1052 1869 1162 1935 inhae-

70 1986 148 2054 rent,
169 1980 268 2046 veluti
283 1982 366 2046 inter
387 1981 434 2044 rei
447 1981 581 2045 alieuius
601 1981 771 2046 materiam
794 1989 826 2046 et
846 1980 983 2046 termam
1007 1979 1161 2045 materiae

72 2087 204 2166 insitam,
226 2071 258 2155 et
278 2092 362 2156 inter
384 2092 509 2156 oculum
532 2097 564 2155 et
584 2091 713 2156 insitam
733 2091 763 2156 ei
784 2089 850 2154 vim
872 2088 1004 2180 videndi
1012 2088 1048 2173 ²).
1078 2089 1162 2155 Hinc

73 2197 134 2262 iam
155 2197 390 2282 quodammado
412 2201 554 2284 prospici
580 2206 695 2283 potest,
723 2220 788 2282 qua
813 2201 938 2265 ratione
968 2201 1022 2265 illa
1048 2205 1163 2264 natura

73 2305 111 2368 ab
126 2308 289 2374 elementis
313 2309 441 2374 diversa
462 2310 504 2375 ab
516 2308 605 2376 hisee
628 2310 754 2376 dicatur
766 2330 838 2376 esse
857 2309 992 2375 diversa.
1036 2309 1162 2374 Etenim

73 2417 207 2484 secunda
232 2426 265 2484 et
294 2420 392 2484 tertia
412 2421 535 2487 ratione
565 2420 606 2484 ab
635 2419 675 2484 iis
698 2419 828 2486 diversa
855 2438 926 2485 esse
956 2439 1020 2484 non
1041 2424 1161 2502 potest3

74 2527 190 2593 namsi
220 2529 328 2611 speeie
360 2529 460 2594 solum
484 2534 517 2592 at
538 2547 668 2594 numero
691 2528 732 2593 ab
755 2529 793 2593 iis
816 2535 903 2594 esset
926 2528 1064 2609 diversa,
1092 2528 1164 2611 ipsa

74 2637 178 2714 quinta
198 2636 358 2719 quaedam
380 2644 467 2704 esset
488 2639 714 2703 elementorum
737 2639 861 2721 speeies
884 2639 917 2703 in
931 2637 1045 2704 eodem
1067 2643 1163 2719 atque

74 2741 125 2809 illa
152 2767 282 2813 versans
311 2767 445 2831 genere;
481 2746 595 2830 quodsi
627 2753 734 2813 autem
764 2767 896 2814 numero
931 2750 1033 2813 solum
1059 2767 1163 2830 neque

74 2873 143 2920 vem
165 2859 271 2940 specie
296 2857 338 2922 ab
360 2857 400 2923 iis
425 2839 559 2923 diversa
572 2864 667 2933 esset,
688 2858 788 2940 ipsius
805 2864 836 2923 et
855 2863 1005 2941 quattuor
1026 2859 1163 2923 elemen-

75 2967 171 3029 tomm
194 2985 258 3031 una
286 2965 464 3050 eademque
495 2968 618 3051 species
641 2969 708 3033 sive
735 2967 840 3032 forma
867 2971 951 3032 esset
973 2968 1109 3051 ipsaque
1132 2972 1164 3032 et

75 3075 189 3156 reliqua
217 3079 376 3142 elementa
403 3076 449 3141 ita
471 3075 554 3142 iuter
582 3097 617 3144 se
645 3077 800 3143 haberent
820 3086 856 3142 ut
879 3076 1022 3142 eiusdem
1045 3077 1164 3158 speciei

76 3203 122 3250 res
153 3187 341 3270 singulares.
386 3185 500 3269 Itaque
534 3187 576 3251 ab
609 3187 651 3252 iis
686 3207 749 3253 uon
784 3187 847 3252 nisi
879 3192 935 3252 aut
971 3186 1075 3270 prima
1108 3191 1164 3250 aut

76 3301 181 3376 quarta
201 3297 326 3363 ratione
349 3303 455 3381 petest
476 3295 607 3363 diversa
629 3317 710 3363 esse.
757 3295 794 3362 Si
826 3302 941 3380 quarta
968 3296 1093 3362 ratione
1114 3279 1165 3358 di?

78 3477 264 3485 -—

167 3611 191 3677 l)
210 3610 276 3665 Dixi
293 3608 336 3666 ‘et
353 3629 455 3682 genere
473 3616 501 3667 et
522 3607 648 3667 numerc’
670 3615 699 3668 at
708 3629 804 3665 rursus
822 3608 864 3666 ‘et
876 3610 968 3680 specie
987 3605 1162 3675 atnumero’‚

77 3707 205 3774 quoniam,
234 3713 267 3763 ut
291 3708 422 3778 deinceps
450 3709 567 3778 patebit.
595 3727 639 3764 res
668 3715 783 3778 possunt
811 3709 936 3764 diversae
965 3725 1023 3762 esse
1050 3725 1172 3778 genere,-

77 3809 221 3869 quaesunt
239 3822 355 3859 numero
375 3805 495 3860 eaedem.

164 3902 192 3969 2)
212 3900 287 3956 Haec
305 3900 363 3956 fere
382 3904 455 3970 sunt,
475 3919 545 3970 quae
565 3902 600 3956 ab
620 3900 774 3956 Aristotele
792 3900 915 3970 Metaph.
936 3899 970 3970 V,
989 3901 1006 3954 9
1029 3903 1057 3954 et
1078 3901 1110 3952 10
1129 3899 1163 3954 de

77 3996 336 4054 modisdiversitatis
349 3998 537 4068 disputantur,
556 3999 700 4068 dequibus
720 3998 876 4052 accuratius
886 3997 978 4051 dicere
993 4011 1049 4050 non
1060 4001 1102 4050 est
1114 3997 1164 4050 hu·

78 4089 111 4145 ius
130 4093 191 4149 loci.
226 4093 325 4162 Quarti
353 4095 525 4150 diversitatis
544 4095 620 4149 modi
637 4094 764 4164 exempla
790 4093 972 4149 inveniuntur
995 4093 1077 4161 Phys.
1096 4092 1117 4160 1,
1138 4094 1162 4147 7.

80 4189 140 4243 1901)
153 4208 205 4260 sq.;
223 4191 249 4245 9.
269 4190 387 4262 1922233
406 4190 481 4260 VIII,
499 4194 522 4246 8.
544 4191 618 4246 2631)
634 4192 680 4260 12;
700 4191 767 4246 Gen.
783 4191 859 4245 Corn.
872 4189 893 4259 1,
906 4192 931 4243 3.
950 4190 1020 4245 alab
1034 4190 1051 4241 2
1064 4205 1118 4258 sq.;
1137 4191 1163 4244 5.

79 4285 141 4341 320¹>
155 4289 202 4340 12:
217 4290 243 4341 7.
262 4288 380 4358 3241163
401 4289 426 4343 8.
447 4287 520 4343 3261>
535 4288 565 4359 63
584 4292 638 4343 An.
650 4287 698 4359 111,
710 4289 784 4342 427ι
798 4291 813 4341 2
833 4306 887 4358 sq.;
906 4289 931 4341 7.
950 4287 1079 4356 431013,
1097 4286 1162 4340 alia.
