2862 4910
622 1191 680 1270 lv.

158 1411 222 1475 DE
245 1411 379 1476 HUIUS
403 1409 547 1476 MUNDI
572 1406 890 1474 DESCRIPTIONE
914 1407 970 1470 ΕΤ
992 1406 1140 1473 RERUM

401 1525 684 1592 SINGULARVM
708 1524 899 1590 euterun.

200 1696 228 1757 1.
267 1693 467 1776 Quamquam
483 1692 724 1759 Anaximander
739 1693 991 1758 innumerabiles
1007 1692 1099 1774 ponit
1116 1711 1202 1755 mun·
1234 1690 1237 1698 ’

89 1804 154 1868 dos
181 1811 215 1868 et
238 1804 334 1868 simul
363 1806 394 1868 in
419 1802 544 1868 infinito
576 1805 738 1887 principio
771 1806 956 1868 constantes
987 1807 1019 1866 et
1048 1800 1204 1882 deinceps

90 1914 242 1977 orientes
266 1912 524 1994 occidentesque,
559 1920 665 1978 tamen
697 1913 847 1977 nonnisi
879 1912 974 1976 unius
1001 1909 1112 1974 mundi
1143 1909 1202 1973 ori-

92 2023 208 2103 ginem
231 2029 263 2086 et
286 2021 535 2104 descriptionem
558 2024 772 2105 persequitur,
796 2023 874 2096 eius,
905 2040 1000 2101 quem
1028 2019 1091 2101 ipsi
1114 2019 1203 2082 inco-

93 2131 205 2207 limus,
228 2135 264 2195 ut
287 2130 341 2212 qui
364 2131 452 2195 solus
475 2130 680 2212 experientia
703 2130 852 2212 cognitus
875 2129 926 2192 sit.
965 2128 1048 2192 Num
1065 2125 1202 2191 mundos

94 2241 172 2304 illos
198 2240 450 2305 innumerabiles
474 2240 558 2303 inter
580 2258 614 2304 se
636 2240 789 2319 aequales
813 2259 855 2302 an
881 2237 1027 2301 diversos
1050 2253 1122 2300 esse
1145 2253 1202 2316 pu·

93 2350 225 2427 taverit,
259 2370 321 2414 non
344 2347 492 2429 traditur,
525 2369 584 2412 nec
607 2348 640 2411 in
663 2349 713 2429 iis,
748 2367 831 2429 quae
853 2346 975 2411 tradita
997 2352 1079 2421 sunt,
1107 2342 1202 2424 quid·

95 2478 195 2539 quam
221 2457 315 2538 inest,
339 2477 401 2538 quo
424 2457 561 2520 alterum
584 2456 732 2520 videatur
761 2456 865 2520 altero
888 2453 1096 2518 verisimilius
1120 2472 1201 2517 esse.

200 2567 268 2630 Iam
291 2545 379 2648 qnod
400 2564 443 2629 ad
465 2564 561 2635 huius
585 2562 695 2628 mundi
722 2563 879 2645 originem
899 2563 1047 2646 pertinet,
1076 2561 1117 2626 de
1140 2560 1200 2627 hac

95 2680 197 2739 antea
221 2675 284 2738 iam
307 2673 459 2748 diximus,
484 2693 522 2738 eo
545 2674 626 2750 loco,
651 2692 713 2754 quo
736 2671 777 2736 de
801 2670 925 2735 duabus
949 2670 1060 2753 primis
1082 2672 1203 2736 naturis

95 2783 270 2848 contrariis
293 2784 526 2864 quaerebamus
559 2803 599 2846 ex
632 2783 702 2862 ipso
735 2779 863 2857 infinito
896 2778 1056 2862 principio
1080 2779 1159 2844 ortis
1169 2779 1202 2859 ¹).

96 2891 223 2956 Ibidem
246 2893 318 2976 ipsa
341 2913 401 2970 res,
434 2891 474 2957 de
504 2910 567 2973 qua
589 2890 755 2974 agebatur,
790 2889 836 2952 ita
858 2889 941 2967 tulit,
974 2893 1010 2951 ut
1041 2888 1140 2952 etiam
1159 2887 1200 2952 de

96 2999 317 3082 descriptione
339 3001 451 3066 mundi
472 3001 585 3082 aliqua
604 2997 811 3064 memoranda
836 3001 953 3062 essent.
998 2995 1105 3072 Quare
1128 3015 1201 3060 cum

96 3130 191 3191 nunc,
214 3110 301 3192 quod
323 3111 389 3174 illic
412 3109 502 3174 aliud
523 3116 658 3192 agentes
673 3109 846 3190 tetigimus,
870 3106 1045 3188 separatim
1058 3110 1200 3170 tractan-

98 3218 174 3284 dum
200 3222 250 3301 sit,
273 3221 409 3302 primum
436 3240 484 3302 ea,
520 3239 603 3302 quae
636 3220 705 3284 illic
728 3219 971 3308 explicayimus,
1005 3216 1068 3280 huc
1098 3222 1202 3280 trans·

97 3328 233 3394 ferenda
255 3337 336 3411 suut,
368 3330 481 3410 hisque
509 3329 663 3412 deinceps
696 3349 735 3393 ea
757 3326 973 3410 adiungenda,
1007 3344 1091 3406 quae
1123 3323 1199 3388 aliis

98 3445 242 3524 veterum
263 3440 458 3504 testimoniis
482 3439 522 3503 de
545 3439 606 3503 hac
628 3458 662 3502 re
684 3439 857 3502 memoriae
880 3435 1010 3520 prodita
1032 3439 1116 3499 sunt.

198 3549 228 3611 2.
272 3547 307 3613 Si
329 3554 428 3612 totam
451 3545 686 3612 Anaximandri
715 3547 874 3610 rationem
905 3544 1130 3628 prospicimus
1154 3542 1202 3607 fa-

98 3655 157 3720 cile
179 3661 326 3737 apparet,
350 3675 420 3719 eum
438 3662 572 3719 recerte
592 3660 678 3719 tres
693 3652 824 3718 mundi
846 3651 1018 3717 orientis
1040 3656 1202 3716 aetates

99 3760 304 3844 distinguere,
337 3763 472 3844 primam
495 3781 577 3842 eam,
611 3780 675 3842 qua
706 3779 841 3843 corpora
874 3757 1035 3836 coelestia,
1066 3759 1201 3826 alterum

99 3889 180 3954 eam,
202 3890 266 3953 qua
286 3871 449 3945 interiora,
462 3871 571 3935 mundi
596 3889 741 3951 corpora,
762 3875 848 3934 terra
871 3887 959 3933 mare
982 3887 1037 3933 aer
1051 3889 1199 3951 quaeque

100 3978 178 4045 haec
202 3986 379 4061 sequuntur
401 3986 549 4057 meteora,
585 3980 711 4044 tertiam
734 3998 815 4054 eam,
850 3998 924 4059 qua,
958 3998 1042 4060 quae
1074 3985 1200 4044 eterra

99 4091 282 4172 gignuntur,
306 4089 395 4156 velut
417 4089 570 4154 animalia
592 4094 624 4152 et
648 4089 789 4171 plantae,
812 4087 965 4152 oriantur.

203 4285 228 4353 1)
247 4284 310 4338 Vid.
332 4301 417 4352 supra
437 4285 455 4337 l.
476 4283 504 4336 11
524 4301 546 4337 c.
568 4285 617 4352 253
634 4299 661 4352 p·
684 4281 736 4336 244
755 4299 795 4351 sq.
