2864 4910
662 397 714 448 415

132 571 269 635 tentiam
293 569 335 635 ab
357 571 420 636 alio
454 571 631 654 accepisse.
677 569 912 647 Quaerentibus
934 576 1051 653 autem,
1082 573 1156 652 quis
1188 570 1239 636 bio

132 678 238 762 possit
261 698 342 758 esse,
365 678 472 743 nullus
494 679 658 743 invenitur
673 685 803 761 praeter
825 699 936 744 unum
955 679 1237 745 Anaximenem.

132 787 278 852 Primum
300 788 481 852 enimcum
503 787 565 853 hoc
596 795 731 870 uterque
762 789 993 854 sententiarum
1015 791 1238 855 communione

134 897 326 962 coniunctus
348 895 419 962 fuit.
464 895 547 960 Nam
570 897 794 980 Anaxagorae,
828 899 888 964 etsi
920 917 983 962 non
1015 904 1100 964 recte
1124 898 1241 964 dicitur

132 1005 176 1070 ab
200 1006 402 1072 Anaximene
426 1004 630 1087 disciplinam
653 1005 827 1088 accepisse,
851 1009 967 1083 tamen,
992 1012 1026 1070 ut
1047 1008 1150 1089 ipsius
1163 1006 1237 1072 doo-

131 1116 221 1181 trina
232 1113 385 1188 ostendit,
403 1112 614 1178 Anaximenis
627 1111 806 1179 doctrinam
818 1119 851 1178 et
862 1115 1014 1196 cognovit
1035 1121 1068 1180 et
1082 1115 1115 1179 in
1129 1117 1237 1182 multis

132 1230 265 1289 secutus
293 1229 359 1302 est,
393 1223 556 1305 Diogenes
581 1222 805 1305 Apolloniates
828 1228 933 1286 autem
957 1229 1059 1288 totum
1091 1244 1162 1290 sese
1195 1224 1237 1288 ad

130 1333 365 1399 Anaximeuem
388 1331 572 1415 applicavit.
618 1331 753 1408 Deinde,
775 1332 863 1412 quod
883 1333 1056 1398 maximum
1080 1340 1138 1416 est,
1158 1333 1237 1398 mibi

132 1441 266 1523 quidem
288 1441 415 1506 videtur
445 1441 577 1524 probari
609 1461 714 1524 posse,
748 1441 981 1508 Anaximenem
1010 1442 1146 1510 eandem
1168 1444 1236 1508 t'ere

131 1559 231 1633 atque
256 1551 482 1633 Anaxagoram
514 1557 546 1615 et
570 1551 750 1634 Diogenem
785 1550 825 1616 de
852 1552 975 1616 vortice
999 1559 1032 1617 et
1057 1551 1167 1616 mundi
1189 1553 1236 1616 in-

132 1659 310 1726 clinatione
333 1661 526 1726 sententiam
550 1658 712 1726 babuisse.

233 1771 340 1852 Atque
361 1771 500 1854 primum
521 1770 650 1852 quidem
673 1770 906 1836 Anaximenem
920 1774 1048 1837 omnino
1070 1771 1236 1837 inmundo

133 1879 320 1963 generando
339 1882 462 1944 cortice
491 1899 583 1944 usum
620 1899 701 1960 csse,
730 1899 771 1944 ex
804 1878 917 1945 eodem
947 1880 1146 1964 intellegitur
1166 1881 1237 1945 Ari-

132 1990 260 2054 stotelis
292 1990 380 2067 loco,
426 2007 490 2070 quo
521 1996 620 2054 antea
658 1989 691 2053 in
713 1988 971 2074 Anaximandro
1008 1990 1058 2082 psi
1089 1987 1235 2067 sumns¹).

132 2099 261 2164 Deinde
290 2099 494 2164 arcteribus
524 2099 683 2180 quaedam
716 2100 786 2164 eins
811 2100 969 2164 sententia
991 2099 1137 2174 refertur,
1170 2118 1236 2180 qua

132 2209 265 2292 probari
293 2207 457 2290 videatur,
489 2207 559 2272 eius
591 2207 631 2273 de
661 2209 717 2272 illa
749 2229 784 2272 re
815 2208 964 2291 opionem
998 2206 1134 2272 eandem
1168 2207 1236 2271 sere

114 2316 236 2390 ¹fuisse
258 2323 354 2397 atque
383 2335 468 2394 eam,
501 2333 599 2396 quam
630 2315 737 2398 paullo
762 2321 837 2379 ante
869 2313 1059 2380 rettulimus.
1108 2314 1235 2377 Etenim

132 2424 175 2490 ab
198 2424 376 2508 Hippolyto
392 2429 423 2488 et
446 2423 562 2505 partim
588 2422 684 2487 etiam
709 2443 730 2486 a
752 2421 899 2505 Diogene
925 2422 1056 2487 Laertio
1079 2427 1110 2487 et
1133 2421 1236 2486 Placi-

132 2515 236 2598 torum
259 2532 472 2615 scriptoribus
495 2530 631 2622 traditur
653 2531 779 2614 docere,
801 2525 986 2598 ‘stellarum
1010 2539 1129 2598 motum
1152 2533 1237 2596 eius-

133 2641 221 2707 modi
254 2648 403 2721 esseut
424 2662 489 2707 non
522 2641 659 2708 subter
688 2647 830 2706 terram
864 2640 931 2707 sed
960 2643 1066 2707 circa
1098 2647 1236 2706 terram

133 2741 210 2829 (οὐχ
228 2743 296 2811 ὑπὸ
319 2750 376 2835 γῆν
395 2740 478 2812 ἄλλα
499 2747 577 2829 περὶ
599 2750 669 2833 γῆν)
692 2749 941 2832 circumferatur,
965 2750 1116 2815 similiter
1139 2757 1236 2833 atquc

134 2859 221 2924 circa
239 2863 382 2923 nostrum
409 2865 507 2941 caput
538 2860 643 2943 pileus
665 2864 819 2941 vertatur,
851 2859 1016 2942 solemque
1037 2880 1100 2924 nou
1132 2859 1236 2924 oooul-

133 2969 197 3035 tari
229 2987 282 3050 eo,
315 2968 401 3050 quod
435 2978 546 3051 supter
582 2975 699 3034 terram
737 2969 949 3046 circumierit,
988 2969 1045 3034 sed
1078 2989 1117 3034 eo
1150 2968 1237 3050 quod

134 3077 306 3142 altioribus
326 3084 438 3143 terrae
454 3079 532 3143 locis
556 3079 781 3159 abscondatur,
805 3085 837 3142 et
859 3098 907 3160 eo,
936 3078 1022 3159 quod
1044 3080 1147 3143 maior
1168 3079 1236 3142 eius

134 3187 222 3252 facta
245 3187 329 3252 sita
362 3187 455 3251 uobis
478 3177 694 3267 distantiae).
739 3186 831 3251 Hane
860 3187 991 3268 quidem
1020 3187 1236 3251 narrationem

238 3423 265 3489 1)
283 3421 347 3474 Vid.
366 3438 452 3490 supra
471 3439 498 3490 p.
518 3421 570 3474 410
588 3425 647 3475 not.
666 3423 690 3474 2.

235 3520 262 3583 2)
282 3519 396 3588 Hippol.
416 3517 525 3572 Relutt.
544 3517 565 3578 l,
585 3520 608 3570 7.
629 3535 658 3586 p.
679 3518 721 3584 18,
740 3518 787 3569 84:
820 3511 868 3584 πού
889 3521 1023 3568 κινεῖσθαι
1044 3514 1075 3566 δὲ
1096 3509 1157 3567 ὑπὸ
1175 3515 1237 3582 γῆν

134 3614 173 3667 τὰ
192 3608 298 3682 ε’λστρα
317 3617 398 3684 λέγει,
418 3611 511 3673 καθὼς
529 3612 612 3682 ἕτεροι
633 3607 826 3683 ὑπειλήφασιν,
843 3609 910 3664 ἀλλὰ
930 3615 1006 3679 περὶ
1025 3612 1098 3678 γῆν,
1119 3609 1238 3678 ὡσπερεὶ

134 3715 198 3780 περὶ
221 3707 271 3776 τὴν
294 3707 430 3780 ἡμετέραν
452 3707 576 3780 κεφαλὴν
603 3713 749 3778 στρέφεται
772 3705 803 3760 ιό
829 3710 929 3776 ultr-ou,
950 3701 1123 3776 xprinrscdut
1144 3725 1171 3758 τε
1189 3705 1238 3759 τὸν

133 3803 211 3877 ἥλιον
230 3804 288 3876 οὐχ
307 3805 369 3860 ὑπὸ
388 3807 449 3876 γῆν
465 3801 626 3878 γενόμενον,
644 3801 701 3858 ἀλλ’
720 3801 774 3858 ὑπὸ
792 3805 847 3859 τῶν
864 3805 911 3871 τῆς
928 3806 977 3874 γῆς
997 3802 1177 3872 ὑψηλοτέρων
1188 3821 1237 3874 με·

134 3910 191 3978 ρῶν
216 3903 401 3978 σκεπόμενον,
420 3909 465 3958 καὶ
484 3903 529 3958 διὰ
548 3902 597 3972 τὴν
615 3907 727 3958 πλείονα
748 3901 828 3973 ἡμῶν
845 3897 926 3954 αὐτοῦ
946 3904 1101 3972 γενομένην
1118 3895 1237 3952 ἀπόστα-

135 4004 206 4058 σιν.“
225 4002 260 4056 Ι).
279 4002 374 4056 Laert.
387 4003 424 4070 ΙΙ,
437 4004 468 4056 3:
490 4007 624 4070 „arvei-tm
644 4000 676 4053 ol
694 3997 726 4052 τὰ
745 3993 832 4070 ι’λσιρα
851 3994 903 4068 οὐχ
916 3995 981 4050 ὑπὸ
1000 3998 1070 4065 γῆν,
1089 3992 1155 4047 ἀλλὰ
1176 3999 1237 4064 περὶ

134 4100 212 4170 γῆν.“
249 4100 326 4154 Stob.
351 4100 374 4168 l,
394 4102 437 4167 24,
456 4100 508 4152 510
533 4103 561 4151 et
579 4098 679 4152 Euseb.
701 4097 760 4160 XV,
779 4099 813 4148 47
837 4113 899 4150 oum
918 4094 1032 4148 Laertio
1052 4093 1237 4159 consentiunt,

136 4197 272 4252 dicentes:
297 4199 374 4266 1,’.ε1ν.
389 4193 438 4268 οὐχ
456 4193 509 4248 ὑπὸ
528 4195 588 4265 γῆν,
607 4193 673 4247 ἀλλὰ
694 4199 755 4262 περὶ
767 4186 850 4260 adripe
869 4197 1040 4262 superponitur
1060 4188 1134 4247 τοὺς
1146 4185 1237 4241 ἀστέ-

137 4296 220 4361 ρας.“
257 4293 341 4362 Apud
360 4294 432 4347 Plat.
459 4293 532 4347 Plac.
553 4292 588 4359 II,
615 4293 647 4344 16
676 4297 703 4343 et
730 4291 825 4344 Galen.
851 4308 872 4344 c.
895 4291 928 4342 13
953 4288 1067 4358 legitur,
1093 4283 1237 4354 ,,Ἀναξλμ.
