2864 4904
761 381 812 432 124

346 553 392 617 10.
436 552 707 636 Transgredimur
728 551 772 618 ad
793 553 978 618 Ioannem
1000 551 1267 634 Philoponum,
1288 551 1335 630 qui

244 670 277 728 et
309 664 499 747 saepissime
533 663 674 729 omnium
708 669 740 728 et
770 661 1010 728 accuratissime
1043 661 1083 726 de
1111 657 1335 725 Anaximandri

244 895 308 958 των)
327 893 401 961 λέγει
418 891 477 958 νῦν,
495 886 563 942 ἀλλὰ
581 893 644 960 περὶ
663 891 784 959 ἐκείνων,
803 886 863 944 ὅσοι
884 884 1136 963 γίνεσινᾶνῄρουν·
1156 885 1292 958 διὴρηνται
1309 889 1336 941 δὲ

245 972 316 1040 οὗτοι
338 988 403 1058 διχῆ
420 989 527 1058 μᾶλλον
548 987 580 1040 δὲ
599 989 689 1058 τριχῆ·
717 989 743 1040 οἱ
765 985 891 1060 μὲνγὰρ
909 983 1000 1040 αὐτῶν
1022 985 1054 1042 ἓν
1074 983 1106 1040 τὸ
1129 981 1165 1042 ὃν
1185 988 1282 1056 ἔλεγον
1297 988 1337 1037 καὶ

243 1081 377 1154 ἀγένητον
394 1085 484 1138 τοῦτο·
504 1087 531 1136 ot
549 1083 581 1136 δὲ
600 1080 707 1137 πολλὰ
724 1083 788 1155 μὲν
807 1079 1041 1154 ἐνυπάρχοντα
1065 1082 1102 1136 δὲ
1121 1085 1337 1152 ἐκκρίνεσδαι

245 1183 373 1251 ἔλεγον,
388 1176 591 1250 τὴνγένεσιν
603 1176 877 1252 ἀναιροῦντες,ώς
893 1172 1168 1250 Ἀναξίμανδρος
1185 1183 1240 1234 καὶ
1253 1176 1336 1234 Ἀνα-

249 1272 406 1346 ξαγόρας·
426 1279 453 1329 ol
471 1277 502 1330 δὲ
522 1281 663 1347 συγκρίσει
679 1279 726 1330 καὶ
738 1277 871 1347 διακρίσει
889 1273 939 1342 τὴν
956 1279 1067 1346 γένεσιν
1076 1276 1131 1329 τῶν
1144 1269 1261 1347 πρώτων
1275 1293 1336 1327 στοι-

242 1380 335 1444 χείων,
356 1372 460 1444 (aptius
485 1375 597 1444 legatur
615 1404 648 1412 —
669 1373 805 1440 διακρίσει
827 1373 882 1426 τῶν
908 1367 1025 1442 πρώτων
1043 1377 1187 1442 στοιχείων
1205 1369 1256 1438 τὴν
1269 1373 1337 1440 γίνε-

245 1470 302 1540 σιν)
330 1471 443 1525 ἐποίουν
469 1467 505 1530 ὠς
533 1465 706 1540 Δημόκριτος
734 1472 779 1522 καί
803 1465 1018 1540 Ἐμπεδοκλῆς.“
1067 1448 1129 1524 Hoc
1160 1469 1247 1540 igitur
1282 1467 1335 1520 loco

245 1567 500 1622 Anaximandri
528 1583 650 1621 nomen
678 1583 734 1620 non
763 1565 798 1620 ab
826 1565 887 1635 ipso
906 1564 1050 1634 Simplicio
1078 1565 1235 1635 profectum
1256 1563 1337 1618 seda

244 1663 361 1718 librario
381 1663 502 1732 quodam
520 1663 649 1718 additum
662 1681 729 1732 esse,
748 1661 881 1731 indubiis,
900 1662 1010 1731 opinor,
1029 1661 1187 1717 rationibus
1199 1660 1335 1731 probatur.
1419 1681 1420 1688 ι

245 1760 369 1814 Primum
388 1759 547 1828 Simplicius
574 1759 636 1813 aliis
657 1759 734 1827 locis,
762 1759 863 1827 quibus
886 1759 921 1813 de
940 1759 1036 1814 eadem
1055 1737 1086 1814 re
1105 1759 1236 1828 loquitur,
1261 1759 1336 1810 Ana-

242 1856 465 1910 ximandrum
487 1856 531 1924 iis,
549 1855 598 1925 qui
617 1855 704 1925 ipsam
724 1855 934 1926 generationem
952 1855 1056 1910 tollant
1074 1859 1104 1910 et
1122 1855 1335 1910 nonnisirerunr

243 1951 395 2006 mixtarum
415 1952 597 2022 secretionem
626 1957 677 2006 aut
695 1969 789 2006 rerum
813 1969 864 2022 per
886 1969 916 2006 se
934 1952 1123 2006 constantium
1142 1951 1335 2008 concretionem

160 2119 163 2124 r
243 2054 273 2104 et
290 2049 487 2104 discretionem
505 2055 623 2119 ponant,
646 2067 678 2104 ac
698 2049 864 2105 nominatim
883 2049 996 2118 quidem
1017 2049 1086 2118 ipsi
1107 2051 1335 2118 Anaxagorae,

243 2150 340 2214 aperte
360 2147 477 2216 opponit
501 2151 530 2200 et
555 2147 584 2200 in
607 2147 642 2200 iis
663 2150 802 2210 numerat,
830 2147 879 2215 qui
904 2146 1114 2216 generationem
1134 2163 1191 2200 esse
1209 2145 1335 2199 statuant.

244 2243 317 2297 Coel.
337 2243 394 2297 911³
408 2246 440 2297 41
463 2243 593 2298 Garsten:
614 2246 675 2313 ,καὶ
694 2247 790 2315 μέντοι
815 2240 861 2295 διὰ
879 2237 978 2309 ταύτην
995 2240 1045 2309 τὴν
1067 2242 1222 2314 διαφωνίαν
1239 2244 1265 2294 οἷ
1286 2238 1335 2312 μὲν

242 2335 434 2410 ἀναιροῦσι
452 2338 500 2406 τὴν
517 2344 636 2410 γένεσιν,
659 2341 690 2393 ἐν
708 2339 880 2408 διακρίσει
905 2334 995 2393 πάντα
1021 2336 1194 2411 ὑφίστασθαι
1211 2340 1335 2408 λέγοντες,

245 2429 588 2504 ὥσπερἈναξαμόρας,
608 2438 639 2487 οἱ
658 2435 694 2487 δὲ
714 2435 747 2494 ἐξ
764 2431 961 2494 ἑνὸςντεὶνεα
975 2438 1137 2504 γίνεσθαι
1157 2437 1263 2504 λέγουσι.
1281 2429 1333 2485 κατ’

244 2527 363 2601 εὐθεῖαν,
383 2530 419 2590 ὠς
437 2532 706 2603 Ἀναξίμανδρος
723 2535 769 2584 καὶ
781 2533 971 2602 Ἀναξιμένης,
982 2533 1015 2584 ,οἱ
1034 2530 1065 2584 δὲ
1085 2534 1131 2583 καὶ
1149 2535 1256 2600 γένεσιν
1273 2529 1332 2582 εἶναι
1419 2574 1420 2595 ,

244 2631 351 2696 λέγουσι
380 2631 426 2681 καὶ
452 2629 481 2688 ἐξ
506 2622 633 2694 diditur
656 2625 706 2694 τὴν
729 2630 841 2697 γένεσιν
863 2627 1018 2681 ποιοῦσιν.“
1059 2627 1130 2682 Ibid.
1150 2629 1219 2681 251³
1232 2629 1265 2680 25
1286 2641 1333 2692 sq.:

246 2730 352 2794 ,τρίτον
369 2731 536 2794 προστίθησι
554 2722 604 2791 τὴν
622 2724 676 2779 τῶν
694 2730 792 2794 κυρίως
804 2725 931 2791 φυσικῶν
942 2726 1101 2795 λεγομένων
1113 2719 1205 2792 δόξαν,
1223 2727 1334 2778 οἵτινες

245 2816 351 2875 πάντα
369 2825 530 2892 γίνεσθαι
551 2823 705 2890 λέγοντες
724 2818 759 2873 ἕν
775 2815 885 2890 μόνον
909 2819 1063 2890 ἔφασκον
1087 2819 1243 2889 α’γίνιμον
1266 2817 1332 2872 ὑπο-

244 2923 368 2988 μένειν,
392 2919 425 2978 ἐξ
443 2903 478 2970 οὗ
497 2915 533 2971 τὰ
553 2912 633 2970 ἄλλα
652 2923 779 2987 γίνεται
805 2919 859 2969 καί
878 2920 924 2974 εἰς
941 2910 1156 2986 ὃδναίύεται,
1176 2919 1261 2985 Θαλῆς
1282 2915 1331 2988 μὲν

244 3011 327 3085 ὕδωρ,
354 3017 535 3085 Ἀναξιμένης
563 3015 594 3068 δὲ
621 3009 697 3084 ἀέρα,
716 3013 997 3083 Ἀναξίμανδρος
1022 3010 1057 3067 τὸ
1078 3011 1210 3085 μεταξύ,
1238 3015 1287 3082 πῦρ
1304 3011 1330 3064 di
1419 3034 1420 3040 ¹

242 3105 438 3178 Ἡράκλειτος.“
486 3111 527 3166 Cf.
560 3129 636 3180 supr.
665 3129 691 3180 p.
715 3112 764 3164 121
796 3114 853 3165 not.
877 3113 903 3162 2.
939 3109 1012 3164 Num
1036 3112 1170 3167 credibile
1195 3118 1245 3181 cst,
1271 3112 1332 3166 Sim·

244 3208 358 3279 plicium
378 3210 412 3262 de
431 3226 462 3262 re
480 3213 539 3262 tam
558 3208 663 3278 insigni
684 3212 798 3275 tamque
817 3205 852 3260 ad
871 3206 1092 3276 intellegendum
1104 3209 1181 3264 facili
1192 3208 1332 3264 sententias

244 3305 394 3374 protulisse
418 3305 459 3359 ite
477 3323 590 3374 prorsus
613 3280 688 3358 iuter
713 3322 741 3358 se
764 3303 940 3373 pugnantes?
979 3303 1086 3358 Deinde
1111 3307 1168 3360 ianr
1186 3311 1250 3361 ente
1267 3307 1332 3360 hunc

243 3402 334 3456 locum
353 3402 526 3470 vituperavit
544 3401 778 3470 Theophrastum,
803 3398 879 3469 quod
897 3400 1018 3468 quadam
1042 3402 1071 3456 vi
1090 3405 1285 3474 Anaxagoram
1302 3399 1332 3454 ad

244 3497 485 3552 Anaximandrum
511 3498 644 3552 reducere
673 3496 814 3564 studeret3
841 3495 922 3564 Phys.
952 3514 979 3565 p.
999 3499 1042 3566 33,
1061 3517 1086 3567 a,
1112 3504 1177 3569 port
1202 3517 1250 3553 m.:
1277 3498 1330 3567 ,καὶ

245 3587 423 3665 Θεόφραστος
451 3593 482 3646 δὲ
504 3591 562 3648 τὸν
586 3589 815 3663 Ἀναξαγόραν
842 3599 890 3653 εἰς
913 3590 971 3650 τὸν
990 3590 1266 3666 Ἀναξίμανδρον
1290 3610 1331 3646 συ·

244 3690 363 3742 νωθῶν
381 3689 452 3742 κτί.“
491 3690 565 3745 Num
592 3691 727 3746 credibile
746 3698 797 3755 est,
824 3694 916 3764 ipsum
944 3695 1020 3750 haud
1038 3693 1128 3747 multo
1156 3696 1221 3763 post
1238 3688 1332 3746 Anaxi·

244 3784 361 3839 mandro
390 3786 504 3840 eandem
533 3791 617 3856 atque
635 3791 820 3860 Anaxagorae
847 3792 1015 3846 sententiam
1034 3790 1186 3844 tribuisse?
1216 3789 1332 3856 Denique

244 3881 387 3950 elicium,
407 3900 463 3951 quo
481 3883 516 3938 de
533 3884 568 3938 iis
587 3885 721 3953 loquitur,
741 3885 790 3954 qui
806 3887 904 3940 mundi
917 3887 1055 3957 originem
1073 3890 1124 3940 aut
1136 3903 1255 3941 ererum
1273 3884 1332 3938 mir·

244 3983 336 4032 tarum
356 3979 509 4034 secretione
533 3985 582 4034 aut
607 3999 736 4036 arerum
765 4000 816 4052 per
845 4000 874 4037 se
903 3983 1091 4038 constantium
1120 3982 1294 4037 concretione
1310 3981 1333 4032 et

244 4076 412 4130 discretione
431 4081 569 4145 repetant,
592 4077 621 4131 in
647 4077 703 4132 illis
722 4079 833 4133 solum
853 4079 1102 4151 Anaxagoram,
1127 4080 1157 4134 in
1181 4080 1224 4134 bis
1242 4079 1332 4146 Empe·

243 4172 352 4226 doclem
370 4177 399 4226 et
416 4172 609 4228 Democritum
626 4175 763 4243 nominat,
788 4176 838 4245 qui
860 4180 917 4230 tres
941 4175 1100 4246 philosophi
1118 4181 1215 4231 nostro
1233 4187 1333 4244 quoque

244 4269 305 4323 loco
324 4269 354 4322 in
372 4269 469 4324 eadem
487 4287 518 4324 re
536 4270 726 4340 nominantur,
749 4272 1039 4328 Anaximandrum
1064 4276 1178 4328 autern
1198 4269 1332 4326 omittit
1419 4346 1420 4357 χ
