2882 4902
789 381 824 435 ts

257 565 354 640 atque
375 555 459 622 hanc
480 555 521 621 ob
544 575 691 623 caussam
715 554 862 629 duaepde
885 553 1004 620 infiniti
1027 552 1169 620 essentia
1187 551 1352 636 opiniones

256 671 330 732 sunt
354 666 448 750 plane
471 667 659 744 contrariae,
682 685 815 748 quarum
839 664 942 731 altera
957 663 1107 749 priorem,
1129 664 1234 728 altera
1253 668 1352 746 poste·

256 776 374 842 riorem
395 775 550 842 rationem
572 776 786 861 amplectitur.
816 774 928 840 Priore
948 773 1100 859 opinione
1122 769 1353 838 Anaximandri

256 883 415 950 inlinitum
442 891 491 950 est
516 884 666 961 mixtio,
696 884 837 949 omnium
863 903 970 948 rerum
998 883 1158 948 elementa
1186 879 1352 946 contrariis

257 993 466 1077 qualitatibus
481 993 636 1060 distincta
650 1001 723 1058 actu
739 994 917 1068 continens,
940 990 1058 1058 similis
1076 992 1126 1056 illi
1144 990 1352 1073 Anaxagorae

257 1102 561 1168 homoeomeriarum
586 1101 747 1186 minutioni,
770 1101 822 1168 vel
846 1101 1005 1184 etiamsi,
1028 1099 1125 1183 quam
1144 1098 1351 1183 Empedocles

257 1209 381 1290 docuit3
415 1211 517 1276 altera
546 1210 698 1294 opinione
724 1216 774 1276 est
800 1216 944 1275 natura
965 1207 1157 1292 quaedam
1178 1208 1350 1292 simplem

258 1339 353 1402 quam
380 1339 451 1384 esse
478 1325 603 1402 oportet
632 1325 689 1384 aut
714 1325 860 1384 naturam
888 1317 1052 1400 quandam
1074 1337 1263 1401 corpoream
1284 1335 1349 1400 pro

257 1428 329 1513 pria
350 1447 409 1494 sua
430 1426 585 1509 qualitate
609 1434 762 1510 utentem,
794 1435 849 1493 aut
870 1411 1038 1492 materiam
1062 1425 1177 1509 quavis
1199 1427 1350 1508 qualitate

258 1535 390 1604 definita
411 1543 581 1602 carentem.
613 1535 663 1600 De
686 1541 821 1618 utraque
833 1535 985 1619 opinione
1005 1537 1183 1618 separatim
1197 1533 1351 1618 agendum

258 1653 315 1724 est,
338 1652 434 1728 atque
445 1645 582 1728 primum
598 1643 727 1727 quidem
739 1643 780 1709 de
791 1664 840 1726 ea,
863 1664 961 1727 quam
976 1644 1084 1729 priore
1098 1646 1170 1710 loco
1183 1644 1349 1730 posuimus.

356 1757 385 1819 2.
408 1755 520 1836 Itaque
541 1773 580 1819 ea
602 1753 725 1836 opinio,
755 1773 818 1836 qua
840 1753 1079 1820 Anaximandri
1100 1753 1261 1819 infinitum
1283 1772 1349 1818 con-

257 1866 357 1931 traria
379 1870 450 1930 actu
473 1864 637 1929 continere
659 1860 796 1944 ideoque
818 1863 931 1928 mixtio
950 1883 972 1928 e
993 1862 1134 1928 diversis
1162 1883 1268 1928 rerum
1294 1862 1349 1926 ele·

258 1975 373 2040 mentis
404 1972 580 2058 composita
602 1990 673 2038 esse
694 1979 833 2056 putatur,
859 1992 954 2054 qnam
979 1973 1216 2039 recentioribus
1238 1978 1350 2056 tempo·

258 2083 347 2149 ribus
368 2083 491 2167 primus
513 2083 681 2168 proposuit
701 2081 859 2147 Henricus
882 2081 986 2148 Ritter
1014 2089 1047 2147 ct
1067 2083 1170 2148 solam
1193 2103 1263 2148 cum
1289 2099 1350 2146 cer·

258 2192 394 2259 tissimis
425 2198 568 2258 veterum
602 2191 794 2257 testimoniis
827 2192 999 2258 convenire
1035 2192 1161 2257 censuit
1172 2191 1207 2276 ¹),
1245 2192 1291 2256 ita
1319 2195 1350 2252 ut

261 2301 533 2368 Anaximandrum
546 2301 579 2366 in
597 2320 761 2366 numerum
778 2299 994 2385 physicorum,
1012 2321 1092 2383 quos
1108 2299 1349 2368 mechanicos

235 2390 367 2478 'dicere
387 2409 618 2488 consuevimus,
642 2409 789 2488 referret,
814 2431 974 2492 quamque
997 2417 1110 2494 postea
1131 2411 1241 2495 plures
1262 2410 1349 2476 etiam

259 2521 317 2587 alii
339 2521 440 2586 secuti
471 2524 587 2604 santi),
614 2539 685 2587 meo
714 2519 844 2603 quidem
878 2519 999 2586 iudicio
1026 2519 1157 2585 omnino
1191 2516 1349 2584 reicienda

259 2637 315 2697 est.
358 2630 506 2712 Namque
530 2651 593 2696 non
615 2631 717 2696 solum
740 2629 837 2694 nullis
860 2627 1005 2695 indubiis
1027 2628 1222 2694 testimoniis
1244 2625 1348 2712 proba·

259 2747 318 2820 tur,
352 2759 463 2806 verum
497 2739 594 2804 etiam
625 2738 814 2804 certissimis
848 2738 1046 2828 argumentis
1073 2736 1242 2803 refellitur.
1284 2734 1348 2800 Non

259 2849 392 2916 dubium
413 2847 542 2932 quidem
554 2855 611 2927 est,
635 2848 711 2931 quin
727 2847 792 2913 iam
808 2846 891 2912 inter
906 2854 1028 2912 veteres
1048 2846 1176 2926 fuerint,
1201 2847 1255 2928 qui
1275 2845 1347 2908 hanc

259 2961 449 3026 sententiam
466 2962 687 3040 sequerentur3
710 2956 829 3022 diserte
851 2956 1113 3041 pronuntiatura
1137 2953 1347 3040 Philopono³)‚

260 3078 291 3136 et
315 3069 355 3135 ab
378 3070 453 3136 aliis
471 3086 596 3151 quoque
619 3066 700 3132 satis
723 3073 833 3151 aperte
855 3065 1105 3150 significatnr⁴);
1129 3064 1188 3130 sed
1206 3063 1346 3141 indepou

344 3185 386 3292 -U
405 3184 571 3276 Gesohichto
589 3219 638 3272 der
656 3216 732 3272 alten
750 3217 929 3286 Philosophia
945 3220 1014 3270 tom.
1033 3217 1055 3287 1,
1074 3233 1102 3286 p.
1122 3217 1184 3284 283,
1205 3216 1247 3271 ed.
1265 3216 1289 3266 2.

358 3322 384 3388 2)
402 3317 497 3374 Veluti
521 3314 719 3384 Teichmiiiler,
751 3314 868 3368 Studien
893 3331 942 3367 zur
965 3313 1130 3368 Geschichle
1158 3312 1209 3366 der
1234 3306 1344 3379 Begriffe
1422 3349 1423 3398 ρ

257 3435 284 3487 p.
304 3419 320 3468 5
345 3419 374 3470 et
392 3417 435 3482 58,
459 3413 571 3484 aliique,
590 3429 660 3482 quos
679 3428 824 3467 recensere
842 3427 898 3465 non
916 3427 987 3480 opus
1007 3413 1057 3464 cet.

357 3512 382 3581 3)
402 3511 574 3581 Philopomrs
598 3511 627 3564 iu
654 3513 801 3568 comment.
826 3507 861 3562 ad
888 3507 1004 3561 Aristot.
1029 3505 1110 3574 Phys.
1130 3505 1151 3568 1,
1167 3507 1193 3558 4.
1213 3505 1284 3558 187²
1305 3502 1345 3552 20:

1422 3597 1423 3638 l

259 3613 301 3680 „ot
321 3610 347 3662 d’
366 3610 397 3662 ἐν
415 3609 463 3662 τοῦ
480 3605 542 3667 ἑνὸς
560 3601 674 3667 ἐνούσας
697 3603 745 3666 ιέις
767 3598 953 3671 ἐναντιότητας
971 3605 1150 3673 ἐκκρίνουσιν,
1174 3602 1233 3656 οἷον
1254 3597 1345 3658 {amtt-

256 3706 395 3778 μανδρος,
417 3701 621 3776 ἐνυπάρχειν
638 3701 691 3774 γὰρ
712 3705 804 3772 ἔλεγεν
822 3703 853 3758 ἐν
870 3696 1034 3774 τῷμειαξῠ,
1057 3695 1128 3770 ὅπερ
1145 3691 1255 3765 ἧν-ιιαι’
1273 3691 1346 3748 αὐτὸν
1422 3679 1423 3728 l

201 3783 209 3862 ,ι
258 3808 401 3873 στοιχεῖον.
420 3800 452 3856 τὰ
469 3804 578 3858 ἐναντία
598 3800 666 3854 κατ’
685 3801 699 3854 ἐ
706 3799 895 3869 deoysi-aff

356 3898 384 3969 4)
403 3900 551 3970 Augustin.
571 3898 628 3953 aiv.
648 3897 681 3952 D.
706 3895 781 3962 vin,
801 3898 829 3950 2:
868 3895 947 3965 „Non
975 3894 1049 3949 onim
1072 3889 1297 3963 (Anaximander)
1317 3903 1344 3954 ex

257 4014 322 4051 una
340 4013 380 4066 re,
406 3999 479 4052 sicat
497 3995 597 4050 Thales
615 4013 649 4050 ex
667 3995 792 4060 humore,
811 3993 859 4048 sed
878 4011 912 4047 ex
931 3993 989 4046 suis
1000 3974 1154 4061 ‘principiis
1172 4003 1291 4059 quasque
1308 3999 1344 4036 res

256 4093 333 4150 nasci
350 4093 488 4163 putavit.“
515 4123 548 4132 -
572 4092 648 4147 Idem
668 4092 752 4145 etium
771 4107 828 4144 uno
846 4089 980 4159 Simplicii
997 4088 1060 4142 loco
1076 4084 1258 4156 significatur,
1274 4080 1344 4147 Phys.

256 4209 283 4261 p.
296 4193 329 4245 91
343 4192 362 4246 b
380 4192 431 4248 sub
442 4189 533 4246 finam:
555 4193 600 4260 „ol
619 4189 651 4242 δέ
668 4185 756 4242 πολλὰ
774 4187 829 4258 μὲν
840 4184 999 4258 ὑπάρχοντα
1011 4185 1042 4238 δὲ
1056 4185 1230 4254 innotescam
1251 4181 1342 4247 ἔλεγον,

256 4287 305 4357 τὴν
322 4292 434 4358 γένεσιν
451 4285 630 4360 ἀναιροῦντες,
650 4284 686 4345 ὡς
696 4281 909 4354 Ἀναξίμανδρος
928 4285 972 4335 καὶ
989 4274 1198 4352 Ἀναξαγόρας.“
