2850 4904
595 371 648 424 203

164 541 221 604 20.
269 541 318 606 De
346 539 526 624 Philopono
552 539 703 606 brevibus
726 560 798 605 esse
830 500 920 604 lieet:
947 539 976 604 is
997 541 1081 604 enim
1105 541 1176 604 Ari-

61 648 193 714 stotelis
216 649 322 716 locum
344 668 408 714 non
431 650 546 732 solum,
568 649 656 732 quod
680 649 724 715 ad
745 649 816 716 eius
836 648 1029 716 sententiam
1051 650 1176 730 attinet,

64 848 270 858 ...a-—

62 974 195 1030 dicatum
215 995 271 1031 non
289 976 345 1030 nisi
363 977 398 1032 de
416 977 507 1032 altera
529 977 611 1032 huius
632 977 754 1032 ambitus
776 980 865 1046 parte·
882 977 1103 1048 intellegendum
1125 981 1175 1032 est.

63 1074 161 1142 Atque
181 1073 250 1128 inde
268 1078 358 1144 patet,
380 1074 546 1130 sententiam
565 1075 639 1130 effici
657 1075 771 1130 omnino
791 1074 939 1142 diversam,
956 1078 1042 1143 prout
1060 1078 1110 1128 aut
1127 1073 1177 1128 illa

65 1174 113 1224 aut
132 1169 190 1224 hac
209 1171 320 1226 ratione
331 1171 515 1242 accipiuntur.
535 1172 594 1226 Iam
613 1190 680 1227 vere
692 1171 862 1242 Simplicius,
882 1171 1019 1242 quamvis,
1039 1175 1071 1224 ιιι
1088 1175 1177 1225 etota

67 1267 126 1320 eius
146 1267 344 1336 disputatione
368 1273 494 1338 apparet,
526 1286 621 1323 verum
643 1269 756 1323 illorum
779 1269 930 1322 verborum
952 1267 1091 1321 rationem
1115 1284 1176 1335 per·

65 1365 204 1433 spexerit,
222 1368 317 1419 tamen
336 1365 452 1435 omittit,
471 1383 530 1420 eam
552 1365 637 1420 certis
656 1365 749 1420 verbis
768 1365 906 1434 indicare;
931 1368 959 1419 et
978 1364 1045 1419 dum
1064 1363 1094 1417 in
1112 1363 1176 1416 Ari·

66 1461 179 1516 stotelis
198 1462 260 1516 leco
279 1462 444 1530 explicando
462 1463 587 1534 singulas
606 1464 665 1517 eius
685 1463 811 1532 sequitur
830 1465 933 1532 partes,
959 1459 1068 1515 duobus
1089 1461 1175 1530 expli·

67 1557 190 1610 nationis
209 1557 277 1612 locis
296 1558 395 1613 iisdem
413 1559 469 1614 illis
482 1560 586 1628 verbis,
605 1565 637 1614 ut
655 1561 691 1615 ab
703 1559 858 1614 Aristotele
871 1558 963 1628 posita
976 1562 1050 1625 sunt,
1071 1557 1175 1625 utitur;

67 1657 154 1723 atque
175 1654 241 1709 inde
259 1653 391 1722 efficitur,
409 1661 442 1710 ut
460 1655 489 1709 in
509 1655 584 1710 hisee
602 1655 711 1710 dnobus
731 1655 799 1710 locis
819 1654 916 1709 eadem
939 1658 1070 1710 uernatur
1089 1653 1175 1707 ambi·

68 1751 173 1820 guitas,
193 1768 277 1820 quam
296 1752 325 1805 in
343 1751 506 1806 Aristotelis
525 1752 586 1806 loco
605 1751 833 1822 significavimus.
870 1751 933 1806 Due
953 1754 1048 1806 autem
1065 1751 1094 1804 in
1106 1749 1175 1804 Sim-

68 1847 148 1916 plicii
158 1847 352 1918 disputatione
368 1852 443 1910 sunt,
461 1866 532 1920 quae
551 1849 627 1902 omni
639 1848 826 1919 ambiguitate
838 1852 944 1915 carent,
962 1847 1088 1917 primum
1104 1847 1177 1902 duae

69 1943 134 1997 illae
152 1945 300 2014 generales
318 1945 498 2018 physicorum
515 1945 673 2015 divisiones,
691 1945 793 2001 deinde
812 1946 869 2000 eius
888 1945 1086 2016 generationis,
1105 1963 1176 2014 quae

69 2039 98 2092 ιιι
117 2041 326 2095 contrariorum
345 2042 499 2096 secretione
518 2041 654 2109 consistit,
675 2041 711 2096 ad
735 2060 822 2096 unum
841 2041 1085 2097 Anaximandrum
1104 2042 1175 2095 rela-

71 2137 120 2190 tio.
158 2137 257 2208 Itaque
276 2139 312 2194 ab
331 2138 407 2194 hisce
424 2137 532 2193 duabus
550 2116 634 2192 rebus
657 2142 802 2207 tamquam
821 2157 837 2192 a
857 2142 933 2192 certe
962 2138 1044 2192 initio
1073 2137 1102 2191 in
1130 2156 1175 2192 ex·

70 2232 202 2301 plieanda
221 2235 359 2305 Simplicii
381 2223 572 2305 disputatione
596 2234 828 2304 proficiscendum
852 2240 920 2290 erat.
959 2235 997 2290 Ut
1015 2237 1109 2289 autem
1128 2253 1175 2304 ap·

71 2335 191 2398 pareret,
211 2331 247 2386 ab
267 2331 344 2388 bisce
362 2334 466 2388 alteros
484 2333 548 2388 illos
559 2333 629 2388 duos
647 2333 722 2388 locos
740 2351 797 2387 non
810 2332 967 2401 dissentire,
985 2332 1021 2386 de
1031 2332 1089 2385 illis
1108 2331 1176 2401 ipsis

71 2426 236 2497 singillatim
256 2429 297 2483 itu
315 2434 377 2484 erat
395 2429 583 2499 tractandum,
601 2435 634 2486 nt
651 2430 755 2499 duplex
774 2430 831 2498 illa,
850 2447 905 2498 qua
916 2429 1043 2500 intellegi
1052 2432 1175 2498 possent,

72 2524 146 2580 ratio
164 2525 192 2578 in
211 2525 272 2594 ipso
296 2530 446 2595 conspectu
465 2531 625 2595 poneretur.

171 2621 200 2676 Si
217 2623 266 2691 qui
285 2627 379 2678 autem
402 2623 477 2678 forte
500 2628 650 2693 propterea
674 2623 895 2694 disputationem
920 2622 994 2678 insto
1021 2621 1177 2692 longiorem

73 2721 180 2786 putent,
199 2720 275 2788 quod
293 2737 338 2774 res
356 2723 467 2774 tantum
491 2716 668 2790 diligentiam
692 2738 749 2774 non
768 2724 882 2782 mereat,
911 2719 955 2773 his
977 2719 1061 2774 facile
1084 2723 1177 2788 potest

74 2814 243 2882 responderi.
281 2815 382 2869 Dicere
401 2815 514 2884 quidem
532 2815 645 2886 possim,
665 2815 695 2870 in
713 2815 797 2870 rebus
815 2816 860 2870 vel
883 2815 1007 2870 minimis
1028 2816 1177 2870 veritatem

75 2910 255 2980 veritatisque
274 2912 474 2967 certitudinem
495 2916 613 2982 prepter
636 2931 664 2967 se
692 2913 782 2982 ipsam
807 2910 954 2967 amandam
979 2929 1051 2981 esse;
1079 2911 1128 2966 sed
1148 2913 1178 2965 id

75 3005 127 3061 hoc
145 3007 204 3062 loeo
214 3012 369 3077 praetereo,
389 3025 452 3062 cum
471 3007 531 3077 ipse
550 3009 596 3064 hic
608 3009 746 3079 Simplicii
765 3010 842 3063 locus
858 3027 909 3079 per
929 3007 1000 3063 sein
1014 3007 1177 3077 quaestione

76 3101 109 3154 de
127 3102 330 3156 Anaximandri
351 3102 530 3172 philosophia
548 3105 728 3175 gravissimus
750 3104 796 3158 sit.
834 3104 962 3173 Namque
987 3104 1092 3158 multae
1112 3104 1177 3158 illae

76 3197 109 3251 de
127 3196 179 3253 hac
195 3199 374 3268 philosophia
392 3199 590 3268 dubitationes,
615 3200 809 3270 dissensiones,
835 3200 923 3256 falsae
941 3200 1088 3269 opiniones
1106 3218 1177 3254 nnn·

77 3309 158 3360 quam
183 3299 267 3349 natae
295 3298 394 3362 essent,
422 3295 445 3348 si
464 3294 547 3349 huius
575 3295 629 3351 loci
656 3295 795 3350 sententia
820 3294 920 3351 inisset
945 3300 1101 3366 perspecta.
1138 3297 1177 3352 Ut

76 3388 169 3456 paneis
186 3407 246 3446 rem
265 3391 420 3459 ostendam,
443 3391 749 3448 Schleichermacherus
767 3393 888 3448 maxime
917 3392 988 3448 falsa
1014 3392 1097 3446 huius
1121 3393 1176 3448 loci

78 3485 305 3555 interpretatione
324 3488 475 3558 impeditus
495 3493 546 3557 est,
564 3488 713 3557 quominus
730 3505 826 3544 veram
844 3487 921 3542 illius
939 3487 1102 3542 Aristotelis
1120 3488 1176 3542 loci

78 3582 209 3638 rationem
228 3584 400 3654 perspiceret
427 3585 472 3654 (ci.
492 3585 595 3640 Werlte
614 3586 754 3654 111,a,p.
777 3587 855 3654 180);
879 3584 932 3640 hae
950 3584 1022 3640 false
1039 3585 1176 3654 iuterpre-

79 3676 179 3734 tatione
198 3685 354 3736 commotus
365 3680 522 3737 Alexandri
540 3681 575 3736 de
588 3682 799 3737 Anaximandro
812 3682 1004 3738 testimonium
1014 3683 1176 3751 contemnit,

80 3772 177 3844 quippe
195 3777 270 3845 quod
298 3796 315 3833 a
334 3777 478 3848 Simplicio
506 3779 598 3834 refelli
622 3783 732 3836 censeat
758 3779 838 3848 (ibid.
857 3797 885 3849 p.
906 3782 958 3834 180
975 3783 1004 3835 et
1023 3779 1093 3848 181),
1114 3796 1175 3834 cum

80 3869 102 3921 is
122 3873 234 3928 eandem
253 3878 339 3943 atque
351 3875 512 3930 Alexander
531 3876 698 3931 sententiam
711 3881 844 3946 sequatur
863 3894 980 3946 eamque
999 3881 1097 3932 eontra
1109 3876 1176 3931 Por-

79 3965 202 4035 phyrium
221 3970 365 4039 deiendat;
389 3972 443 4028 hac
460 3979 615 4028 commotus
634 3974 822 4044 Porphyrium
840 3974 937 4030 laudat
955 3974 1033 4042 (ibid.
1053 3992 1082 4043 p.
1103 3972 1176 4043 175),

82 4067 200 4132 quamvis
219 4067 242 4122 is
264 4084 398 4124 reversa
420 4068 565 4139 Simplicio
583 4087 618 4124 ex
637 4069 697 4140 ipso
715 4070 868 4126 Aristotele
890 4087 1004 4140 prorsus
1023 4070 1175 4140 refutetur3

82 4159 131 4216 bae
150 4169 301 4220 commotus
323 4164 499 4235 Simplicium
527 4171 651 4222 asemet
679 4167 771 4236 ipsum
799 4167 948 4238 dissentire
975 4167 1094 4236 ideoque
1120 4166 1175 4222 fide

82 4255 218 4330 indignum
238 4279 296 4318 esse
316 4261 423 4318 iudicat
440 4262 489 4332 (ih.
512 4264 562 4318 180
581 4265 645 4332 sq.);
663 4265 716 4318 bae
727 4264 848 4334 denique
860 4264 939 4334 quasi
959 4281 1071 4320 securus
1084 4263 1175 4320 iaetus
