2882 4902
624 384 659 436 4⁷

75 555 240 638 sequitur,
260 562 295 621 ut
305 575 384 620 vera
399 553 451 634 sit,
471 554 535 620 nisi
550 555 735 638 graviorum
749 555 878 621 testium
890 555 1064 624 auotoritas
1079 559 1187 623 ao'oes·

75 664 167 730 serit.
217 663 316 728 Tales
342 670 451 729 autern
479 671 576 730 testes
599 663 705 746 ipsum
728 662 986 747 Theophrastum
1011 672 1044 731 et
1066 667 1186 733 Aristo·

76 775 177 840 telem
201 774 315 840 volunt
336 794 418 850 esse,
451 793 583 856 quorum
613 793 696 856 quae
723 774 766 839 ad
787 775 979 841 sententiam
1001 775 1091 840 illam
1116 796 1186 860 pro·

76 884 227 950 bandam
262 883 450 948 adferuntur
482 882 683 960 testimonia,
724 883 789 948 iam
828 884 1009 950 accuratius
1043 885 1187 952 oonside·

79 992 189 1057 tanda
211 998 294 1058 sunt.

187 1104 292 1184 Atque
315 1099 532 1185 Theophrasti
554 1099 684 1182 quidem
708 1098 926 1166 testimonium
949 1102 1105 1170 contineri
1128 1125 1186 1188 pu·
1257 1172 1259 1176 ,

78 1219 151 1277 tant
173 1210 316 1296 quodam
328 1209 489 1296 Simplioii
504 1211 577 1275 loeo
589 1210 620 1292 ¹),
644 1216 861 1294 quemtotum,
883 1218 919 1277 ut
933 1210 1062 1278 saoilius
1083 1215 1188 1298 possit

81 1320 276 1398 examinari,
299 1319 492 1404 adsoriham.
536 1320 650 1403 Itaque
681 1318 879 1403 Simplioius,
912 1327 1083 1406 postquam
1116 1323 1187 1388 looo

80 1433 232 1518 proxime
247 1429 452 1496 antecedenti
465 1429 505 1495 de
517 1449 626 1496 eorum
642 1428 789 1496 doctrina
808 1429 973 1514 disseruit,
995 1432 1052 1514 qui
1073 1452 1186 1500 unum

82 1549 210 1607 tantum
227 1539 422 1627 prinoipium
442 1547 597 1623 ponerent
620 1539 772 1605 interiore
794 1539 932 1622 quodam
951 1540 1003 1606 sui
1020 1550 1107 1609 motu
1123 1563 1186 1608 om·

82 1672 140 1717 nes
164 1670 216 1717 res
239 1670 280 1716 ex
302 1669 373 1716 sese
395 1649 603 1735 propignens
627 1648 660 1712 in
682 1648 797 1731 hisque
821 1669 898 1734 prae
924 1650 1039 1717 ueteris
1062 1652 1186 1718 Anaxi·

83 1761 255 1826 mandram
277 1778 402 1842 qnoque
425 1757 622 1840 memoravit,
652 1759 718 1823 ianr
739 1757 782 1823 ad
803 1777 858 1824 eos
881 1778 916 1826 se
938 1747 1103 1845 eonvertit,
1129 1763 1185 1844 qui

85 1870 254 1936 infinita
283 1889 388 1935 rerum
416 1869 576 1936 elementa
618 1888 720 1951 eaque
751 1868 881 1950 quidem
915 1870 1184 1952 qualitatihus

85 1983 167 2048 suis
191 1980 389 2046 contraria
415 1984 448 2043 et
469 1978 598 2045 omnino
621 1977 837 2044 immutabilia
859 1986 989 2062 ponant,
1010 1987 1042 2046 et
1064 1980 1185 2048 ideireo
1230 1983 1233 1987 ’

84 2111 189 2156 rerum
212 2088 452 2174 generationem
482 2087 566 2152 nihil
598 2107 670 2154 esse
697 2087 799 2153 velint
826 2087 892 2154 nisi
915 2089 1026 2156 horum
1047 2092 1184 2157 elemen-

85 2207 186 2266 torum
223 2199 386 2282 quandam
416 2190 601 2282 ,σύγκρισιν
632 2195 686 2261 καὶ
707 2189 897 2281 ὄιάκρισιν“,
927 2198 1086 2282 huiusque
1113 2221 1184 2268 sen-

85 2311 204 2376 tentiae
225 2309 364 2394 primum
387 2313 548 2372 auotorem
570 2305 651 2372 dioit
674 2308 909 2389 Anaxagoram.
945 2306 1044 2375 Cuius
1067 2308 1183 2376 doetri-

87 2439 158 2484 nam
180 2424 353 2504 postquam
374 2416 557 2484 summatim
579 2416 739 2500 exposuit,
761 2415 810 2482 sio
830 2416 951 2500 pergit:
984 2414 1085 2500 »λέγει
1106 2419 1185 2501 γοῦν

88 2519 316 2613 Ἀναξαγόρας,
350 2521 402 2592 ότι
435 2524 469 2590 ἕν
494 2523 593 2591 παντὶ
622 2520 746 2602 παντὸς
765 2529 867 2608 μοῖρα
894 2521 1010 2603 ἔνεστι,
1041 2527 1095 2592 καὶ
1116 2522 1183 2614 ότῳ

89 2636 224 2704 πλεῖστα
248 2635 298 2703 ἔνι
318 2639 430 2717 ταῦτα,
461 2630 657 2718 ἕνδηλόσασα
685 2629 720 2700 ἓν
740 2631 878 2702 ἕκαστον
899 2625 1080 2700 εἶναι*καί
1103 2623 1183 2722 pst),

89 2741 298 2811 usitatiori
334 2767 455 2833 φησιν
478 2739 496 2809 ό
521 2737 783 2830 Θεόφραστος
813 2745 1103 2830 παραπλησίως
1130 2747 1183 2831 τῷ

90 2847 376 2940 Ἀναξιμάνόριμ
408 2853 511 2939 λέγειν
531 2835 770 2938 Ἀναξάγοραν.
796 2849 963 2931 ἐκεῖνος
997 2848 1055 2937 γάρ
1085 2877 1185 2939 φησιν

91 2963 124 3028 ἐν
141 2967 184 3054 τῇ
205 2965 401 3050 διακρίσει
421 2965 492 3029 τοῦ
515 2957 684 3046 ἀπείρου
703 2958 743 3026 τὰ
765 2964 901 3048 συγγενῆ
916 2961 1080 3048 φέρεσθαι
1100 2959 1185 3045 πρός

92 3063 221 3159 ἄλληλα,
259 3075 312 3138 καὶ
344 3070 363 3138 ό
394 3099 425 3139 σι
458 3072 517 3157 μὲν
544 3072 578 3138 ἐν
612 3075 659 3158 τῷ
688 3072 788 3138 παντὶ
812 3067 932 3155 χρυσός
961 3058 1006 3159 ἦν,
1034 3071 1182 3156 γίνεσθαι

92 3180 212 3266 χρυσόν,
239 3180 258 3249 ό
279 3209 311 3250 τι
333 3182 370 3249 δὲ
391 3187 440 3273 γῆ,
461 3184 528 3270 γῆν,
553 3178 677 3266 ὁμοίιος
692 3182 727 3248 δὲ
749 3181 889 3248 καὶτῶν
910 3171 1017 3247 ἄλλων
1038 3179 1183 3265 ἕκαστον,

93 3291 135 3370 ιός
153 3290 189 3358 oo'
207 3293 383 3379 γινομένων
404 3285 472 3360 ἀλλ’
486 3288 735 3376 ἐνυπαρχόντων
756 3286 947 3375 πρότερον.
967 3300 1023 3380 τῆς
1041 3292 1077 3356 δὲ
1094 3287 1184 3376 κινή-

93 3425 172 3481 σεως
191 3404 244 3468 καὶ
264 3406 323 3489 τῆς
344 3385 500 3488 γενέσεως
520 3396 626 3468 α’ίτιον
647 3387 806 3486 insonsque
829 3396 887 3464 σόν
908 3401 985 3466 νοῦν
1006 3401 1024 3466 ὁ
1048 3391 1183 3482 Ἀναξα-

94 3506 192 3594 γόρας,
212 3507 269 3599 ὑφ’
293 3496 333 3577 οὗ
361 3505 590 3595 διακρινόμενα
615 3506 697 3588 σούς
724 3534 760 3574 σε
788 3504 933 3593 κόσμους
960 3510 1014 3574 καὶ
1036 3506 1182 3597 τὴντῶν

95 3609 193 3684 ἄλλων
218 3617 321 3709 φύσιν
348 3620 533 3706 ἐγέννησαν.
556 3621 610 3685 καὶ
632 3615 719 3685 οὕτω
740 3619 809 3701 μέν,
834 3618 931 3705 φησί,
953 3615 1183 3702 λαμβανόντων

96 3725 211 3810 δόξειεν
239 3726 278 3796 th
308 3725 326 3796 ὁ
351 3724 569 3815 Ἀναξαγόρας
600 3725 659 3806 τοὶς
689 3727 748 3812 μὲν
774 3724 884 3806 ὑλικὰς
904 3729 1005 3813 ἀρχὰς
1024 3721 1183 3810 ἀπείρους

98 3845 204 3925 ποιεῖν,
230 3838 288 3928 τὴν
315 3841 352 3906 δὲ
377 3843 435 3928 τῆς
461 3835 618 3928 κινήσεως
645 3837 699 3902 καὶ
723 3836 879 3922 γενέσεως
901 3834 1007 3903 αἰτίαν
1027 3837 1104 3921 μίαν
1125 3833 1183 3900 τόν

190 4076 214 4146 1)
231 4075 354 4147 Simplie.
372 4076 453 4146 Phys.
472 4093 499 4146 p.
519 4077 535 4128 6
553 4075 572 4130 b
590 4080 670 4146 perte
689 4075 738 4130 int.

187 4172 215 4243 2)
233 4173 392 4244 Lagentium
411 4173 522 4228 videtur
547 4166 681 4242 ,ἕκαστόν
699 4173 766 4226 ἐστι
788 4175 833 4224 καὶ
852 4163 910 4240 ἧν“,
928 4173 1089 4240 comparato
1109 4167 1181 4222 Sim·

100 4265 294 4338 mame
