2860 4906
624 373 682 428 2411

85 547 166 627 loco,
192 564 257 628 quo
284 547 421 629 primum
449 552 486 612 ¹et
513 546 758 612 accuratissime
786 547 827 613 de
851 546 1083 614 Anaximandri
1107 547 1197 632 prin·

88 655 173 738 cipio
196 654 337 737 disserit,
361 675 432 721 cum
457 655 555 720 etiam
575 657 746 738 vituperat,
770 656 857 738 quod
872 652 910 720 cd
935 652 1027 739 παρὰ
1050 653 1090 720 τὰ
1108 679 1199 722 στοι-

86 765 159 841 χεῖα
183 765 324 830 uoluerit
345 754 681 850 ‘eidorceruocqpc'oov'
703 787 775 834 esse
788 768 821 846 ¹).

188 874 317 957 Itaque,
340 881 376 939 ut
398 875 548 942 brevibus
572 896 722 942 caussam
750 875 990 953 concludamus,
1013 897 1054 942 ex
1076 878 1197 944 Aristo·

87 981 161 1047 telis
194 983 294 1048 etiam
331 985 562 1068 interpretibus
603 986 813 1068 omnibusque
844 987 911 1052 fere
946 986 1078 1069 reliquis
1121 989 1197 1054 sori-

88 1093 239 1174 ptoribus
263 1101 409 1177 apparet,
445 1095 531 1176 quod
554 1101 630 1160 ante
654 1115 671 1160 e
694 1097 771 1162 solis
794 1095 979 1162 Aristotelis
1002 1098 1196 1164 testimoniis

89 1204 291 1286 collegimus,
325 1205 559 1270 Anaximandri
594 1205 786 1290 principium
825 1227 890 1272 uon
905 1235 908 1242 ·
924 1226 996 1274 esse
1028 1209 1196 1273 materiam

89 1313 186 1379 nullis
201 1315 412 1395 qualitatibus
425 1314 601 1397 definitam,
615 1315 758 1382 sedasse
773 1317 988 1382 substantiam
999 1337 1196 1402 corpoream,

90 1401 278 1506 simplicem,
300 1427 432 1509 propria
453 1445 629 1507 suasoque
652 1425 784 1507 quidem
806 1425 916 1492 sensili
931 1424 1089 1516 qualitate
1106 1434 1196 1493 utcu·

89 1539 161 1597 tem.
208 1533 314 1616 Atque
337 1535 384 1598 ita
406 1533 536 1601 demum
547 1535 748 1618 intellegitur
769 1535 868 1602 etiam
884 1536 974 1612 illud,
1000 1536 1087 1618 quod
1101 1543 1198 1602 autea

89 1642 130 1707 ab
152 1644 220 1709 alio
250 1642 344 1708 initio
377 1645 512 1727 profecti
544 1645 696 1727 diximus,
731 1644 967 1711 Anaximandri
1003 1646 1196 1731 principium

90 1772 151 1816 non
174 1758 278 1818 totum
308 1754 341 1818 in
376 1774 428 1819 res
450 1774 491 1820 ex
519 1754 590 1839 ipso
616 1760 701 1820 ortas
732 1755 874 1820 converti
900 1756 1003 1838 iisque
1025 1755 1118 1838 quasi
1141 1756 1197 1821 ab·

92 1864 182 1944 sumi,
212 1862 269 1930 sed
296 1865 419 1946 ipsum
445 1884 603 1930 manens
632 1883 701 1929 eas
733 1863 909 1946 undique
931 1866 1120 1950 amplecti
1143 1871 1197 1930 at-

91 1992 162 2054 que
185 1973 448 2056 gubernarei).

190 2102 261 2166 Iam
287 2120 364 2166 vero
387 2100 623 2166 Anaximandri
645 2100 837 2185 principium
872 2103 899 2166 si
933 2107 983 2166 est
1015 2101 1197 2167 substantia

91 2211 226 2293 propria
246 2230 304 2275 sua
326 2209 482 2292 qualitate
505 2216 608 2291 utens,
640 2230 703 2274 non
726 2211 844 2294 poterit
873 2231 937 2275 uon
964 2210 1088 2293 quaeri,
1115 2210 1196 2276 baec

92 2319 233 2399 qualitas
265 2339 347 2401 quae
380 2317 432 2384 sit.
477 2317 542 2384 Sed
565 2318 607 2383 ad
640 2318 724 2383 hanc
755 2318 977 2401 quaestionem
1011 2320 1197 2403 priusquam

91 2429 280 2513 responderi
301 2430 413 2513 possit,
437 2429 477 2494 de
500 2430 565 2495 alia
587 2429 778 2511 quaestione
795 2428 996 2494 tractandum
1020 2434 1079 2509 est,
1099 2448 1195 2511 quam

92 2538 342 2621 significavimus
365 2537 497 2620 quidem
523 2538 586 2603 iam
610 2538 749 2621 saepius,
772 2557 832 2602 neo
854 2557 929 2602 vero
952 2537 1116 2604 soluimus.

193 2648 244 2712 25.
288 2645 449 2728 Vidimus,
483 2646 524 2711 ab
555 2646 736 2722 Aristotele,
772 2643 957 2727 pariterque
990 2645 1196 2728 aplerisque

93 2758 160 2822 eius
190 2755 432 2840 interpretibus,
465 2754 696 2824 Anaximandri
719 2757 909 2838 principium
938 2757 1021 2820 inter
1046 2752 1110 2819 duo
1133 2755 1197 2819 ele·

92 2872 199 2933 menta
228 2864 370 2931 medium
392 2865 470 2946 dici,
499 2871 596 2947 atque
624 2862 764 2930 medium
798 2862 927 2946 quidem
962 2865 1030 2929 sine
1054 2863 1118 2929 ullo
1142 2862 1195 2928 dc-

93 3069 293 3076 ——--—-

93 3200 146 3274 γὰρ
172 3197 287 3258 ἐδύνατο
312 3205 402 3273 λέγειν
425 3196 524 3272 ictor.
553 3207 629 3271 εἴπερ
656 3195 807 3271 ἀσώματον
834 3203 879 3252 καὶ
908 3200 1034 3254 ἀνείδεον
1060 3201 1196 3271 ἔφασκεν

92 3295 148 3352 ἀλλ’
169 3301 284 3371 ἐλέγχει,
301 3295 371 3354 dedu.
390 3301 488 3369 σῶμα
507 3292 573 3352 (ἀπὸ
590 3296 711 3352 intorto
728 3294 902 3368 χωριστόν
923 3327 956 3336 -
976 3297 1029 3363 vel,
1047 3301 1081 3350 ut
1099 3297 1194 3365 paullo

93 3400 156 3464 post
179 3396 283 3452 dicitur
303 3425 336 3436 -·-
356 3395 456 3468 σῶμα
479 3388 694 3465 ὑφεστηκόςέ
732 3393 823 3447 Simili
851 3391 962 3446 dicendi
990 3390 1073 3447 modo
1102 3392 1194 3446 utitur

94 3493 123 3546 in
141 3497 289 3548 comment.
309 3493 338 3546 in
357 3492 439 3563 Phys.
458 3492 508 3562 111,
528 3493 552 3546 5.
571 3491 645 3546 204¹>
661 3493 708 3559 353
729 3491 757 3544 in
778 3490 844 3544 Gen.
865 3494 893 3543 et
908 3490 985 3544 Gorr.
1004 3507 1031 3558 p.
1045 3491 1080 3542 lo
1100 3507 1125 3551 a,
1144 3505 1195 3558 m.;

96 3591 138 3653 53,
157 3590 186 3659 b,
204 3589 252 3644 fin.
272 3595 301 3643 et
321 3592 364 3658 54,
384 3607 410 3656 a,
433 3589 495 3642 init.
515 3588 577 3642 Vid.
598 3589 674 3642 locos
692 3603 777 3656 supra
795 3605 822 3656 p.
845 3587 895 3639 las
918 3589 978 3642 not.
998 3585 1074 3654 1,l.;
1096 3601 1124 3654 p.
1146 3586 1197 3638 130

96 3691 152 3740 not.
175 3688 187 3739 1
209 3705 239 3756 ας
258 3686 295 3740 ib.
315 3685 342 3741 d.

197 3783 222 3850 l)
241 3783 272 3836 ln
291 3782 373 3850 Phys.
393 3783 417 3844 l.
434 3783 460 3835 2.
482 3783 599 3834 1841115
619 3781 686 3850 (vid.
706 3797 790 3850 supra
809 3797 836 3848 p.
861 3780 912 3831 126
931 3783 987 3832 not.
1010 3779 1080 3844 la):
1102 3769 1198 3847 „circe

97 3881 127 3932 ol
148 3878 176 3947 (d
192 3877 298 3946 Ἀναξ.)
324 3879 378 3932 τῶν
396 3877 451 3948 μὲν
473 3871 562 3930 ἄλλων
586 3878 693 3948 μᾶλλον
717 3870 869 3944 κατώρθου,
896 3867 963 3926 dro'rr
983 3871 1023 3944 μὴ
1048 3873 1080 3928 ἓν
1099 3873 1196 3926 τιτῶν

97 3983 239 4048 στοιχείων
260 3975 309 4043 τὴν
333 3971 398 4042 iiiqv
421 3975 522 4044 ἔλεγεν,
555 3969 610 4026 ἀλλ’
641 3967 736 4043 ἕτερόν
761 3992 787 4025 τι
816 3968 891 4042 παρὰ
919 3971 1014 4024 ταῦτα·
1038 3971 1132 4024 iurare
1156 3970 1197 4032 cl,

97 4067 164 4126 dedu
183 4073 415 4144 cidoneoorqpt
426 4076 504 4126 ἕνον
521 4068 649 4134 ὑπέθετο,
668 4066 749 4138 ἀέρος
766 4069 822 4139 μὲν
840 4065 1113 4137 πυκνότερονλέγων,
1132 4062 1197 4120 rido-
1256 4059 1261 4074 ⁸

96 4189 140 4229 τος
158 4169 190 4222 tl
207 4164 386 4241 μανότερον.“

194 4269 220 4332 2)
239 4267 406 4344 Vid.supra
424 4284 451 4334 p.
472 4266 514 4322 59.

995 4361 1027 4410 16
