2864 4910
777 393 830 462 'aed

344 581 427 646 Num
442 581 541 662 igitur
554 583 586 646 in
598 582 707 646 verbis
728 575 937 665 ‘nuncupem
948 571 1060 655 udibc’
1086 575 1234 664 πρηστὴρ
1245 583 1337 644 talem

244 690 403 772 quendam
420 692 572 754 vorticem
595 687 779 770 significat?
803 686 896 764 Quod
918 693 1185 769 utcognoscatur,
1208 689 1337 770 primum

146 883 150 889 ι
244 798 459 882 quaerendum
484 804 541 874 est,
570 817 644 861 num
672 798 705 860 in
727 797 790 861 illis
811 797 1000 878 vorticibus,
1022 797 1121 861 veluti
1145 797 1337 868 numium,

245 910 301 991 qui
324 927 401 991 prae
417 908 540 971 'ceteris
562 905 679 971 dieitur
702 911 834 988 prester,
861 907 904 969 sit
926 905 1034 970 fistula
1058 894 1194 987 (ordleg),
1216 905 1337 984 deinde,

245 1021 272 1084 si
295 1018 377 1084 forte
398 1017 616 1082 invenerimus
640 1035 720 1090 esse,
745 1037 819 1080 num
843 1013 923 1079 haec
944 1015 1052 1080 fistula
1074 1015 1249 1098 comparari
1269 1031 1336 1097 pos-

245 1130 285 1193 sit
308 1148 378 1192 cum
404 1128 457 1191 illo
481 1127 647 1191 stellarum
671 1126 797 1190 orbium
814 1124 979 1189 foramine.
1026 1123 1120 1201 Quod
1142 1126 1182 1189 ad
1196 1125 1335 1208 priorem

245 1237 466 1318 quaestionem
489 1236 614 1317 attinet,
638 1234 748 1314 dicere
772 1235 889 1318 poesie,
923 1236 1077 1299 vorticem
1110 1236 1181 1318 ipsa
1211 1235 1335 1298 circum·

244 1347 372 1410 actione
395 1345 483 1410 eirca
503 1365 597 1409 axem
621 1342 691 1408 fieri
716 1363 839 1424 cavum,
860 1344 906 1407 ita
930 1348 963 1408 ut
986 1363 1044 1426 per
1070 1363 1142 1408 eum
1166 1363 1184 1405 a
1207 1343 1273 1424 polo
1295 1338 1334 1403 ad

244 1455 354 1538 polum
377 1455 497 1518 canalis
521 1455 688 1537 pertineat,
712 1452 767 1534 qui
792 1458 878 1518 reete
902 1453 1007 1536 possit
1033 1451 1142 1517 fistula
1163 1450 1273 1516 vocari.
1294 1450 1334 1512 At

244 1583 308 1627 non
330 1570 527 1646 compertum
552 1571 609 1643 est,
643 1582 717 1627 num
750 1561 876 1645 physici
901 1561 1017 1627 Graeci
1051 1563 1132 1626 tales
1163 1562 1282 1626 canales
1303 1559 1332 1621 in

245 1674 419 1739 vorticibus
442 1671 635 1754 agnoverint
657 1677 697 1749 et,
722 1671 748 1734 si
773 1671 855 1736 forte
883 1677 1092 1754 agnoverunt.
1116 1692 1191 1737 num
1213 1691 1263 1735 eos
1283 1691 1331 1734 vo-

245 1783 359 1867 cabulo
392 1781 523 1865 proprio
555 1771 678 1854 αὐλούς
699 1781 945 1863 appellaverint.
990 1780 1113 1845 Plinius
1142 1769 1274 1862 quidem,
1292 1778 1330 1842 de

246 1891 384 1956 diversis
406 1888 559 1973 typhonis
589 1889 700 1953 formis
724 1907 833 1970 agens,
868 1888 1043 1972 typhonem
1073 1891 1117 1953 ait
1150 1896 1215 1954 tum
1234 1887 1328 1952 vocari

246 2003 435 2079 columnam,
459 2018 531 2062 curn
552 2017 569 2060 e
592 1997 676 2060 nube
699 1999 731 2061 in
757 1998 857 2062 maris
874 1997 1073 2080 superficiem
1097 1998 1251 2063 demissus
1270 1999 1329 2079 ipse

247 2129 281 2173 se
293 2111 457 2187 sustineat,
481 2126 617 2188 cumque
633 2106 735 2170 nubes
750 2107 782 2170 in
797 2105 928 2188 longum
950 2100 958 2124 ‘
975 2108 1072 2171 veluti
1083 2099 1204 2172 fistula'
1226 2127 1327 2188 aquam

245 2216 397 2296 trahat¹),
429 2223 461 2281 et
484 2217 574 2279 Arati
599 2215 778 2298 explicator
806 2215 865 2280 has
888 2217 1053 2281 columnas
1075 2217 1174 2281 refert
1196 2236 1214 2278 a
1235 2215 1329 2278 nautis

246 2326 403 2408 appellari
424 2316 663 2406 ‘siphones'²).
709 2323 774 2388 Sed
808 2344 847 2388 ex
875 2323 923 2389 his
952 2327 1040 2388 nullo
1068 2325 1162 2389 modo
1193 2326 1328 2407 sequitur,

247 2436 334 2498 utin
358 2434 419 2498 hoc
450 2433 571 2496 vortice
594 2434 780 2516 putaverint
804 2435 948 2497 canalem
982 2436 1050 2498 sive
1072 2434 1210 2499 fistulam
1228 2434 1327 2508 esse-³).

247 2544 364 2607 Verum
379 2543 476 2607 etiam
494 2543 520 2606 si
538 2549 662 2606 veteres
679 2543 827 2625 ponimus
844 2546 1017 2626 putavisse,
1039 2564 1096 2627 per
1110 2547 1191 2608 tales
1206 2543 1328 2608 vortices

247 2651 576 2735 fistulampertinere,
594 2657 716 2732 ¹¹tamen
749 2671 820 2717 oum
845 2651 905 2717 hac
928 2651 1038 2718 fistula
1070 2675 1132 2718 non
1165 2651 1326 2736 comparari

177 2845 179 2851 Ι
246 2767 352 2844 potest
384 2761 528 2824 foramen
562 2760 651 2837 illud,
686 2780 747 2842 quo
780 2761 944 2826 stellarum
977 2763 1071 2828 orbes
1107 2764 1153 2827 uti
1183 2763 1326 2825 dicuntur.

246 2870 328 2934 Nam
357 2889 414 2952 per·
442 2867 502 2933 hoo
524 2869 667 2933 foramen
692 2889 708 2932 e
733 2870 895 2933 stellarum
924 2870 1054 2935 orbibus
1087 2870 1172 2953 ignis
1194 2869 1267 2952 ipsis
1287 2869 1326 2930 in-

245 2980 352 3044 clusus
375 2977 569 3058 effundidur,
596 2999 654 3060 per
677 2979 764 3041 illam
792 2985 899 3042 autem
921 2979 1078 3044 vorticum
1100 2979 1233 3044 fistulam
1256 2974 1324 3041 nihil

246 3089 410 3167 emittitur,
435 3087 493 3152 sed
509 3088 615 3170 potius
627 3087 670 3168 id,
693 3086 780 3168 quod
801 3090 954 3152 avorticc
971 3090 1176 3171 contingitur,
1198 3087 1328 3152 sorbetur

248 3205 280 3262 et
303 3197 334 3261 in
358 3198 493 3262 sublime
515 3197 643 3260 tollitur.
687 3196 831 3274 Accedit,
856 3196 942 3277 quod
966 3196 1045 3261 haec
1058 3199 1214 3263 vorticum
1236 3194 1328 3260 fistula

246 3307 340 3370 nimis
363 3305 471 3369 aliena
494 3310 542 3368 cst
566 3325 585 3368 a
607 3305 723 3368 mentis
748 3304 953 3387 cogitatione,
977 3325 1070 3387 quam
1096 3314 1130 3371 ut
1152 3313 1225 3390 apte
1240 3303 1327 3388 possit

348 3617 372 3684 l)
393 3616 464 3670 Plin.
484 3616 555 3670 Hist.
575 3616 607 3669 N.
628 3615 663 3683 Il,
676 3618 718 3669 49.
740 3616 904 3670 Cf.Lucret.
923 3617 957 3683 V,
969 3618 1029 3670 425.
1066 3617 1198 3671 Esthaec
1216 3616 1327 3670 columna

245 3712 283 3778 id,
297 3713 371 3779 quod
385 3730 401 3765 a
414 3713 517 3766 nostris
530 3709 749 3779 ‘Wasserhose‘,
770 3713 988 3782 aFrancogollis
1001 3711 1005 3726 ¹
1017 3730 1070 3766 une
1082 3709 1202 3767 trombe'
1217 3715 1326 3766 vocatur.

347 3810 375 3877 2)
395 3809 455 3862 Vid.
475 3810 565 3864 ldeler
585 3810 602 3864 1.
622 3810 639 3864 l.
659 3809 693 3876 Il,
713 3828 739 3878 p.
760 3811 819 3863 257.

348 3908 375 3973 3)
394 3906 630 3960 Teichmucllerus
649 3906 667 3958 l.
687 3907 705 3959 l.
725 3925 751 3975 p.
769 3910 809 3974 13,
838 3913 894 3962 not.
915 3908 1056 3962 cuiusdam
1087 3909 1158 3976 (narn
1179 3925 1231 3961 non
1250 3902 1323 3956 uomi-

244 4003 302 4068 nat]
321 4001 413 4055 adfert
433 4003 600 4071 opinionem,
620 4004 668 4071 qui
687 4004 771 4064 dicat,
791 4006 944 4074 πρηστῆρος
962 4001 1045 4058 αὐλὸν
1065 4021 1123 4057 esse
1142 4023 1202 4058 eam
1228 3999 1325 4056 vorticis

245 4098 377 4165 fistulam,
397 4099 431 4151 de
450 4115 505 4166 qua
524 4099 737 4167 disputavimus,
755 4100 881 4168 hancque
900 4101 1115 4169 explicationem
1128 4119 1179 4169 per
1191 4097 1325 4167 sequidem

245 4194 359 4248 omnino
377 4195 551 4262 probabilem
570 4213 628 4250 esse
649 4195 799 4259 existimat,
820 4197 867 4250 sed
886 4202 979 4250 tamen
998 4214 1039 4266 ea,
1062 4214 1145 4264 quam
1166 4198 1222 4265 ipse
1239 4207 1325 4263 propo·

245 4290 342 4358 suerit,
362 4291 538 4344 deteriorem.
558 4291 605 4360 (cl.
624 4309 709 4360 supra
728 4309 756 4361 p.
775 4292 827 4346 363
846 4297 904 4370 not.¹
924 4297 957 4358 3.)
