2850 4904
768 345 819 398 151

238 527 362 606 posset3
386 519 510 602 haeque
531 539 566 584 re
589 520 684 584 simul
699 518 998 596 demonstravimus,
1024 517 1176 583 omnibus
1199 516 1324 581 illisve

236 630 360 697 eabulis
382 630 424 695 ab
446 649 484 694 eo
514 627 710 712 principium
733 627 908 710 significari
940 628 1054 692 unius
1081 626 1324 708 eiusdemque

237 737 523 823 pbilosophi1).
568 737 660 802 Nune
682 738 782 820 igitur
803 734 1005 820 propositum
1027 740 1077 800 est
1101 756 1142 801 ex
1164 735 1244 820 ipsis
1266 735 1323 798 dri·

238 847 362 915 statelis
394 847 474 914 louis
504 845 684 928 ostendere,
715 845 814 912 hune
849 864 966 911 unum
989 842 1325 928 philosophnmab

238 978 283 1024 eo
315 955 500 1040 intellegi
530 953 870 1020 Anaximandrum.
916 954 1004 1036 boui,
1036 953 1155 1036 quibus
1189 952 1324 1019 utendum

237 1066 308 1150 erit,
338 1065 487 1150 bipartiti
521 1071 603 1131 sunt.
649 1065 739 1131 Unus
774 1084 884 1146 eornm
912 1070 971 1145 est,
1008 1063 1101 1146 isque
1136 1063 1273 1128 omnium
1299 1066 1326 1124 et

236 1175 447 1261 gravissimus
469 1180 501 1240 et
524 1171 799 1258 impeditissimus,
823 1193 896 1256 quo,
932 1176 959 1239 si
982 1173 1078 1240 modo
1102 1175 1176 1257 ipsa
1198 1174 1267 1239 aius
1283 1191 1325 1235 ra·

238 1286 284 1352 tio
299 1285 510 1370 grammatius
534 1291 620 1351 reete
636 1283 841 1367 perspioitur,
863 1284 1052 1349 nominatim
1066 1280 1327 1348 Anaximandrum

236 1395 485 1480 appallateam,
517 1395 573 1477 qui
600 1393 639 1460 τὸ
660 1387 781 1475 μεταξὺ
812 1385 909 1474 ἀέρος
931 1391 986 1457 καὶ
1007 1387 1114 1474 πυρός
1146 1391 1327 1477 principium

237 1509 344 1589 ponat.
388 1503 489 1570 Alteri
512 1504 536 1569 ii
558 1511 642 1582 sunt,
675 1505 792 1586 quibus
815 1524 878 1568 non
900 1501 1046 1569 nominat
1069 1499 1202 1585 quidem
1224 1500 1328 1566 Auari-

237 1612 414 1696 mandram,
437 1633 548 1680 verum
576 1619 642 1694 ant,
675 1620 844 1696 postquam
870 1605 908 1676 τό
932 1607 1022 1694 παρὰ
1049 1607 1090 1674 τὰ
1121 1615 1266 1690 στοιχεῖα
1285 1610 1329 1676 vel

238 1717 276 1785 τό
297 1716 419 1804 passagii
443 1725 639 1812 memoravit,
665 1722 758 1788 huius
773 1727 938 1788 auctorem
953 1722 1071 1788 talibus
1094 1721 1229 1805 insignit
1243 1721 1328 1796 nolis,

238 1851 320 1914 quas
342 1830 554 1898 demonstrari
576 1832 680 1915 possit
698 1830 929 1897 Anaximandri
944 1832 1072 1897 omniuo
1086 1831 1235 1915 proprias
1257 1849 1328 1909 esse,

240 1947 295 2006 aut
318 1960 384 2021 eos,
406 1943 461 2024 qui
485 1936 523 2004 τό
545 1935 667 2022 μεταξύ
693 1946 844 2020 statuunt,
872 1947 996 2024 partem
1018 1941 1111 2024 ponit
1144 1939 1218 2006 talis
1237 1938 1330 2005 ouius-

240 2049 315 2116 dam
330 2049 513 2134 divisionis,
529 2071 546 2117 e
561 2071 626 2134 qua
641 2071 705 2116 uon
715 2050 780 2116 nisi
789 2048 1065 2117 Anaximandrum
1081 2049 1229 2134 intellegi
1246 2067 1330 2132 posse

241 2167 406 2244 appareat.

342 2270 389 2334 14.
412 2269 565 2336 Ordimur
586 2270 627 2334 ab
650 2288 688 2336 eo
710 2271 790 2348 loeo,
812 2289 907 2359 quem
928 2271 1065 2354 primum
1086 2272 1261 2352 posuimus.
1303 2268 1330 2330 ls

239 2381 334 2462 igitur
371 2379 471 2460 loeus,
518 2397 612 2460 quern
647 2378 712 2444 iam
752 2378 883 2463 saepius
921 2378 1182 2458 memoravimus,
1224 2378 1332 2461 legitur

238 2487 329 2552 initio
370 2487 486 2571 eapitis
533 2489 637 2570 quarti
680 2486 774 2570 primi
819 2486 1031 2571 Physioorum
1075 2475 1150 2552 libri
1158 2490 1197 2569 2);
1237 2505 1330 2569 quern,

239 2615 302 2678 quo
316 2595 444 2662 iaoilius
470 2597 625 2680 explicari
648 2597 759 2680 possit,
783 2602 883 2662 totum
900 2595 961 2661 huo
974 2596 1257 2676 ,transscribemus
1275 2597 1329 2659 lta-

240 2724 302 2788 que
323 2705 520 2780 Aristotelos‚
555 2712 725 2788 postquam
748 2704 892 2771 eiusdem
914 2703 989 2770 libri
1018 2707 1125 2790 eapite
1149 2705 1284 2772 seeundo
1304 2709 1330 2767 et

243 2817 337 2880 tertio
360 2817 526 2897 rationem,
550 2835 614 2898 qua
626 2815 759 2880 Eleatae
783 2814 818 2885 id
830 2814 918 2897 quod
940 2821 990 2881 est
1011 2813 1064 2897 (τὸ
1077 2803 1129 2896 όν)
1153 2835 1246 2882 unum
1268 2831 1329 2879 esse

240 2925 368 3002 vellent,
403 2926 552 3009 exposuit
583 2930 615 2989 et
641 2922 837 3006 reprobavit,
870 2922 912 2989 ad
946 2923 1154 3008 physicorum
1188 2925 1329 2990 rationem
1409 2945 1410 2952 ¹

241 3053 413 3099 conversus
435 3031 516 3098 haee
539 3031 665 3098 scribit:
695 3024 767 3115 „iius
788 3029 847 3113 μὲν
874 3017 932 3096 οὖν
954 3026 1062 3109 οὕτως
1081 3027 1117 3097 ἓν
1140 3024 1222 3097 εἶναι
1242 3031 1278 3095 τὸ
1299 3021 1330 3091 όν

239 3131 406 3224 όόόνατον,
429 3140 536 3227 δῆλον.
561 3135 607 3218 uis·
622 3139 650 3206 δ’
674 3134 705 3204 oi
720 3139 852 3223 φυσικοὶ
869 3126 1007 3224 λέγουσι,
1029 3135 1089 3205 δόο
1108 3136 1230 3223 τρόποι
1250 3135 1330 3204 εἰσίν.
1409 3119 1410 3132 ¹

241 3245 271 3314 oi
292 3249 351 3332 μὲν
378 3251 435 3334 γὰρ
463 3247 498 3316 ίἐν
525 3250 721 3338 ποιήσαντες
749 3244 788 3314 τό
816 3242 853 3313 όν
877 3251 973 3331 σῶμα
1004 3245 1042 3314 τό
1070 3249 1289 3332 ὑποκείμενον,
1313 3237 1330 3331 ἢ

240 3360 290 3423 τιό
301 3383 318 3422 ν
338 3363 456 3443 τριῶν
477 3382 513 3424 τι
535 3352 555 3446 ἢ
576 3348 680 3440 ἄλλο,
709 3352 730 3424 ὅ
750 3357 834 3424 ἐστι
858 3354 983 3441 πυρός
1003 3358 1076 3442 μὲν
1100 3355 1330 3439 πυκνότερον

240 3468 357 3551 ἀέρος
388 3468 706 3552 δὲλεπτότερον,
740 3453 840 3532 τᾶλλα
870 3471 1006 3551 γεννῶσι
1037 3464 1247 3554 πυκνότητι
1275 3462 1329 3529 καὶ

240 3578 432 3663 μανότητι
466 3573 594 3642 πολλὰ
626 3579 852 3655 ποιοῦντες·
882 3577 999 3661 (ταῦτα
1032 3578 1061 3643 δ’
1092 3577 1180 3644 ε’στὶν
1208 3573 1328 3654 ἐναντία,

241 3681 390 3752 καθόλου
422 3686 449 3752 δ’
484 3683 630 3772 ὑπεροχὴ
663 3687 717 3752 καὶ
752 3681 908 3770 ἔλλειψις,
943 3681 1057 3768 ὥσπερ
1090 3682 1128 3753 τό
1159 3688 1240 3772 μέγα
1261 3680 1329 3772 φησὶ

243 3790 386 3862 Πλάτων
407 3795 461 3860 καὶ
483 3791 521 3862 τό
544 3791 670 3882 μικρόν,
692 3791 779 3880 πλὴν
800 3790 852 3861 ὅτι
874 3796 955 3879 κτλ.)
986 3791 1019 3862 οἱ
1050 3796 1077 3861 δ’
1109 3795 1150 3863 ἐκ
1171 3791 1329 3868 τοῦὲνὸς
1409 3809 1410 3816 ’

244 3899 415 3982 ἐνούσας
455 3900 523 3982 τὰς
566 3899 849 3990 ἐναντιότητας
894 3903 1167 3990 ἐκκρίνεσέλαι,
1211 3900 1328 3980 vianae

344 4137 371 4210 1)
390 4137 462 4194 Vide
480 4156 565 4209 supra
582 4157 609 4210 p.
631 4141 690 4196 103.

342 4237 369 4307 2)
388 4236 468 4308 Phys.
491 4237 513 4307 1,
533 4239 558 4291 4.
579 4238 651 4290 187⁵
668 4241 709 4294 12.
