2850 4904
634 371 688 424 215

89 541 250 624 intellegi
271 549 370 623 atque
393 539 438 618 id,
469 541 555 622 quod
579 542 688 624 paullo
721 547 796 608 ante
830 541 862 606 ri
890 537 1010 623 μεταξὺ
1035 540 1133 624 ἀέρος
1156 541 1211 606 καὶ

89 645 209 729 νεορὸς
230 650 352 716 dictum
372 657 472 731 esset,
494 657 592 732 atque
615 651 675 716 hac
690 672 724 716 re
738 651 859 735 insigni
881 651 976 718 modo
992 652 1209 734 confirmatur,

89 759 188 842 quod
212 766 311 824 antea
334 779 352 824 e
375 759 494 824 celebri
516 758 572 824 illo
595 759 808 842 Physieorum
834 762 905 828 loco
926 759 1135 843 ostendimus,
1166 762 1209 827 ab

90 868 279 934 Aristotele
301 863 339 932 τὰ
362 867 483 950 μεταξὺ
515 867 599 933 inter
626 889 732 935 aerem
761 876 793 935 et
815 871 923 952 ignem
945 869 989 936 ad
1011 871 1209 936 Anaximan-

90 976 196 1042 drum
219 977 331 1042 reterri
353 983 526 1044 auctorem.

203 1085 313 1148 Altero
335 1086 417 1166 loco,
441 1085 496 1167 qui
509 1083 627 1167 legitur
649 1086 681 1150 ln
698 1085 843 1151 eiusdem
868 1087 941 1152 libri
964 1088 1070 1171 capite
1087 1089 1209 1171 quinto,

91 1213 163 1274 quo
188 1194 339 1260 subtilius
357 1195 454 1260 etiam
469 1193 621 1273 ostendit,
645 1213 743 1260 unam
767 1197 906 1261 omnium
922 1216 1026 1262 rerum
1040 1197 1209 1262 materiam

92 1322 162 1366 non
198 1321 272 1367 ease
294 1321 390 1385 posse
419 1299 452 1388 ri
481 1299 573 1381 παρὰ
605 1296 825 1384 τὰστοιχεῖα,
861 1301 985 1385 hocque
1016 1304 1111 1372 modo
1146 1306 1209 1372 dis-

92 1412 244 1476 iunctivo
266 1410 406 1495 explicat
428 1431 499 1478 esse
521 1417 669 1478 naturam
685 1411 846 1494 quandam
870 1411 1010 1479 mediam
1033 1415 1103 1480 sive
1125 1416 1209 1483 inter

92 1541 208 1586 aorem
238 1528 271 1587 et
297 1522 404 1603 ignem
426 1511 508 1586 sive
523 1523 604 1586 inter
634 1541 742 1586 aerem
772 1528 804 1586 et
825 1541 953 1605 aquam,
981 1523 1036 1604 qui
1067 1524 1148 1591 illud
1169 1527 1208 1590 ed

93 1630 191 1711 παρὰ
213 1623 254 1692 τὰ
277 1632 422 1708 στοιχεῖα
444 1628 539 1695 modo
564 1630 619 1694 illo
642 1629 838 1696 disiunctivo
861 1630 1055 1715 explicatum
1077 1640 1208 1718 ponant,

94 1759 135 1804 eo
158 1737 294 1810 indicat.
329 1736 416 1820 quod
449 1737 504 1802 ait
525 1737 686 1818 aliquos
720 1738 832 1819 (τινὰς)
867 1741 950 1805 tale
986 1760 1072 1807 esse
1103 1737 1208 1810 velle

90 1842 156 1913 ‘ro
183 1837 352 1930 ἄπειρον
375 1845 437 1910 καὶ
459 1842 503 1910 τό
524 1846 726 1930 περιέχονἳ
740 1848 775 1924 ¹).
819 1849 869 1916 De
892 1849 1010 1931 quibus
1021 1852 1208 1935 priusquam

60 2003 66 2014 .
95 1959 195 2040 plura
216 1957 370 2035 dicamus,
401 1957 596 2041 explicanda
619 1963 669 2023 est
691 1957 851 2040 quaedam
885 1958 1081 2040 ambiguitas
1105 1981 1208 2042 gram-

95 2069 229 2148 matica,
262 2085 345 2147 quae
369 2065 401 2130 in
428 2066 508 2149 ipsis
530 2065 714 2132 Aristotelis
737 2065 846 2132 verbis
869 2068 1019 2134 cernitur.

202 2175 284 2241 Cum
295 2175 487 2242 Aristoteles
501 2177 545 2241 al
558 2175 569 2240 i
583 2197 603 2258 q
617 2196 667 2242 uo
682 2197 697 2241 s
720 2169 880 2258 (τινὰς)
897 2177 987 2243 dieat
1010 2179 1097 2245 illius
1121 2180 1209 2248 modi

95 2285 134 2348 τὸ
145 2273 289 2365 ἄπειρον
300 2281 355 2346 καὶ
366 2278 404 2347 τὸ
417 2282 570 2365 περιέχον
583 2305 654 2350 esse
666 2285 760 2367 velle,
772 2304 949 2368 pronomen
962 2279 1085 2370 ‘aliqui'
1100 2296 1208 2355 autem

96 2400 223 2478 partem
241 2393 399 2476 significet
421 2395 557 2460 alicuius
572 2395 711 2477 generis,
726 2394 946 2478 quaerendum
959 2403 1017 2476 est,
1041 2399 1206 2464 cuiusnam

95 2505 229 2584 generis
247 2495 511 2588 illi‘aliqui'pars
522 2504 658 2588 putandi
671 2507 743 2571 sint.
766 2505 879 2588 Inque
891 2507 1080 2589 quaestione
1093 2509 1125 2575 id
1137 2509 1206 2593 qui-

96 2610 171 2677 dem
188 2614 334 2695 protinus
350 2619 448 2696 patet,
471 2614 544 2680 illos
565 2605 731 2696 ‘aliquos'
753 2615 900 2699 intellegi
925 2615 1131 2700 physicorum
1147 2618 1206 2682 ali-

96 2739 189 2803 quos,
205 2740 272 2802 eos,
295 2723 349 2804 qui
365 2742 461 2788 unam
476 2741 580 2788 rerum
596 2725 761 2788 materiam
778 2730 899 2808 ponant
913 2723 945 2788 ri
961 2720 1051 2808 παρὰ
1065 2727 1105 2788 τὰ
1120 2749 1206 2790 στοι-

96 2833 169 2907 χεῖα
181 2828 279 2894 modo
296 2831 351 2896 illo
375 2829 568 2898 disiunctivo
584 2833 793 2916 explicatum.
826 2833 905 2900 Cum
928 2843 1036 2900 autem
1058 2835 1106 2900 illi
1127 2829 1206 2900 ‘ali-
1288 2888 1296 2902 .

97 2939 168 3020 qui’
191 2936 232 3002 τό
242 2927 381 3020 ἄπειρον
403 2939 455 3003 καὶ
468 2934 506 3003 τὸ
521 2939 675 3021 περιέχον
685 2942 750 3007 tale
762 2948 876 3025 putare
893 2963 1034 3027 ergoquo
1045 2945 1152 3028 ipsum
1168 2945 1206 3008 τὸ

96 3038 238 3132 ἄπειρον
261 3047 315 3112 καὶ
335 3049 373 3112 τὸ
388 3047 542 3128 περιέχον
565 3070 672 3115 rerum
693 3049 888 3136 principium
909 3073 1029 3136 ponere
1046 3053 1204 3136 dicantur,

97 3158 275 3240 quaeritur,
296 3165 401 3224 utrum
424 3157 485 3226 hac
507 3160 581 3242 ipsa
602 3180 646 3238 re,
673 3161 761 3242 quod
787 3155 825 3224 ad
851 3149 990 3245 ἄπειρον
1013 3161 1125 3226 καὶτὸ
1148 3186 1204 3226 πε-

97 3266 206 3348 ριέχον
230 3265 423 3351 principium
440 3275 570 3352 ponant,
592 3289 613 3334 a
636 3270 768 3352 reliquis
790 3269 936 3354 physicis
953 3271 1203 3354 distinguantur,

97 3384 204 3444 utrum
228 3379 326 3458 igitur
348 3377 471 3442 iidem
494 3377 725 3462 intellegantur
747 3385 844 3462 atque
870 3381 902 3461 ii,
921 3381 977 3464 qui
1000 3382 1059 3448 hoe
1084 3388 1205 3467 ponant

199 3581 228 3650 l)
248 3580 414 3635 Aristoteles
442 3580 510 3649 ipse,
533 3585 682 3650 postquam
701 3581 772 3635 illud
797 3579 827 3634 ui
857 3578 932 3651 παρὰ
957 3580 989 3635 τὰ
1010 3591 1130 3654 στοιχεῖα
1158 3603 1204 3640 ex·

97 3677 224 3746 plicavit,
243 3676 312 3731 haec
335 3677 414 3732 addit
438 3677 538 3731 verba:
566 3673 676 3747 „oionrp
703 3682 777 3748 φασί
800 3675 940 3736 τινεςτὸ
964 3673 1080 3750 ἄπειρον
1103 3685 1149 3733 καὶ
1173 3680 1204 3735 τὸ

98 3773 255 3843 περιέχον“.
293 3773 363 3828 Vide
388 3777 480 3828 totum
500 3773 593 3828 locum
616 3774 730 3842 eiusque
755 3774 968 3843 explicationem
992 3777 1205 3846 grammaticam

5 3939 7 3945 ,
98 3887 183 3940 supra
211 3887 238 3938 p.
268 3870 303 3923 66
330 3874 387 3923 not.
417 3873 439 3924 l.
491 3870 640 3924 Praeterea
674 3871 844 3925 conferenda
872 3876 950 3940 sunt,
983 3891 1054 3940 qnae
1082 3874 1205 3929 diximus

98 3983 122 4034 p.
142 3967 261 4031 87-94‚
289 3966 390 4035 quibus
414 3967 595 4035 ostendimus,
623 3967 839 4022 disiunctionem
857 3969 883 4023 h.
909 3969 927 4022 l.
958 3988 1016 4024 non
1044 3970 1203 4040 significare

98 4063 166 4118 duas
185 4061 296 4116 mediae
314 4061 390 4117 illius
408 4068 526 4118 naturae
550 4065 663 4135 specics,
692 4082 811 4133 quarum
838 4066 927 4120 altera
956 4067 991 4121 ad
1017 4068 1122 4122 alteros
1140 4086 1202 4137 pcr-

97 4161 201 4214 tineret
219 4158 408 4229 philosophos,
427 4178 525 4216 verum
543 4160 612 4215 duas
632 4162 754 4216 eiusdem
773 4167 891 4224 naturae
910 4164 1019 4219 mediae
1032 4165 1200 4234 interpreta-

98 4257 196 4325 tiones,
218 4274 336 4325 quarum
350 4261 469 4325 utraque
488 4257 550 4326 pari
571 4257 632 4312 iure
651 4257 778 4312 adhiberi
797 4264 900 4327 posset.
