2864 4910
771 381 823 438 m

147 587 154 600 ‘
242 557 365 640 fundat,
387 558 555 637 addentes,
577 558 637 624 hoc
659 559 804 624 foramen
818 557 1010 622 luminosum
1031 574 1104 620 esse
1127 556 1228 620 solem
1252 554 1336 620 nohis

240 673 461 753 apparentem,
483 667 539 750 qui
562 668 655 734 simul
678 688 749 733 cnm
773 667 829 730 illo
851 666 929 734 orbe
944 665 1200 740 circumforatam
1224 663 1336 728 descri-

242 777 319 843 bunt
331 777 430 860 igitur
442 777 498 860 ita,
521 783 555 844 ut
570 782 689 860 pateat,
714 778 822 860 ipsos
841 775 943 840 solis
959 775 1090 842 orbem
1106 768 1335 856 intellegere

241 887 425 952 annulum
454 906 521 970 per
542 892 661 954 totum
687 886 788 951 coeli
815 885 999 950 ambitum
1027 883 1335 960 circumeuntem,

240 994 510 1079 quemadmodum
534 1001 631 1062 antea
646 994 854 1062 ostendimus.
899 993 991 1059 Hane
1012 993 1089 1058 solis
1113 992 1200 1058 orbis
1223 990 1334 1056 descri-

240 1105 383 1188 ptionem
406 1111 439 1170 et
457 1105 547 1170 illam
569 1103 609 1170 de
639 1105 709 1171 eius
730 1103 952 1188 magnitudine
974 1103 1190 1170 narrationem
1214 1102 1335 1166 omniuo

241 1214 325 1280 inter
346 1233 381 1279 se
393 1234 547 1298 pugnare,
571 1213 715 1279 Zellerus
731 1214 911 1280 rectissime
925 1211 1023 1288 vidit;
1046 1231 1146 1295 qnare
1163 1209 1197 1275 id
1210 1208 1334 1292 quidem

240 1326 339 1404 patet,
372 1341 436 1386 non
467 1322 563 1386 simul
589 1325 758 1404 utramque
789 1340 883 1406 posse
916 1341 1026 1386 veram
1060 1339 1142 1402 esse,
1177 1319 1334 1402 quaeritur

239 1435 357 1509 autem,
381 1433 454 1495 utra
476 1448 554 1494 vera
576 1429 627 1494 sit.
672 1428 742 1494 Hoc
757 1429 855 1521 igitur
870 1433 1063 1511 quaerentes
1078 1427 1107 1492 si
1122 1426 1206 1492 hanc
1221 1426 1332 1492 descri-

239 1536 382 1620 ptionem
412 1543 444 1602 et
467 1537 556 1603 illam
578 1539 795 1604 narrationem
830 1539 913 1604 inter
946 1557 981 1602 se
1011 1555 1244 1620 comparamus
1276 1557 1332 1601 non

240 1647 358 1730 poterit
373 1646 525 1729 dubitari,
550 1649 628 1730 quin
648 1647 728 1714 haec
740 1648 918 1733 descriptio
940 1649 1040 1714 multo
1064 1647 1107 1712 sit
1121 1646 1185 1712 fide
1201 1646 1331 1730 dignior.

241 1754 325 1820 Nam
350 1756 383 1821 in
406 1757 462 1822 illa
483 1758 667 1823 narratione
684 1757 880 1823 Placitornm
903 1758 1076 1840 scriptores
1099 1764 1132 1822 et
1154 1777 1261 1822 secum
1277 1757 1332 1840 ipsi

239 1872 271 1929 et
298 1886 370 1930 oum
393 1867 572 1950 Hippolyto
602 1887 698 1949 quam
726 1869 865 1933 maxime
895 1873 1052 1951 pugnant;
1088 1867 1119 1932 in
1151 1865 1213 1932 hae
1235 1872 1331 1932 antem

239 1973 454 2060 descriptione
486 1985 518 2042 et
539 1978 623 2041 inter
649 1996 722 2044 sese
755 1985 880 2043 etcum
904 1975 1083 2060 Hippolyto
1106 1976 1237 2040 omnino
1266 1996 1331 2041 con-

239 2085 390 2168 sentiunt,
423 2104 483 2149 nec
516 2092 684 2164 praeterea
716 2085 815 2150 ullum
850 2092 900 2151 est
932 2093 1075 2152 veterum
1110 2087 1331 2164 testimonium,
1411 2133 1412 2178 t

238 2192 417 2275 quodcum
441 2213 481 2258 ea
502 2202 638 2277 pugnet3
660 2215 734 2260 nam
758 2215 796 2259 eo
819 2194 954 2260 Achillis
977 2194 1064 2261 Tatii
1087 2197 1169 2276 loco,
1192 2195 1331 2278 qquel-
1411 2189 1412 2236 l

237 2302 323 2366 lerur
347 2304 452 2378 utitur,
478 2302 557 2367 nihil
577 2304 737 2369 eiusmodi
755 2305 920 2381 contineri,
944 2305 1054 2388 paullo
1065 2310 1140 2388 post
1159 2305 1329 2390 apparebit.

239 2411 325 2494 Ergo
346 2412 454 2496 potius
478 2421 610 2496 propter
625 2413 708 2480 hanc
723 2413 972 2497 descriptionem
994 2413 1050 2479 illa
1064 2414 1220 2491 narratio,
1242 2434 1328 2497 quam

239 2525 371 2603 propter
394 2519 483 2586 illam
506 2521 724 2586 narrationem
746 2521 825 2588 haec
847 2522 1024 2605 descriptio
1047 2523 1235 2589 damnanda
1255 2530 1306 2590 est.

336 2629 402 2696 Sed
418 2629 478 2694 hoc
490 2631 593 2712 magis
617 2632 713 2695 etiam
728 2637 873 2715 apparet,
897 2633 925 2696 si
939 2632 1106 2716 Hippolyti
1122 2634 1328 2698 narrationem

237 2738 453 2820 adiungimus,
478 2758 572 2821 quern
595 2738 735 2805 vidimus
758 2739 836 2806 solis
861 2740 970 2806 orbem
1000 2740 1119 2808 referre
1143 2742 1329 2808 Anaximan-
1410 2739 1411 2758 ¹

237 2847 286 2912 dri
309 2849 468 2914 sententia
489 2848 604 2931 viginti
628 2855 751 2932 septem
774 2848 923 2933 partibas
946 2851 1098 2916 maiorem
1123 2869 1198 2916 esse
1228 2869 1327 2933 qnam

237 2956 367 3022 orbem
389 2958 515 3022 lunae.
559 2959 609 3023 De
632 2959 722 3024 euius
743 2958 937 3024 narrationis
953 2960 1087 3024 veritate
1100 2979 1157 3025 cur
1169 2959 1328 3039 dubitetur,

237 3065 315 3132 mihi
338 3068 466 3150 quidem
488 3068 577 3134 nnlla
596 3067 726 3133 videtur
742 3087 858 3134 caussa
878 3068 996 3134 idonea
1012 3089 1094 3136 esse.
1138 3069 1233 3147 Quod
1251 3067 1327 3133 enim

236 3177 269 3240 in
291 3178 472 3242 universnm
502 3177 544 3242 ad
567 3177 737 3262 Hippolyti
765 3178 860 3244 fidem
889 3180 1012 3262 attinet,
1045 3179 1079 3244 in
1107 3180 1159 3261 iis,
1191 3198 1271 3261 quaa
1292 3173 1328 3239 ah

237 3305 275 3350 eo
298 3285 332 3350 in
354 3285 458 3370 primo
480 3287 564 3352 libro
585 3308 657 3353 cum
679 3287 720 3354 de
742 3287 816 3354 aliis
840 3288 1040 3373 philosophis
1063 3296 1130 3354 tum
1154 3289 1196 3353 de
1217 3285 1327 3350 Anaxi·

236 3394 370 3460 mandro
393 3395 571 3475 traduntur,
595 3399 734 3480 plurima
756 3406 839 3482 sunt,
862 3417 945 3482 quac
968 3398 1186 3482 cognitionem
1208 3413 1326 3462 accura-
1409 3381 1410 3411 ¹

236 3505 350 3570 tiorem
373 3505 545 3571 ostendant
567 3514 599 3572 et
612 3528 652 3572 ex
662 3510 732 3590 ipso
745 3507 969 3592 Theophrasto
981 3508 1152 3574 videantur
1164 3504 1326 3584 fluxisset.

235 3610 273 3676 Si
295 3612 348 3676 cui
370 3618 477 3678 autem
504 3614 619 3679 miram
644 3613 803 3691 videatur,
834 3613 921 3697 qnod
942 3614 1184 3680 Anaximander
1215 3615 1327 3680 dicatur

237 3719 316 3786 solis
339 3720 408 3786 orbi
430 3721 684 3806 magnitudinem
707 3723 859 3789 tribuisse
882 3730 973 3789 tanto
985 3723 1142 3789 maiorem
1156 3745 1251 3808 quam
1265 3720 1326 3788 orbi

236 3830 341 3908 lunae,
364 3829 398 3895 id
424 3833 543 3913 optime
565 3833 726 3898 consentit
749 3852 820 3898 cum
845 3852 884 3897 ea
905 3852 949 3908 re,
973 3829 1060 3915 quod
1083 3830 1196 3898 eodem
1219 3832 1326 3916 Hippo-

236 3940 304 4021 lyto
325 3945 357 4003 et
375 3941 521 4006 omnibus
532 3940 729 4006 Placitorum
745 3941 955 4024 scriptoribus
971 3940 1109 4006 testibus
1133 3941 1212 4006 solis
1227 3940 1326 4005 orbem

235 4049 335 4113 voluit
358 4050 497 4114 omnium
520 4050 675 4115 extimum
699 4070 738 4115 ao
753 4055 911 4115 summrlm
935 4070 1021 4127 esse3
1044 4070 1119 4115 nam
1140 4050 1326 4130 dehacipsa
1407 4053 1408 4144 l

336 4299 1295 4371 nffimmpffiOEQmmmfflmmstffl.
