2882 4902
794 377 831 432 80

264 547 350 634 quod
377 548 526 616 videatur
554 546 738 632 „neptrixsw
764 542 896 612 ἅπαντα
922 540 976 612 καὶ
1004 541 1111 612 πάντα
1137 549 1359 633 κυβερνᾶν“1);

263 669 376 746 postea
395 667 502 726 autem
523 658 698 726 absurdum
720 678 791 726 esse
813 659 869 742 ait,
892 653 949 741 „cd
971 656 1125 743 περιέχον
1146 662 1258 725 ποιεῖν
1278 652 1358 724 αὐτὸ

262 763 316 850 (τὸ
330 769 492 852 ἄπειρον),
515 758 596 833 ἀλλὰ
613 763 659 853 μή
678 763 716 834 τὸ
735 761 1029 851 περιεχόμενονιιῖ).
1052 771 1153 860 Porro
1174 771 1276 835 altera
1299 770 1360 836 loci

262 886 354 964 parte
374 879 457 946 inter
473 878 623 957 rationes,
648 879 688 944 oh
701 899 781 962 quas
797 878 921 962 aliquid
937 878 1095 944 infinitum
1109 899 1180 946 esse
1202 879 1357 958 credatur,

262 987 346 1056 hanc
368 1008 494 1071 quoque
517 997 681 1066 memorat,
705 988 791 1071 quod
816 988 863 1054 ita
884 989 988 1054 solum
1012 1008 1175 1071 nunquam
1195 988 1358 1054 defectura

262 1099 306 1166 sit
317 1119 420 1164 rerum
433 1100 609 1183 generatio,
626 1099 653 1164 si
668 1098 827 1164 infinitum
840 1099 883 1164 sit
897 1098 940 1177 id,
958 1119 978 1163 a
993 1118 1057 1181 quo
1069 1119 1120 1164 res
1132 1099 1311 1164 avellantur
1319 1101 1356 1179 3);

263 1227 358 1294 quarn
375 1207 505 1292 quidem
527 1215 641 1293 postea
663 1208 757 1274 docet
779 1208 906 1274 inanem
927 1209 1048 1290 esse⁴);
1071 1208 1256 1292 pariterque
1279 1207 1355 1273 duas

263 1318 346 1385 alias
377 1318 527 1398 rationes,
561 1339 641 1401 quas
671 1319 731 1385 hoc
759 1319 830 1384 loco
861 1318 1026 1403 proponit,
1060 1325 1174 1402 postea
1199 1316 1355 1398 refutat⁵t

263 1428 345 1495 'lum
368 1430 467 1495 semel
489 1435 575 1494 certe
597 1429 875 1495 Anaximandrum
898 1429 1077 1494 sententiae
1092 1429 1230 1496 alicuius
1252 1434 1354 1494 aucto-

263 1557 330 1605 rem
346 1536 536 1604 nominatim
554 1537 719 1618 indicat⁸)‚
742 1537 782 1604 de
804 1557 868 1620 qua
883 1557 918 1602 re
931 1559 1006 1604 mox
1023 1539 1204 1604 accuratius
1226 1537 1354 1604 dicetur.

264 1647 411 1730 Denique
431 1645 566 1726 accedit,
591 1644 677 1729 quod
691 1629 895 1713 antecedenti
917 1647 1015 1712 etiam
1034 1647 1151 1732 eapitis
1168 1655 1261 1732 parte
1276 1655 1353 1714 totus

265 1759 297 1825 in
318 1777 357 1823 eo
379 1764 535 1836 versatur,
558 1763 602 1835 ut,
636 1757 902 1841 quemadmodum
924 1757 1015 1838 solet,
1052 1759 1196 1842 priorum
1218 1756 1354 1842 philoso-

266 1868 399 1954 phorum
427 1867 596 1952 opiniones
626 1873 779 1950 exponat,
813 1874 845 1933 et
874 1869 979 1953 capite
1001 1867 1127 1934 demum
1149 1866 1294 1950 sequenti
1314 1864 1354 1931 ad

262 1997 353 2044 suam
376 1974 554 2042 doctrinam
573 1975 796 2060 exponendam
819 1996 854 2041 se
876 1977 1042 2042 convertit.

363 2083 487 2164 Quodsi
515 2084 615 2169 igitur
640 2091 706 2151 tcto
737 2084 888 2152 hocloco
912 2086 1048 2152 aliorum
1077 2087 1257 2153 sententiae
1278 2085 1352 2152 ref·

263 2201 383 2273 rantur,
404 2195 578 2278 quaeritur,
602 2194 644 2260 ad
667 2215 760 2278 quem
780 2215 925 2279 quaeque
948 2197 1176 2282 philosophum
1190 2197 1350 2282 pertineat.

262 2303 368 2387 Atque
391 2323 451 2387 ego
473 2302 613 2387 quidem,
637 2311 671 2370 ut
696 2305 767 2389 ipso
783 2304 1010 2388 disputationis
1032 2307 1126 2372 initio
1148 2307 1228 2386 dixi,
1250 2323 1351 2372 omnes

263 2411 331 2478 t'ere
361 2412 595 2479 Anaximandri
628 2433 699 2479 esse
733 2413 892 2480 existimo.
936 2415 1079 2480 Primum
1111 2417 1197 2481 enim
1232 2415 1352 2480 omnino

263 2520 430 2606 probabile
452 2527 508 2601 est,
530 2521 735 2588 Aristotelem
757 2523 792 2589 in
813 2523 927 2607 primis
954 2543 1027 2588 eum
1049 2525 1232 2610 respexisse
1254 2523 1351 2608 philo-

263 2630 415 2716 sophum,
448 2630 504 2713 qui
530 2631 653 2715 primus
680 2632 800 2698 infiniti
829 2633 990 2701 notionem
1009 2633 1126 2700 diserte
1149 2655 1188 2701 ac
1210 2635 1301 2720 plane
1319 2633 1350 2698 in

262 2738 502 2824 philosophiam
524 2732 766 2808 introduxisset.
803 2742 930 2809 Deinde
947 2744 1047 2810 semel
1059 2751 1144 2810 certe
1161 2745 1350 2811 Anaximan-

265 2847 369 2931 drum,
391 2856 520 2934 praeter
539 2849 624 2917 huno
645 2858 751 2918 autem
773 2853 895 2919 nullum
912 2853 1019 2937 alium,
1041 2854 1232 2920 nominatim
1247 2852 1349 2926 adfert

264 2958 425 3040 siquidem
440 2967 513 3044 post
526 2962 638 3028 verba:
673 2961 746 3042 ,,καὶ
766 2965 864 3030 τοῦτο
890 2959 941 3044 (τὸ
964 2952 1119 3046 ἔπειρον)
1139 2953 1224 3029 εἶναι
1245 2960 1349 3045 (δοκεῖ)

263 3061 301 3132 τὸ
319 3070 447 3148 θεῖον“,
470 3068 574 3136 addit:
599 3058 785 3152 „deductor
805 3065 864 3153 γὰρ
887 3069 941 3135 καὶ
962 3061 1166 3154 dardis-hoca,
1194 3065 1240 3149 ὡς
1263 3068 1350 3159 φησὶν

262 3168 565 3262 Ἀναξίμανδρος
598 3177 727 3258 avtffu.
782 3179 936 3257 Quamvis
960 3189 1066 3248 autem
1089 3182 1148 3248 hoc
1171 3181 1251 3260 loco,
1274 3177 1349 3264 quod

264 3286 393 3368 quidem
415 3293 525 3372 aperte
550 3287 685 3365 dicatur,
722 3288 765 3355 ad
792 3289 1068 3358 Anaximandrum
1095 3288 1179 3357 nihil
1206 3291 1350 3356 referatur

263 3402 391 3481 praeter
414 3397 472 3464 illa
492 3398 566 3482 ipsa
588 3399 687 3465 verba
707 3405 868 3484 postremo
895 3399 1043 3479 laudata,
1076 3405 1184 3466 tamen
1212 3421 1252 3466 ea
1282 3415 1349 3480 quo·

262 3525 334 3589 que,
356 3525 439 3589 quae
460 3508 603 3590 proxime
627 3508 790 3574 antecedit
811 3510 984 3576 sententia:
1007 3503 1079 3594 ‚,(rd
1101 3499 1240 3594 ἄπειρον
1255 3505 1348 3585 δοκεῖ)

263 3636 310 3642 ...-
333 3636 460 3644 .---——

365 3701 391 3769 l)
409 3698 490 3770 Phys.
511 3700 559 3768 III,
580 3703 605 3755 4.
625 3702 751 3757 203b11.

362 3797 391 3866 2)
411 3796 450 3850 ro.
469 3798 493 3851 r.
513 3799 580 3851 aoso
594 3801 618 3852 s.

362 3895 390 3962 a)
409 3893 449 3948 ro.
468 3895 486 3946 4
514 3895 642 3949 2031218.

361 3991 390 4059 4)
410 3989 449 4043 lh.
471 3993 496 4044 8.
515 3992 583 4044 208⁸
595 3994 620 4045 8.

362 4089 389 4153 ὁ)
408 4087 449 4141 lb.
468 4090 493 4142 4.
513 4087 582 4142 2031‘
596 4090 630 4143 20
650 4107 688 4159 sq.
708 4095 736 4143 et
755 4089 779 4144 8.
800 4093 867 4144 208Β
883 4093 913 4143 ll
934 4109 973 4159 sq.

361 4184 390 4255 6)
410 4183 449 4238 lb.
469 4187 494 4240 4.
517 4186 586 4241 203¹>
601 4189 642 4240 13.

362 4281 390 4351 7)
410 4281 481 4337 lbid.
502 4285 527 4336 4.
547 4283 616 4337 203b
632 4285 672 4337 18.
