2862 4910
779 381 831 434 346

256 554 361 636 quasi,
384 573 455 619 enm
479 574 496 618 e
524 560 641 620 nutura
662 554 796 621 humida
811 557 964 622 existeret
985 577 1049 634 aer,
1072 559 1232 622 terraiam
1249 555 1343 634 suerit,

256 664 290 728 in
312 664 406 728 euins
427 664 507 728 loeis
530 663 619 729 eavis
641 664 715 729 inde
736 667 778 731 ab
801 667 895 730 initio
917 667 1028 748 aliqua
1046 672 1181 730 naturae
1206 664 1342 730 humidae

255 792 331 855 pars
353 771 547 836 subsederit.
593 771 674 837 Cum
696 776 780 838 enim
803 775 995 840 Aristoteles
1015 780 1127 857 aperte
1141 774 1236 851 dieat,
1262 775 1342 838 initio

254 889 286 946 et
308 882 472 964 regionem
494 880 582 946 eirea
603 887 721 947 terram
745 889 777 947 et
800 884 925 965 ipsam
948 890 1096 949 terram
1120 881 1280 948 humidam
1300 883 1341 945 tu-

255 989 319 1054 isse
331 991 365 1070 1),
390 989 450 1053 hae
472 991 543 1071 ipsa
565 1009 600 1054 re
614 990 787 1072 contendit,
807 990 1040 1056 Anaximandri
1056 991 1216 1057 sententia
1234 998 1340 1056 terram

255 1097 377 1180 pariter
409 1104 506 1179 atque
539 1117 646 1162 aerem
678 1107 833 1164 enatura
865 1099 998 1164 humida
1029 1107 1133 1166 ortam
1166 1120 1244 1166 esse.
1285 1099 1339 1163 Vix

252 1214 359 1272 antem
382 1207 501 1290 poterit
523 1207 671 1288 dubitari,
696 1210 773 1289 quin
796 1208 909 1275 eadem
932 1229 1048 1274 caussa
1077 1209 1236 1275 etheiente
1257 1208 1338 1274 simul

253 1322 285 1380 et
307 1335 362 1380 aer
385 1321 417 1380 et
438 1321 524 1380 terra
545 1322 617 1380 orta
638 1316 712 1398 sint,
741 1316 788 1380 ita
810 1324 845 1382 ut
867 1326 982 1383 natura
1003 1318 1138 1384 humida
1159 1339 1180 1382 a
1207 1319 1270 1382 sole
1289 1335 1337 1380 ex-

253 1425 375 1490 siecata
408 1425 527 1507 partim
560 1427 593 1489 in
620 1446 726 1490 aerem
761 1430 995 1511 evaporaverit‚
1033 1430 1148 1511 partim
1183 1430 1336 1492 interram

254 1535 415 1600 coaluerit.
461 1533 566 1611 Quare
602 1534 729 1600 illorum
753 1534 969 1620 Theophrasti
996 1538 1166 1603 verborum
1193 1536 1266 1602 haee
1286 1556 1336 1618 pu-

254 1644 354 1708 tanda
376 1650 424 1708 est
439 1643 601 1708 sententia
623 1663 705 1724 esse,
726 1645 760 1710 in
782 1651 886 1712 terrae
911 1647 1005 1712 simul
1028 1666 1099 1713 oum
1112 1666 1187 1713 aere
1208 1652 1335 1712 enatura

253 1750 386 1815 humida
406 1751 540 1816 orientis
563 1752 641 1816 loeis
665 1754 752 1817 eavis
781 1753 924 1842 aliquam
949 1760 1082 1821 naturae
1107 1755 1254 1820 humidae
1274 1773 1334 1838 par-

253 1867 318 1926 tem
340 1861 535 1936 subsedisse,
559 1859 709 1941 hancque
731 1881 819 1924 mare
842 1881 923 1926 esse.
969 1863 1083 1944 Itaque
1106 1885 1147 1930 ex
1170 1864 1255 1928 hisee
1275 1861 1334 1926 Ari·
1405 1877 1406 1890 ¹

254 1972 379 2037 stotelis
402 1979 433 2034 et
457 1969 674 2053 Theophrasti
698 1971 778 2036 loeis
802 1979 948 2054 apparet,
972 1972 1206 2048 Anaximandri
1226 1977 1333 2037 senten·

255 2083 308 2162 tia,
332 2100 403 2145 eum
436 2080 602 2144 stellarum
625 2079 719 2143 orbes
751 2081 814 2142 iam
847 2079 1057 2160 exstitissent,
1091 2100 1185 2145 omne
1218 2079 1332 2144 interius
1405 2065 1406 2120 Ῐ

254 2189 365 2254 mnndi
396 2188 537 2272 spatium
561 2188 658 2252 etiam
681 2195 795 2252 natura
816 2187 948 2253 humida
974 2190 1130 2271 repletum
1155 2190 1258 2270 fuisse,
1282 2195 1332 2252 ter-

255 2318 322 2363 ram
344 2305 452 2362 autem
476 2304 508 2361 et
529 2316 636 2360 aerem
656 2302 770 2378 postea
792 2296 920 2362 demum
951 2304 1109 2362 enatura
1132 2297 1258 2362 humida
1276 2302 1333 2361 orta
1405 2335 1406 2348 τ

254 2426 335 2472 esse.
378 2404 499 2470 Iisdem
521 2411 628 2470 autem
651 2406 732 2470 loeis
755 2406 851 2470 simul
882 2406 1088 2471 eontinentur
1111 2427 1160 2487 ea,
1195 2426 1270 2488 quae
1298 2403 1331 2467 ad

254 2517 388 2581 alteram
411 2515 523 2580 mundi
556 2515 686 2579 orientis
719 2521 858 2579 aetatem
882 2516 1058 2598 pertinent;
1088 2516 1130 2581 ad
1154 2536 1243 2598 quam
1263 2533 1331 2579 nune

253 2625 519 2708 transgredimur.

254 2827 390 2896 φυσικῶν)
420 2821 578 2896 ὑπόλειμμα
608 2829 715 2894 λέγουσι
744 2823 793 2892 τὴν
823 2821 968 2879 θάλασσαν
998 2827 1044 2892 τῆς
1066 2822 1173 2895 πρτότης
1195 2824 1332 2895 ὑγρότητος·
1405 2801 1406 2840 ό

253 2920 336 2989 ὑγροῦ
355 2921 409 2990 γὰρ
428 2918 506 2980 ὄντος
524 2923 571 2974 τοῦ
591 2927 654 2990 περὶ
672 2922 721 2988 τὴν
738 2924 791 2990 γῆν
809 2919 896 2975 τόπου
916 2921 948 2975 τότ
971 2925 1063 2991 πρῶτα
1081 2926 1126 2988 τῆς
1145 2919 1278 2993 ὑγρότητος
1287 2915 1332 2971 tui

252 3021 299 3072 τοῦ
317 3017 394 3085 ἡλίον
417 3019 607 3089 &implieetur
630 3059 636 3072 .
657 3061 662 3071 .
682 3061 688 3072 .
710 3017 741 3072 τὸ
762 3020 796 3072 δέ
815 3041 845 3071 τι
864 3017 964 3086 αὐτῆς
981 3019 1201 3090 ὑπολειφθὲν
1218 3020 1250 3072 ἐν
1274 3021 1332 3071 τοῖς

253 3119 383 3174 κοίλοις
400 3111 522 3174 τόποις
541 3111 680 3170 θάλατταν
703 3117 769 3169 εἶναι
791 3160 796 3171 .
817 3155 823 3168 .
844 3155 850 3167 .
870 3112 965 3182 ταύτης
985 3118 1031 3182 τῆς
1053 3111 1134 3182 δόξης
1155 3119 1280 3186 ἐγένοντο,
1301 3109 1331 3166 ὡς

251 3215 354 3281 ἱστορεῖ
371 3213 389 3265 0‘
408 3207 696 3282 Θεόφραστος,ᾌναξ
703 3215 811 3283 [pond
815 3209 853 3282 ρό
860 3233 873 3272 ς
889 3233 917 3267 τε
937 3219 982 3266 καὶ
1001 3216 1161 3281 Διογένης.“

356 3313 381 3374 1)
400 3311 566 3364 Aristoteles
579 3312 733 3380 posteriore
747 3312 861 3380 quidem
873 3316 984 3365 tantum
1002 3312 1063 3364 loeo
1081 3311 1131 3378 ait,
1151 3301 1330 3374 Anaximandri

252 3407 392 3460 sententia
420 3408 501 3462 initio
530 3413 559 3462 et
584 3408 692 3476 ipsam
717 3414 845 3463 terram
873 3413 901 3461 et
921 3411 1030 3461 totam
1059 3408 1233 3477 regionem
1252 3403 1329 3457 eirea

253 3507 379 3556 terram
407 3504 550 3558 humidam
579 3504 673 3572 fuisse,
701 3506 797 3574 priore
822 3509 916 3558 autem
949 3505 1009 3558 loeo
1041 3503 1111 3557 dicit
1142 3505 1228 3557 solum
1255 3503 1328 3553 totam

252 3598 396 3668 regionem
425 3600 499 3654 eirea
529 3605 634 3653 terram
666 3597 725 3668 (τὸν
744 3603 806 3668 περὶ
833 3601 886 3668 γῆν
903 3593 1010 3670 τόπον),
1039 3617 1096 3653 non
1115 3601 1217 3654 addens
1243 3596 1280 3650 ‘et
1296 3594 1329 3660 ip·

253 3711 311 3747 sam
331 3692 461 3762 terram,
494 3701 578 3764 atque
598 3696 650 3749 hoe
676 3696 758 3749 modo
777 3693 987 3764 Theophrastus
1012 3697 1098 3751 etiam
1126 3698 1253 3766 loquitur.
1285 3688 1329 3743 Sed

252 3787 294 3843 ‘rb
313 3795 376 3858 περὶ
393 3794 443 3856 τῆν
460 3788 522 3859 γῆν’
545 3809 601 3844 non
621 3792 775 3845 necessario
796 3791 937 3862 signifieat
957 3793 996 3860 id,
1017 3794 1092 3862 quod
1111 3799 1214 3848 terram
1231 3792 1328 3846 cireum-

252 3885 310 3953 dat,
329 3887 377 3940 sed
396 3889 483 3941 etiam
509 3889 593 3942 modo
617 3888 728 3941 infinito
755 3888 914 3957 significare
936 3894 1029 3957 potest
1049 3908 1140 3958 omne,
1160 3890 1228 3959 quod
1246 3889 1275 3940 in
1291 3901 1328 3936 re·

253 3981 356 4052 gione
373 3986 490 4037 terrae
509 3988 558 4037 est.
578 3983 670 4050 Quare
683 4001 746 4037 oum
756 3984 912 4052 posteriore
925 3985 974 4037 iilo
987 3985 1151 4040 Aristotelis
1164 3987 1221 4040 loeo
1238 3995 1329 4048 eoque
1405 4027 1406 4034 ,

253 4077 387 4146 quidem
408 4080 631 4134 accuratiore
655 4081 716 4148 ipsa
739 4085 815 4134 terra
839 4081 942 4135 diserte
962 4087 1142 4150 memoretur,
1163 4077 1328 4151 oolligendum

252 4178 301 4236 est,
321 4170 351 4226 τὸ
369 4177 432 4242 περὶ
450 4172 498 4239 τὴν
516 4175 569 4243 γῆν
588 4180 616 4228 et
635 4177 723 4229 altero
734 4177 978 4254 Aristotelis-loeo
998 4181 1026 4230 et
1040 4178 1115 4245 apud
1126 4177 1327 4247 Theophrastum
1405 4213 1406 4230 τ

250 4271 291 4325 ita
309 4270 444 4340 intellegi,
464 4275 496 4324 ut
515 4271 596 4324 simul
615 4273 676 4340 ipsa
695 4290 806 4341 quoque
825 4277 903 4328 terra
922 4274 1111 4343 intellegatur.
