2862 4910
782 345 835 399 320

249 519 348 580 θεῖαν
369 517 448 594 fieri,
472 515 580 590 idest,
602 537 667 582 non
689 517 776 583 orbis
800 516 894 584 modo
911 519 944 582 in
970 537 1005 583 se
1019 521 1194 585 remeantis
1217 520 1335 584 alterum

249 645 289 690 ex
311 627 423 706 altero,
456 624 514 689 sed
537 625 646 689 omnia
671 631 762 691 recta
782 626 838 691 via
858 646 898 690 ex
920 627 991 710 ipso
1012 628 1171 711 principio
1193 627 1335 711 generari,

249 754 386 816 cumque
419 754 492 800 cum
531 733 708 799 viderimus
743 733 806 799 alio
848 735 919 800 loco
964 735 1085 818 dicere,
1119 735 1336 801 Anaximandri

249 843 442 909 sententiam
464 861 571 906 rerum
593 843 836 923 generationem
852 861 1016 925 nunquam
1038 841 1176 909 deficere
1188 843 1220 923 ¹),
1243 846 1335 926 sequi·

248 958 308 1030 tur,
342 957 377 1017 ut
404 950 679 1016 Anaximandrum
710 958 802 1034 putet
828 957 979 1034 statuere,
1011 973 1122 1018 omnes
1149 973 1199 1018 res
1222 974 1240 1019 e
1261 955 1334 1036 prin·

247 1061 334 1144 cipio
356 1067 529 1143 generatas
545 1067 634 1126 recta
655 1060 719 1131 via,
736 1067 793 1124 ant
817 1061 925 1126 statim
947 1066 1004 1126 aut
1017 1081 1075 1145 per
1087 1061 1216 1145 aliquas
1230 1063 1334 1127 formas

248 1168 380 1250 medias,
400 1171 432 1234 iu
454 1168 651 1253 principium
674 1169 816 1251 interire,
840 1177 872 1235 et
894 1190 950 1253 pro
967 1169 1057 1235 hisce
1080 1191 1231 1254 semper
1246 1172 1334 1236 alias

246 1285 379 1361 partes
408 1299 425 1343 e
455 1278 661 1362 principio
697 1277 936 1344 inmundum
970 1281 1141 1361 secerni,
1173 1301 1271 1364 quae
1302 1280 1334 1343 in

245 1389 401 1452 illarum
421 1389 545 1453 locum
567 1386 789 1469 succedant.

345 1514 408 1579 Res
432 1514 610 1578 absolvitur
631 1513 758 1580 duobus
780 1514 966 1580 Aristotelis
987 1515 1079 1592 locis,
1109 1533 1242 1595 quorum
1262 1515 1334 1578 alter

245 1624 278 1688 in
301 1626 395 1688 tertio
417 1614 638 1704 Physicorum,
662 1624 745 1688 alter
763 1625 796 1687 in
820 1624 929 1706 priore
951 1623 992 1688 de
1008 1623 1088 1688 Gen.
1110 1630 1143 1690 et
1160 1622 1246 1689 (lom.
1260 1623 1333 1687 libro

243 1733 370 1815 legitur.
414 1733 526 1797 Priore
551 1734 632 1812 loco,
662 1752 724 1814 quo
747 1733 867 1798 refellit
898 1732 1039 1798 rationes
1071 1733 1114 1798 ab
1147 1734 1219 1817 ipso
1246 1739 1332 1796 antea

244 1843 417 1923 expositas,
443 1842 484 1907 ob
510 1859 590 1922 quas
613 1859 685 1906 esse
707 1840 842 1906 credant
868 1840 992 1922 aliquid
1013 1847 1088 1906 actu
1110 1841 1275 1923 infinitum,
1295 1839 1331 1904 ad

243 1969 313 2014 eam
335 1948 502 2027 rationem,
526 1948 612 2031 quod
635 1949 830 2042 principium
851 1955 998 2033 oporteat
1016 1949 1176 2015 infinitum
1199 1970 1276 2033 esse,
1296 1969 1329 2013 ne

244 2078 384 2140 unquam
407 2079 512 2123 rerum
533 2059 700 2140 generatio
728 2058 868 2140 deficiat,
900 2058 1082 2142 respondet,
1112 2060 1154 2124 ad
1181 2059 1331 2144 explican-

244 2167 318 2232 dam
341 2167 559 2250 generationis
580 2169 830 2251 perpetuitatem
852 2188 916 2233 nou
940 2187 1020 2250 opus
1044 2187 1117 2234 esse
1139 2187 1256 2253 ponere
1274 2185 1330 2230 cor-

243 2296 303 2360 pus
326 2275 488 2358 quoddam
512 2277 630 2342 sensile
658 2283 731 2342 aetu
754 2277 914 2342 infinitum
942 2276 1052 2358 (σῶμα
1073 2272 1235 2361 αἰσθητὸν
1255 2273 1331 2356 ἐνερ-

241 2383 312 2471 γείᾳ
343 2383 510 2466 &marpurg
546 2385 628 2452 hanc
666 2389 752 2452 enim
787 2386 874 2452 effici
908 2389 1004 2452 etiarn
1039 2407 1144 2471 posse,
1181 2387 1209 2454 si
1238 2388 1330 2470 ipsum

241 2494 426 2560 universum
435 2501 571 2578 ponatur
582 2495 705 2560 finitum
722 2515 802 2573 esse,
816 2517 865 2574 eo,
890 2496 976 2578 quod
991 2496 1122 2562 alterius
1137 2496 1185 2562 rei
1195 2497 1331 2562 interitus

242 2624 356 2688 perse
379 2605 448 2688 ipse
470 2606 604 2670 alterius
627 2609 791 2688 generatio
808 2607 890 2687 sitl).
921 2605 993 2685 Quo
1014 2608 1086 2672 loco
1108 2604 1332 2672 Anaximandri

239 2713 359 2796 respici
382 2713 571 2793 doctrinam,
594 2720 690 2780 antea
711 2715 1012 2782 demonstravimus.
1056 2717 1164 2795 Quare
1180 2737 1248 2782 cum
1268 2714 1331 2778 Ari-

239 2820 369 2886 stoteles
395 2828 505 2905 aperte
530 2826 782 2906 generationem,
805 2844 889 2907 quae
914 2825 970 2890 fiat
991 2825 1105 2911 κύκλῳ,
1129 2828 1159 2892 ei
1189 2831 1330 2910 opponat

239 2950 322 3012 quae
345 2928 411 2991 κατ’
436 2921 576 2994 εὐθεῖαν
591 2932 660 2998 lieri
677 2933 795 2999 dicitur
816 2935 903 3013 (nam
920 2934 1006 3017 quod
1028 2955 1091 3000 non
1115 2937 1193 3020 ipsis
1216 2935 1261 2999 his
1282 2951 1330 2996 vo·
1405 2931 1406 2936 ’

238 3038 362 3105 cabnlis
385 3041 493 3116 utitur,
515 3042 636 3107 nullius
658 3043 811 3109 momenti
834 3050 905 3121 est),
942 3046 1094 3126 sequitur,
1123 3050 1159 3110 ut
1181 3045 1259 3109 hanc
1279 3061 1330 3125 po·
1405 3077 1406 3080 =

236 3150 401 3214 steriorcm
425 3149 667 3216 Anaximandro
688 3151 823 3218 tribuat.

336 3278 445 3341 Altero
468 3279 539 3343 loco
566 3282 710 3344 consulto
738 3279 873 3362 quaerit,
905 3281 961 3362 qui
991 3281 1095 3364 possit
1118 3280 1198 3355 fieri,
1231 3285 1272 3357 ut,
1301 3274 1326 3339 si

237 3402 363 3466 semper
392 3383 502 3464 aliqua
533 3404 638 3449 rerum
671 3405 747 3468 pars
772 3386 919 3469 intereat,
950 3407 1013 3451 non
1037 3387 1210 3470 aliquando
1232 3383 1325 3451 omnis

235 3510 342 3555 rerum
375 3491 540 3573 generatio
573 3493 704 3559 deficiat
736 3493 953 3578 (ductrices),
989 3495 1116 3578 hacque
1150 3495 1324 3580 quaestione

236 3599 402 3683 proposita
424 3600 574 3678 ostendit,
599 3602 627 3666 si
650 3622 713 3679 res,
737 3623 820 3685 quae
843 3605 1011 3682 intereant,
1037 3606 1168 3670 omnino
1193 3618 1323 3669 ererum

235 3715 349 3774 natura
361 3717 565 3793 evanescant,
590 3731 694 3776 rerum
707 3713 949 3794 generationem
961 3714 1143 3780 necessario
1162 3706 1323 3793 aliquando

235 3817 435 3884 defecturam
458 3840 538 3886 esse.
584 3818 622 3884 Id
646 3819 732 3884 enim
755 3840 812 3905 per
834 3841 868 3886 se
891 3831 1012 3907 patere,
1038 3824 1067 3888 si
1089 3821 1132 3906 id,
1162 3840 1258 3904 equo
1277 3833 1324 3881 res

335 4159 361 4227 1)
379 4157 441 4212 Vid.
461 4177 545 4228 supra
564 4177 591 4228 p.
611 4163 663 4215 317
684 4166 712 4215 et
731 4163 765 4216 23
785 4167 844 4216 not.
867 4166 889 4215 1.

333 4257 362 4324 2)
381 4255 463 4323 Phys.
478 4255 527 4308 111.
547 4257 570 4308 8.
584 4257 684 4310 20888
703 4258 766 4311 coll.
785 4262 810 4310 4.
829 4257 904 4312 203¹>
919 4261 959 4312 18.
978 4257 1040 4312 Vid.
1052 4276 1137 4327 supra
1156 4278 1183 4328 p.
1191 4261 1224 4314 23
1235 4262 1288 4312 not.
1300 4256 1324 4307 2.
