2864 4904
793 381 830 434 92

261 551 318 620 τὸν
340 577 411 623 esse
429 560 536 640 velint,
559 558 680 638 dicens,
711 558 775 624 tale
798 556 960 641 quoddam
992 575 1108 641 eorpus
1137 558 1266 622 omnino
1292 576 1358 622 esse

261 686 323 732 uon
340 687 446 751 posse,
468 671 543 750 quia
566 667 634 733 hoo
657 668 853 732 infinitum
867 663 962 742 -μὸ
981 655 1153 748 ἀπειρον
1173 667 1296 730 τοῦτο
1313 701 1356 745 -,

262 775 349 858 quod
371 797 391 841 a
417 776 611 860 quibusdam
643 785 781 863 ponatur
806 778 1010 862 principium,
1034 777 1275 841 alteramutram
1307 777 1356 840 ha·

263 887 338 952 bere
369 893 514 970 oporteat
552 888 744 971 qualitatum
775 887 1017 965 contrariarum,
1049 887 1165 968 quibus
1195 887 1269 970 ipsa
1299 888 1356 950 ele-

263 1001 370 1061 menta
391 995 591 1063 definiantur.
634 999 696 1063 Hie
721 997 821 1082 igitur
847 990 886 1060 τὰ
910 989 1001 1078 nequi
1026 991 1245 1076 τὰστοιχεῖα,
1274 995 1356 1079 quod

262 1099 448 1186 σωματικὸν
479 1105 534 1170 καὶ
554 1102 716 1188 χωριστὸν
749 1108 800 1189 sit,
835 1107 882 1171 ita
915 1105 1001 1172 idem
1035 1105 1153 1172 dieitur
1175 1111 1271 1188 atque
1300 1099 1355 1167 ‘aci

262 1203 402 1296 ἀπειρον
433 1215 562 1298 τοῦτο’,
585 1222 620 1280 ut
641 1215 703 1282 hoo
725 1216 914 1296 simpliciter
933 1215 1005 1281 loeo
1029 1215 1116 1280 illius
1140 1221 1283 1299 ponatur.
1311 1215 1355 1278 Eo

263 1330 370 1390 antem
392 1327 472 1408 lone,
495 1323 535 1389 de
558 1345 621 1407 qno
643 1326 778 1409 agimus,
809 1345 919 1390 eorum
942 1326 1136 1392 sententiam
1156 1325 1281 1406 refellit,
1303 1325 1354 1407 qui

263 1454 359 1498 unam
392 1455 496 1500 rerum
519 1433 687 1499 materiam
711 1440 854 1500 statuant
885 1433 1012 1516 aliquid
1034 1430 1123 1515 παρὰ
1144 1428 1185 1496 τὰ
1206 1437 1354 1514 στοιχεῖα,

263 1546 327 1610 tale
346 1543 509 1625 videlieet,
532 1544 619 1626 qnod
641 1545 682 1609 sit
702 1541 804 1623 μέσον
833 1565 865 1606 τι
886 1541 983 1626 ἀέρος
1010 1541 1064 1608 καὶ
1086 1535 1206 1619 ὕδατος
1224 1535 1245 1628 ἢ
1264 1541 1355 1622 ἀέρος

265 1652 318 1717 καὶ
338 1651 452 1735 πυρός,
475 1651 658 1730 ostendent,
681 1654 715 1719 id
734 1647 773 1717 τὸ
786 1647 877 1734 παρὰ
897 1648 1098 1732 τὰστοιχεῖα
1113 1654 1183 1719 sive
1205 1652 1238 1717 id
1259 1649 1355 1733 μέσον

265 1763 357 1826 ἀοοῖν
379 1761 554 1842 στοιχείοιν
587 1763 715 1828 omnino
748 1783 811 1828 non
833 1783 929 1846 posse
949 1761 1188 1846 “ριονοῦσθαι’,
1221 1762 1278 1827 hoo
1297 1768 1353 1839 est,

265 1893 329 1938 non
350 1893 446 1956 posse
475 1893 531 1956 per
560 1892 594 1938 se
623 1874 767 1957 separari
792 1873 832 1936 ab
859 1881 994 1956 utraque
1028 1874 1216 1955 qualitatum
1237 1877 1352 1936 eontra-

265 1982 393 2060 riarum‚
416 1980 534 2064 quibus
553 1982 624 2064 ipsa
643 1979 698 2045 illa
720 1981 881 2045 elementa
894 1985 1033 2062 utantur,
1056 1979 1103 2043 ita
1115 1985 1150 2044 ut
1167 1979 1267 2062 ipsum
1287 1996 1352 2042 cor·

265 2112 324 2175 pus
347 2093 387 2156 sit
408 2091 541 2174 propria
564 2110 623 2156 sua
644 2091 801 2172 qualitate
823 2095 915 2156 utens
936 2110 975 2155 ue
997 2108 1141 2156 seorsum
1164 2109 1220 2172 per
1240 2107 1352 2154 seton-

266 2206 364 2276 utanS,
385 2198 562 2266 uniusmodi
586 2199 717 2281 quidam
737 2194 797 2263 ‘ari
819 2187 963 2281 ἀντειρον
977 2198 1031 2263 καὶ
1045 2192 1083 2262 τὸ
1096 2197 1263 2281 περιέχον’
1285 2217 1352 2262 esse

265 2311 373 2376 velint.
417 2309 485 2374 Hoo
517 2308 616 2392 igitur
637 2310 708 2374 loeo
737 2302 776 2372 τὸ
807 2303 898 2390 παρὰ
919 2303 959 2371 rui
981 2311 1127 2388 στοιχεῖα
1149 2309 1270 2374 duobus
1290 2306 1350 2371 illis

266 2418 381 2484 mediis
406 2417 500 2484 modo
514 2417 707 2484 dieinnetivo
722 2419 928 2504 explicatum,
951 2418 1037 2501 qnod
1061 2421 1102 2484 sit
1120 2412 1348 2500 “μονοέμενον’

264 2528 333 2592 sive
357 2546 472 2610 eorpus
497 2547 555 2611 per
577 2547 611 2593 se
633 2534 795 2610 constane,
825 2527 1018 2612 simpliciter
1041 2527 1084 2594 ad
1117 2530 1244 2613 aliquos
1263 2528 1349 2594 refert

264 2633 482 2720 philosophae,
506 2637 561 2718 qui
581 2632 640 2698 ‘uri
664 2624 803 2718 ἀπειρον
825 2634 878 2700 καὶ
900 2629 938 2700 τὸ
963 2634 1132 2720 περιέχον
1155 2659 1260 2704 rerum
1273 2637 1347 2722 priu-

264 2746 381 2828 oipium
393 2751 515 2828 ponant
536 2752 633 2827 atque
655 2745 702 2810 ita
716 2744 844 2828 quidem
867 2745 910 2810 ad
933 2745 991 2812 hos
1012 2749 1106 2826 soloe,
1130 2754 1165 2813 ut
1186 2746 1348 2832 nonpossit

263 2854 366 2920 videri
388 2861 515 2939 praeter
536 2855 633 2921 hosoe
653 2857 734 2920 alios
757 2858 852 2920 etiam
874 2856 1073 2940 intellegere.
1107 2856 1178 2921 Iam
1200 2858 1227 2923 si
1245 2856 1346 2922 utrius·

263 2985 325 3048 que
346 2965 409 3030 loei
429 2965 629 3048 sententiam,
648 2971 806 3047 quatenus
831 2965 874 3031 ad
890 2971 1032 3032 nostram
1045 2966 1268 3048 quaestionem
1287 2984 1346 3049 per·
1422 3055 1423 3058 Ἴ

264 3075 353 3153 tinet,
376 3073 484 3140 vorbis
511 3073 712 3140 brevissimis
745 3074 975 3157 significamus,
1009 3077 1117 3160 priore
1150 3077 1221 3143 loeo
1240 3075 1346 3141 Aristo·
1422 3069 1423 3072 ’

263 3185 343 3250 telos
365 3182 540 3250 contendit:
570 3201 641 3250 esse
663 3183 830 3266 quosdam,
865 3185 920 3267 qui
951 3179 990 3249 τὸ
1022 3179 1115 3268 παρὰ
1144 3179 1346 3266 τὰστοιχεῖα,

264 3295 350 3377 quod
384 3287 571 3376 σωματικάν
604 3292 659 3358 καὶ
689 3280 850 3376 χωρὶστόν
882 3315 954 3361 esse
977 3297 1099 3372 uelint,
1134 3315 1228 3362 unam
1254 3313 1345 3361 rerum

263 3405 430 3470 materiam
452 3403 578 3482 dieant3
601 3405 666 3470 tale
689 3405 774 3469 enim
799 3423 871 3470 esse
891 3397 952 3467 ‘vri
974 3403 1112 3488 ἄπειρον
1126 3406 1253 3488 τοῦτο’,
1274 3400 1346 3488 quod

264 3535 284 3579 a
303 3512 493 3596 quibusdam
505 3513 700 3598 prineipium
712 3520 862 3598 penatum
883 3515 984 3580 altero
999 3514 1085 3582 loeo:
1108 3535 1181 3582 ease
1196 3513 1345 3606 quqsdam

264 3625 319 3707 qui
340 3616 380 3687 τὸ
402 3617 493 3705 παρὰ
516 3617 557 3686 τὰ
579 3625 734 3704 στοιχεῖα,
763 3623 848 3706 quod
871 3622 1002 3707 quidem
1030 3626 1071 3690 sit
1089 3621 1192 3706 μέσον
1212 3646 1243 3688 τι
1264 3620 1346 3704 ἀέρος

263 3731 316 3798 καὶ
333 3726 452 3809 idaeos
473 3725 493 3821 ἢ
514 3722 611 3814 ἀέρος
632 3731 686 3797 καὶ
706 3731 821 3818 πυρός,
843 3733 930 3816 quod
947 3733 1046 3800 veHnt
1067 3753 1139 3800 esse
1160 3728 1346 3815 μονούμενον

264 3843 333 3911 sive
355 3863 471 3927 eorpus
502 3863 561 3927 per
584 3863 619 3909 se
641 3849 801 3926 eonatanq
835 3863 931 3909 unam
963 3863 1070 3910 rerum
1099 3845 1266 3910 materiam
1293 3846 1345 3906 sta-

264 3959 369 4031 tuant3
392 3955 456 4019 tale
476 3955 561 4020 onim
584 3972 656 4020 osse
674 3946 734 4018 ‘ri
759 3941 899 4036 ἀπειρον
921 3946 1034 4016 καὶτὸ
1061 3950 1243 4035 περιέχον’,
1273 3945 1344 4036 quod

264 4062 499 4146 aquibusdam
520 4070 659 4148 ponatur
679 4063 884 4149 principium.
928 4065 1012 4129 Num
1034 4061 1133 4146 igitur
1155 4058 1195 4126 uri
1211 4049 1295 4145 παρὰ
1313 4049 1346 4119 roi

264 4175 410 4253 στοιχεῖα
425 4173 613 4259 simpliciter
624 4173 746 4239 dietum
758 4181 790 4240 et
800 4167 838 4238 τὰ
850 4168 942 4256 παρὰ
955 4167 995 4238 uri
1009 4175 1155 4253 στοιχεῖα
1166 4168 1345 4239 disiunotivo

264 4283 318 4348 illo
340 4284 434 4350 modo
457 4284 650 4400 explieatqm
671 4283 807 4350 eandem
829 4303 895 4350 rem
918 4283 1098 4368 qignifitant
1119 4289 1151 4349 et
1165 4282 1208 4348 ad
1231 4277 1344 4347 eosdem
