2864 4904
251 544 337 610 sine
361 541 604 608 delinitione
628 540 791 625 speciei,
810 538 872 604 ‘ad
894 540 1028 622 μειαξδ
1060 560 1137 606 vero
1168 539 1242 616 (hoc
1262 539 1338 605 enim

250 650 440 718 vocabulum
462 669 573 717 rursus
597 651 776 736 reponitur)
799 649 920 735 paritor
941 658 1040 732 atque
1058 650 1287 716 Damascenum
1299 648 1339 714 ad

252 761 429 844 Diogenem
462 759 701 845 Apolloniatem
734 759 898 838 σείσας’).
962 759 1068 838 Quam
1098 758 1171 844 ipse
1202 766 1339 841 aequatur

252 869 456 949 sententiam,
480 869 588 936 vorbis
611 869 742 952 quidem
766 889 829 934 non
852 868 943 950 dicit,
965 868 1024 934 sed
1047 869 1158 936 statim
1180 867 1339 952 Porphyrii

252 979 446 1044 sententiam
478 978 520 1044 ab
544 977 722 1044 Alexandri
757 979 918 1045 sententia
950 976 1193 1062 discrepantem
1226 977 1339 1058 refellit,

252 1087 435 1164 ostendens,
469 1107 530 1154 nec
559 1088 599 1152 ab
628 1087 869 1152 Anaximandro
901 1087 1099 1170 principium
1127 1088 1206 1171 poni
1237 1107 1339 1170 corpus
1411 1085 1412 1102 ¹

253 1196 348 1262 rebus
370 1196 548 1262 subiectum
570 1195 641 1262 sino
663 1195 850 1262 definitione
873 1196 1005 1279 speciei,
1029 1215 1088 1262 nec
1109 1197 1148 1259 τὸ
1164 1197 1282 1277 μεταξύ
1305 1195 1339 1262 ad

253 1307 431 1389 Diogenem
470 1305 641 1389 pertinere,
682 1303 763 1372 illud
801 1324 842 1370 ex
871 1305 943 1388 ipso
972 1305 1027 1370 illo
1055 1305 1241 1372 Aristotelis
1271 1307 1338 1382 loco,

174 1420 176 1424 ’
254 1414 314 1482 hoc
336 1435 376 1480 ex
399 1414 503 1498 ipsius
513 1415 671 1497 Diogenis
692 1413 826 1491 libris2).
871 1415 984 1497 ltaque
1006 1434 1047 1480 ex
1073 1413 1133 1480 hoc
1156 1415 1254 1480 etiam
1270 1415 1339 1480 Sim·

254 1523 347 1610 plicii
378 1525 449 1590 loco
472 1524 611 1608 primum
642 1522 676 1588 id
698 1529 796 1608 patet,
825 1543 897 1590 eum
921 1531 1091 1610 utrumque
1118 1525 1157 1589 τὸ
1180 1523 1297 1606 μεταξύ
1315 1529 1341 1588 et

255 1633 295 1698 τὸ
317 1633 408 1716 παρὰ
440 1633 481 1696 τὰ
511 1635 659 1712 στοιχεῖα
687 1652 784 1698 unum
819 1632 969 1714 idemque
1001 1633 1200 1718 principium
1232 1639 1340 1717 putare.

257 1741 393 1824 Deinde,
417 1741 503 1823 qnod
523 1740 566 1806 ad
579 1740 673 1806 huius
696 1740 847 1825 principii
871 1725 1031 1806 auctorem
1049 1741 1174 1824 attinet,
1197 1740 1339 1806 Schleier·

258 1849 427 1916 macherus
450 1849 582 1932 quidem
612 1855 713 1933 putat,
743 1848 947 1933 Simplicium
979 1849 1040 1915 hoc
1072 1849 1145 1916 loco
1181 1849 1340 1932 (intellegit

257 1967 363 2026 autem
385 1979 455 2024 eam
478 1957 709 2043 disputationis
732 1964 866 2041 partem,
887 1977 953 2040 qua
973 1957 1150 2043 Porphyrii
1172 1959 1213 2025 dc
1234 1957 1339 2025 Anaxi·

261 2068 395 2136 mandro
426 2068 586 2134 sententia
623 2068 792 2142 refutetur)
832 2087 872 2132 ex
907 2067 988 2151 ipsiu
1024 2067 1212 2134 Aristotelis
1246 2065 1340 2133 verbis

256 2177 435 2264 ostendere,
457 2177 496 2240 τὸ
516 2176 638 2258 μεταξὺ
660 2175 701 2241 ad
723 2175 1002 2242 Anaximandrum
1023 2197 1087 2243 non
1111 2178 1280 2262 pertinere,
1301 2174 1341 2240 id·

256 2361 453 2368 -ι--οοσ

358 2493 385 2560 l)
403 2491 475 2545 lbid.
486 2490 617 2544 continuo
636 2495 700 2560 post
712 2490 799 2544 verba
810 2490 840 2544 in
858 2489 986 2560 proxima
1004 2489 1187 2545 adnotatione
1204 2487 1340 2556 adscripta:

257 2593 318 2660 „acl
337 2587 352 2640 ὁ
370 2587 426 2660 μὲν
440 2583 609 2657 Ἀλέξανδρος
625 2584 848 2658 Ἀναξίμανδρον
867 2592 949 2639 oleron
968 2583 1016 2640 τὸν
1033 2579 1140 2652 ἀλλην
1159 2583 1234 2639 τινὰ
1252 2577 1342 2655 φύσιν
1414 2607 1415 2644 4

256 2677 419 2755 σώματος
437 2681 526 2752 παρὰ
544 2679 583 2735 τά
603 2690 758 2752 στοιχεῖα
777 2683 826 2750 τὴν
838 2673 927 2753 ἀρχὴν
940 2680 1127 2754 ὑποθέμενον,
1148 2681 1341 2753 ὁμέντοιίίιιρ
1414 2705 1415 2730 ι

255 2776 361 2853 φδριος,
389 2780 424 2840 ὡς
448 2781 494 2834 τοῦ
512 2777 721 2850 Ἀριστοτέλους
739 2819 745 2832 .
766 2821 773 2834 .
795 2821 801 2834 .
822 2821 837 2845 .,
859 2780 953 2851 σῶμα
976 2779 1044 2851 μὲν
1068 2777 1103 2832 τὸ
1123 2777 1342 2849 ὑποκείμενον

255 2875 466 2948 ἀδιορίστως
486 2873 768 2949 Ἀναξίμανδρον
786 2879 904 2946 λέγειν
931 2879 1039 2948 φησὶν
1067 2869 1219 2945 ἀπειρον,
1244 2871 1273 2927 οὐ
1296 2873 1342 2924 διο-

257 2982 372 3046 ρίσανια
395 2977 427 3028 ro
446 2973 519 3033 εἶδος
537 2979 590 3026 alre
607 2973 663 3043 πῦρ
683 2968 826 3043 είιεδδωρ
846 2978 897 3026 εἴτε
910 2966 974 3041 ἀήρ·
993 2970 1024 3026 τὸ
1044 2972 1076 3025 δὲ
1093 2973 1196 3042 μεταξὺ
1214 2975 1258 3024 καί
1274 2965 1344 3026 αιἰιὸς

257 3067 351 3141 ὥσπερ
371 3066 507 3130 Νικόλαος
526 3069 542 3125 ὁ
564 3067 752 3142 Δαμασκηνὸς
770 3073 808 3128 είς
826 3073 962 3139 Διογένην
985 3066 1033 3123 τὸν
1046 3064 1276 3135 Ἀποίλωνιάδην
1292 3064 1345 3119 ἀνί·

257 3169 400 3242 πεμψεν.“
439 3167 532 3222 Verba
559 3169 654 3237 ’σῶμα
673 3164 702 3220 τὸ
733 3165 916 3239 ὑποκείμειον
933 3163 1097 3234 ἀδιορίστως
1111 3161 1272 3238 λεγόμενον’
1296 3179 1344 3216 non

256 3265 416 3336 significant
434 3261 544 3336 corpus,
563 3265 638 3334 quod
657 3283 706 3319 aua
725 3266 812 3334 ipsius
831 3269 932 3320 natura
950 3282 1006 3318 non
1024 3263 1172 3318 definitum
1192 3265 1237 3332 sit,
1251 3259 1344 3314 —talc

257 3361 331 3416 enim
360 3379 460 3432 corpus
486 3362 597 3416 omnino
622 3378 677 3414 non
701 3366 751 3428 eat,
772 3391 803 3398 -
824 3360 871 3416 sed
900 3361 974 3428 quod
998 3361 1081 3414 modo
1110 3359 1223 3415 infinito
1247 3377 1277 3414 ac
1294 3359 1345 3410 sine

257 3458 359 3527 speciei
378 3457 541 3512 definitione
560 3458 686 3526 dicatur3
706 3458 734 3510 id
754 3457 828 3526 quod
849 3457 907 3527 ipae
921 3456 1080 3526 Simplicius
1100 3461 1198 3526 aperte
1217 3454 1344 3526 significat

258 3572 299 3623 ee,
319 3554 393 3622 quod
413 3555 449 3608 ad
469 3555 554 3609 verba
572 3551 745 3622 ιἀδιορίστως
763 3549 863 3622 λέγειν’
877 3526 966 3607 'addit
983 3549 1029 3604 ὀὗ
1047 3553 1207 3621 διορίσαντα
1226 3551 1255 3604 τὸ
1273 3549 1342 3610 oldut,

259 3654 310 3703 είιε
326 3681 359 3688 -
379 3646 453 3718 εἴπ’,
474 3649 604 3719 quodque
623 3650 679 3704 alio
697 3649 758 3704 loco
778 3649 941 3719 diligentius
962 3648 1158 3718 explicabitur.

357 3763 387 3834 2)
405 3763 476 3817 ibid.
497 3765 628 3819 continno
649 3768 714 3832 post
732 3763 818 3818 verba
830 3763 958 3832 proxime
975 3764 1101 3818 laudata:
1122 3759 1343 3834 ηιιίσοιρυίοιερον

256 3860 291 3913 δέ
306 3880 353 3929 μοι
376 3858 454 3912 δοκεῖ
470 3860 558 3921 κιί.“;
578 3861 638 3929 ipsa
657 3859 794 3929 Simplicii
812 3860 899 3914 verba
918 3861 973 3915 alio
995 3862 1065 3929 loco,
1084 3877 1138 3928 quo
1158 3858 1301 3928 separatim
1312 3854 1340 3906 de

256 3953 289 4006 iis
309 3952 447 4022 agendum
468 3953 532 4021 erit,
552 3954 754 4022 adscribamuo;
774 3959 802 4008 et
821 3959 918 4023 postea
936 3954 979 4022 32,
998 3955 1026 4022 b,
1044 3958 1109 4023 post
1122 3973 1172 4008 m.:
1193 3950 1297 4024 „incedi
1314 3949 1338 4001 δὲ

256 4047 271 4116 ἡ
296 4048 351 4121 μὲν
375 4049 429 4103 τῶν
458 4046 593 4104 πλειόνων
621 4053 900 4121 ἱστορία-Διογένην.
925 4091 931 4104 .
964 4091 970 4105 .
996 4049 1044 4105 τὸν
1071 4047 1139 4122 ἀέρα
1168 4057 1289 4104 τίθεσθαι
1315 4042 1339 4098 rt

256 4146 366 4216 πρῶτον
392 4139 528 4216 στοιχεῖόν
548 4163 627 4218 φησι,
654 4143 790 4206 Νικόλαος
809 4147 841 4200 δὲ
859 4188 866 4201 .
885 4189 891 4201 .
910 4147 1006 4200 παῖσον
1028 4151 1134 4219 ἱστορεῖ
1159 4150 1236 4202 τοῦτο
1253 4146 1281 4200 τὸ
1300 4160 1340 4216 με·

255 4235 318 4299 zaid
339 4237 489 4310 πυρόςκαὶ
507 4237 588 4310 ἀέρος
605 4239 652 4308 τὴν
670 4238 761 4312 ἀρχὴν
780 4235 981 4313 ἀποφήνασθαι
1004 4281 1010 4294 .
1031 4283 1037 4295 .
1058 4282 1074 4311 .,
1092 4245 1186 4297 leuior
1203 4242 1271 4296 ard!⁴
