2850 4904
628 379 679 434 rte

94 555 258 632 bavinms,
294 553 388 637 quod,
423 574 496 620 oum
526 575 584 622 nos
608 554 844 621 ostenderimus
867 553 1019 638 physicos
1043 560 1211 636 tamquam

93 663 254 744 generis
287 663 451 728 notione
488 663 530 729 ab
563 665 738 730 Aristotele
763 682 801 728 eo
825 661 962 744 deliniri,
986 661 1074 745 quod
1096 682 1208 728 omnes

93 770 129 836 id
152 771 242 854 quod
265 778 454 840 estonum
478 778 605 856 atque
627 771 917 855 unumquidem
933 791 1075 854 eorpus
1092 777 1213 856 ponant

71 888 127 946 ·et
149 886 219 946 tum
242 879 371 946 demum
392 889 523 966 propter
546 882 657 957 duas,
691 901 775 964 qnae
808 881 850 948 ab
878 881 918 946 iis
949 885 1120 965 ponantur,
1151 879 1212 945 hu·
1319 910 1322 916 ·

95 992 169 1056 ius
193 989 410 1074 eorporis
439 991 612 1056 formas
636 991 670 1056 in
694 990 776 1056 duas
799 995 909 1074 partes
938 988 1050 1073 dividi,
1073 990 1099 1056 is
1122 996 1213 1073 putet

91 1098 252 1183 physioos
284 1105 449 1182 tamquam
482 1102 671 1184 generis
704 1100 896 1166 natione
934 1119 972 1166 eo
1000 1100 1103 1166 solum
1135 1097 1212 1164 deti·

92 1208 170 1290 niri,
204 1206 292 1290 quod
314 1229 424 1276 omnes
448 1209 481 1274 id
504 1208 590 1292 quod
613 1215 662 1275 est
685 1229 813 1274 unum
842 1214 975 1294 ponant,
1007 1215 1039 1274 et
1060 1215 1127 1274 tum
1149 1213 1212 1274 sta-

91 1319 152 1382 tim
176 1318 302 1384 ratione
325 1319 382 1398 rei,
414 1339 511 1402 qnam
541 1340 636 1386 unam
661 1325 814 1399 statuant,
861 1318 1010 1384 bifariam
1044 1317 1149 1384 dividi
1180 1320 1212 1384 in

92 1445 163 1509 eos,
189 1428 252 1510 qui
283 1425 361 1492 illud
388 1447 488 1494 unum
515 1447 720 1494 ensunum
744 1447 912 1512 eorpus
935 1428 1133 1493 infinite
1156 1427 1212 1492 di·

91 1545 222 1619 otum,
256 1542 288 1602 et
321 1537 353 1601 in
387 1556 453 1618 eos,
490 1539 545 1619 qui
567 1535 647 1602 illud
671 1557 769 1602 unum
801 1555 858 1601 ens
892 1543 949 1603 aut
982 1557 1110 1603 unum
1142 1537 1211 1602 ali-

92 1644 212 1728 quod
251 1646 523 1712 elomentum
565 1651 644 1712 aut
687 1665 842 1730 eorpus
884 1645 1105 1728 quoddam
1141 1665 1211 1710 mo·

93 1754 222 1821 dium
246 1775 318 1821 esse
340 1756 450 1822 velint.
496 1754 650 1833 Quemvis
684 1757 777 1838 enim,
814 1753 902 1837 quod
933 1753 1211 1822 Anaximandrum

93 1867 166 1931 sive
199 1864 319 1930 alteros
349 1863 503 1949 physioos
537 1864 662 1948 pariter
695 1878 792 1946 atque
831 1865 954 1949 priores
977 1865 1019 1930 ab
1040 1863 1211 1930 Aristotele

93 1975 161 2040 diei
188 1978 283 2057 putat
303 1971 337 2038 id
359 1971 447 2056 quod
469 1979 518 2038 est
540 1994 593 2038 un
608 1993 628 2038 o
643 1994 673 2037 m
695 1992 830 2057 ponere,
862 1993 880 2038 e
901 1974 964 2039 loci
985 1973 1093 2040 verbis
1111 1964 1169 2048 ‘oi
1182 1969 1209 2034 δ’

94 2081 131 2147 ἐκ
153 2084 217 2148 τοῦ
242 2075 315 2158 ἑνὸς
337 2071 408 2144 art'
431 2101 558 2148 sumere
580 2083 731 2165 potuerit,
754 2087 862 2148 tamen
889 2103 953 2147 non
976 2083 1109 2147 alteram
1133 2079 1216 2174 dua-K

94 2214 170 2259 rum
202 2192 330 2258 illarum
361 2191 509 2276 partium,
533 2210 614 2274 quas
636 2191 743 2258 verbis
764 2184 817 2254 ‘oi
839 2189 899 2272 μὲν
919 2188 978 2275 γὰρ
1000 2185 1036 2256 ἓν
1058 2184 1211 2276 ποιήσαν-

93 2323 152 2377 τες
174 2288 260 2363 aab)
289 2297 444 2381 distingui
480 2301 639 2383 opinatur,
675 2298 808 2364 eredere
841 2298 1001 2383 potuisset
1027 2298 1068 2365 de
1090 2299 1212 2365 Anaxi·

97 2408 240 2476 mandro
253 2408 407 2491 intellegi
429 2408 494 2473 nisi
512 2409 611 2474 verba
631 2401 683 2472 “ab
694 2401 892 2492 ποιήσαντες
912 2398 996 2472 art.'
1019 2401 1122 2473 ad‘oi
1138 2407 1209 2489 μέν’

97 2519 255 2604 adposita
274 2518 395 2601 pariter
416 2516 459 2582 ad
478 2510 529 2581 ‘oi
551 2514 602 2582 δὲ’
627 2518 792 2601 pertinere
807 2517 1010 2584 credidisset.

202 2627 316 2693 Faoile
347 2634 455 2693 autem
492 2634 647 2710 apparet,
683 2627 893 2710 posteriorem
934 2626 1210 2711 interpretationis
1305 2701 1307 2704 ,

96 2735 276 2822 Porphyrii
297 2741 430 2820 partem,
453 2755 518 2818 qua
533 2755 553 2802 a
568 2742 679 2830 nostra
701 2737 961 2819 interpretatione
979 2734 1096 2815 differt,
1113 2736 1210 2819 plane

96 2845 281 2914 absurdam
311 2865 393 2928 esse,
429 2847 475 2910 ita
497 2851 532 2912 nt
553 2846 676 2912 mireris
700 2845 809 2926 etiam,
838 2846 894 2927 qui
918 2844 1127 2928 Porphyrius,
1162 2844 1212 2909 vir

96 2959 130 3022 in
154 2957 270 3040 primis
304 2954 429 3038 doetus,
460 2953 502 3020 ad
526 2975 599 3020 eam
621 2955 763 3040 potuerit
785 2953 948 3021 devenire.
992 2955 1076 3020 Nam
1099 2961 1132 3019 et
1154 2954 1211 3019 illa

95 3064 312 3149 physioorum
343 3061 472 3144 divisio,
507 3082 604 3144 qnam
628 3062 813 3130 Aristotelis
836 3064 945 3130 verbis
969 3065 1117 3148 opinatur
1139 3083 1213 3129 oon-

2 3244 5 3251 ,
94 3176 212 3254 tineri,
236 3192 364 3256 quaque
386 3192 464 3238 suae
489 3171 529 3238 do
551 3170 796 3239 Anaximandro
819 3174 997 3238 sententiae
1019 3173 1119 3238 utitur
1141 3173 1211 3238 iun-

96 3283 265 3366 damento,
293 3282 334 3349 ab
360 3283 422 3348 illis
444 3283 550 3348 verbis
574 3282 704 3347 omnino
731 3283 837 3348 aliena
851 3289 907 3348 est
916 3282 950 3366 ¹),
984 3289 1016 3348 et
1048 3283 1106 3348 illa
1140 3284 1213 3366 ipsa

95 3391 139 3458 de
162 3389 408 3456 Anaximandro
443 3392 602 3457 sententia
632 3392 834 3476 apertissime
863 3398 986 3476 pugnat
1007 3411 1077 3456 oum
1101 3392 1213 3474 aliqua

96 3501 288 3567 Aristotelis
309 3501 476 3583 sententia,
499 3499 680 3584 quaeipsis
703 3501 771 3565 eius
794 3500 901 3566 verbis
926 3500 1116 3584 planissime
1138 3521 1212 3566 eon-

95 3612 238 3683 tinetnr3
272 3607 313 3674 de
347 3628 411 3690 qua
444 3611 657 3694 repugnantia
689 3629 766 3674 mox
794 3608 978 3676 videbimus
1002 3613 1107 3695 ipsum
1129 3610 1211 3678 Sim-

95 3719 235 3803 plioinm
259 3717 419 3784 subtiliter
440 3717 609 3784 disserere.
652 3717 717 3784 Sed
740 3738 806 3801 qua
827 3723 977 3784 movente
992 3719 1117 3786 ratione
1133 3718 1213 3784 Por·

206 4038 233 4106 l)
251 4036 417 4092 Aristoteles
436 4042 520 4108 uerte,
549 4044 577 4094 et
602 4039 693 4109 quivis
719 4041 764 4094 rel
787 4039 936 4095 mediocris
958 4030 1088 4109 scriptor,
1120 4040 1143 4094 si
1162 4040 1212 4095 illo

96 4133 187 4188 modo
207 4133 333 4190 dividere
351 4135 494 4204 voluisset,
514 4136 667 4205 scripturas
686 4136 785 4190 luisset
802 4137 842 4189 ‘ot
859 4134 986 4208 μὲνγὰρ
1006 4135 1036 4191 ἓν
1048 4133 1212 4216 ποιήσαντες

95 4227 129 4283 τὸ
150 4223 196 4298 ὅν,
218 4222 235 4293 ἢ
255 4229 338 4301 σῶμα
355 4229 386 4283 τὸ
405 4228 590 4301 ὑποκείμενον
607 4227 623 4300 ἢ
641 4233 698 4286 τῶν
714 4233 797 4302 τριῶν
814 4251 837 4285 ιι
857 4226 961 4298 britio,
982 4236 1011 4286 et
1029 4233 1064 4287 ad
1076 4233 1158 4302 σῶμα
1176 4230 1207 4285 τὸ

97 4324 184 4381 bnon.
205 4325 353 4381 additurus
372 4326 470 4382 fuisset
490 4328 578 4382 veluti
596 4324 688 4386 ¹dtorr’
710 4328 756 4383 vel
774 4323 973 4398 ‘rideoptormc’.
