2862 4910
627 393 678 448 287

82 562 303 628 consensione
330 561 440 627 mundi
472 561 563 644 origo
593 582 631 626 ac
663 561 835 645 dispositio
868 568 900 626 et
922 563 1003 627 coeli
1027 562 1195 629 conversio

83 690 108 734 a
145 671 251 754 primo
287 670 427 752 quodam
467 677 555 734 motu
595 671 744 736 circulari
792 669 1001 753 repetatur¹);
1048 671 1196 755 denique,

84 778 177 860 quod
200 799 218 844 e
240 785 328 844 motu
345 778 508 859 circulari,
531 784 629 861 atque
652 798 693 843 ex
722 777 783 844 hoc
806 777 935 861 quidem
957 779 1036 861 solo,
1069 778 1197 861 singula

84 907 249 971 quaeque,
271 907 356 970 quae
376 886 620 952 Anaximander
642 886 683 952 de
706 907 813 954 rerum
835 893 907 953 ortu
929 893 961 952 et
982 886 1197 972 dispositione

27 1011 30 1022 ·
84 1003 122 1062 et
145 1003 235 1062 motu
257 996 410 1078 docuerit,
441 1002 605 1078 tamquam
635 1015 676 1062 ex
697 1017 760 1064 uno
785 997 946 1081 principio
969 997 1066 1080 plane
1093 997 1198 1082 expli·

86 1105 247 1188 contur2).

192 1231 257 1300 Sed
277 1230 358 1297 haec
391 1239 582 1316 argumenta
604 1235 710 1298 omnia
733 1251 837 1314 aeque
860 1233 984 1300 caduca
1003 1240 1086 1299 sunt.
1129 1233 1197 1298 Pri·

86 1361 178 1408 mum
201 1342 287 1408 enim
311 1341 395 1420 inde,
419 1341 506 1424 quod
538 1347 644 1407 motus
667 1341 833 1407 circularis
857 1363 939 1408 unus
962 1342 1111 1408 videatur
1133 1362 1197 1407 om-

86 1452 188 1516 nibus
215 1450 404 1534 corporibus
430 1450 626 1516 coelestibus
648 1452 825 1516 communis
853 1471 938 1529 esse,
970 1451 1047 1517 licet
1068 1451 1199 1535 quidem

87 1561 250 1642 conicere,
273 1559 554 1625 Anaximandrum
584 1560 618 1625 in
652 1559 848 1644 explicanda
879 1560 989 1626 mundi
1018 1560 1144 1643 origine
1167 1566 1198 1624 et

87 1671 161 1734 vitu
187 1668 273 1735 hunc
294 1676 417 1735 motum
440 1689 519 1753 prae
542 1670 675 1735 certeris
699 1671 890 1754 respexisse,
926 1689 986 1736 nec
1007 1690 1093 1751 vcro,
1126 1689 1197 1735 eum

87 1780 178 1846 hunc
208 1784 328 1844 motum
358 1781 525 1844 omnium
548 1779 710 1862 primum
734 1786 852 1861 atque
875 1785 1074 1845 aeternum
1107 1787 1198 1864 puta-

89 1891 189 1954 visse.
236 1888 383 1971 Namque
412 1897 517 1955 motus
543 1889 710 1954 circularis
737 1909 801 1954 non
829 1891 855 1954 is
884 1898 943 1970 cst,
974 1893 1028 1973 qui
1050 1911 1071 1954 a
1091 1898 1198 1956 mente

90 1999 235 2064 humana
257 1997 354 2064 facile
377 1999 486 2080 putari
509 1999 612 2082 possit
633 2004 784 2065 aeternus
808 2018 889 2073 esse,
916 2004 1088 2082 propterea
1111 1999 1198 2081 quod

90 2127 156 2172 nou
173 2106 271 2172 facile
290 2113 397 2192 potest
419 2113 546 2173 motus
567 2107 759 2173 naturalis
782 2109 905 2190 putari3
929 2107 970 2172 de
986 2127 1049 2190 qua
1063 2128 1098 2173 rc
1116 2109 1199 2174 infra

91 2216 278 2282 accuratius
300 2215 442 2296 dicetur3
477 2216 663 2282 testimonio
686 2223 744 2300 est,
772 2216 859 2299 quod
882 2237 992 2283 ornnes
1014 2215 1200 2302 philosophi

91 2327 304 2408 antiquiores,
326 2327 381 2406 qui
405 2323 535 2407 quidem
556 2330 668 2408 aperte
683 2330 804 2389 motum
819 2325 1010 2390 circularem
1033 2328 1198 2403 (vorticem

91 2433 180 2514 dico)
196 2440 327 2518 ponunt,
354 2454 426 2500 eum
449 2455 469 2499 a
490 2435 615 2500 caussis
627 2433 894 2502 antecedentibus
906 2441 1065 2519 repetunt,
1089 2456 1198 2518 quem-

91 2543 270 2610 admodum
293 2544 495 2610 Democritus
518 2565 538 2610 a
565 2563 723 2611 concursu
746 2551 778 2610 ct
806 2564 996 2627 repercussu
1020 2551 1198 2611 atomorum

90 2652 136 2718 ad
163 2653 285 2719 lineam
311 2651 537 2729 decidentium,
572 2654 785 2736 Anaxagoras
808 2654 850 2718 ab
882 2653 1022 2736 impulsu
1053 2653 1198 2720 infinitae

92 2761 221 2840 mentis,
245 2761 457 2847 Empedocles
486 2764 528 2828 ab
548 2762 720 2852 Amicitiae
750 2768 781 2828 et
804 2762 993 2828 Discordiae
1016 2762 1198 2829 efficientia.

93 2872 284 2938 Hacautem
306 2892 341 2938 re
357 2873 452 2938 simul
464 2878 653 2956 argumento
667 2878 790 2954 quarto,
813 2871 898 2953 quod
921 2873 963 2937 ab
975 2874 1114 2937 omnium
1126 2891 1199 2936 con-

93 2982 246 3048 sensionc
270 2987 432 3065 sumptum
447 2986 506 3056 est,
530 2981 634 3047 omnis
651 2980 812 3063 probandi
833 2981 883 3045 vis
906 2980 1071 3060 adimitur3
1094 3001 1132 3046 ac
1145 3001 1199 3064 pa-

94 3089 173 3156 riter
188 3097 378 3171 argumento
394 3090 536 3157 secundo
559 3096 592 3157 et
605 3092 712 3172 tertio,
735 3108 818 3172 quac
830 3110 871 3156 ex
882 3090 1050 3175 Hippolyti
1073 3097 1105 3156 et
1119 3090 1199 3155 Her-

93 3201 180 3265 miae
202 3200 396 3265 testimoniis
420 3201 556 3282 repctita
578 3206 661 3280 sunt,
684 3199 843 3282 siquidem
864 3198 943 3264 nihil
956 3199 1100 3282 impedit,
1122 3219 1199 3281 quo·

94 3311 201 3374 minus
223 3307 466 3374 Anaximander
488 3313 607 3373 motum
631 3308 820 3374 circularem
842 3327 882 3373 ex
903 3307 968 3372 alio
989 3313 1076 3372 motu
1091 3307 1199 3390 priore

94 3435 199 3500 eoque
222 3416 352 3499 quidem
384 3437 448 3483 non
477 3416 625 3482 circulari
658 3422 762 3482 ortum
797 3435 868 3482 osse
891 3415 1060 3500 putaverit.
1106 3415 1199 3493 Quod

95 3533 206 3592 autem
228 3524 503 3590 Teichmuellerus
532 3523 707 3605 contendit,
739 3531 867 3590 emotu
899 3525 1049 3589 circulari
1081 3526 1199 3609 omnia,

96 3654 179 3716 quae
207 3633 448 3700 Anaximander
482 3634 522 3699 de
555 3633 665 3699 mundi
698 3635 823 3718 origine
855 3641 887 3700 et
919 3634 1134 3718 dispositione
1169 3642 1201 3698 et

95 3750 184 3809 motu
211 3742 367 3826 docuerit,
401 3749 566 3825 tamquam
600 3763 641 3807 ex
675 3764 739 3809 uno
773 3743 934 3827 principio
964 3743 1132 3827 explicari,
1167 3741 1200 3806 id

96 3853 202 3936 accipi
227 3851 358 3934 quidem
381 3859 501 3936 posset,
526 3854 553 3918 si
572 3852 805 3917 Anaximandri
821 3854 982 3918 sententia
996 3851 1202 3936 principium,

204 4188 232 4260 1)
251 4187 322 4242 Ibid.
341 4205 367 4258 p.
386 4190 430 4242 29.

205 4286 233 4352 a)
254 4284 323 4338 uuio.
342 4302 368 4354 p.
388 4286 422 4337 27
443 4290 471 4338 es
489 4283 532 4338 ao.
