2882 4902
621 387 656 445 lc

75 558 188 626 lerunt
211 567 245 626 et
267 558 452 627 Aristotelis
474 559 675 645 interpretes,
698 555 896 646 Simplicius,
918 569 1047 647 praeter
1061 562 1184 628 Aristu-

75 669 173 736 telem
203 670 274 736 sine
295 669 395 736 dubio
411 670 669 756 Theophrastum
690 669 787 736 etiam
806 679 934 738 secutus
944 673 977 752 ¹),
1001 671 1187 738 Alexander

76 778 396 864 Aphrodisiensis²l,
419 779 618 847 'themistius
628 781 665 862 ⁸),
687 779 930 864 Philcpcnus⁴),
952 788 984 847 et
995 780 1186 848 Plutarchus

78 887 111 952 iu
145 869 368 972 Strumatisl).
422 889 513 967 Quae
546 889 777 956 ccuhariorum
804 890 941 956 secretio
973 910 1039 973 qua
1060 890 1186 956 ratione

80 997 305 1082 intellegenda
326 999 379 1081 sit,
402 1020 466 1082 qua
479 999 537 1064 fiat
551 1018 668 1066 caussa
680 997 832 1078 moventi,
848 999 1008 1081 quomodo
1023 998 1066 1064 ud
1081 1000 1187 1084 ipsum

79 1105 281 1190 principium
303 1127 338 1173 se
361 1107 487 1186 habeat,
515 1107 692 1193 posteriore
714 1107 785 1173 loco
800 1108 982 1174 accuratius
1004 1113 1185 1190 quaeretur,

80 1216 237 1297 queniam
260 1215 321 1281 hcc
343 1216 414 1282 lucc
436 1217 530 1300 plura
551 1215 649 1281 etiam
671 1214 786 1280 desunt
806 1214 849 1281 ad
871 1235 938 1281 rem
959 1216 1185 1300 explicandam

82 1343 278 1390 necessaria.

185 1434 247 1500 His
268 1433 458 1522 praemissis
473 1433 517 1499 ad
537 1435 758 1517 quaestionem
773 1435 972 1521 propositam
987 1436 1186 1502 revertimur.

84 1543 165 1610 Cum
188 1544 289 1628 igitur
311 1563 363 1610 res
393 1563 434 1609 ex
464 1543 591 1610 infinito
624 1545 773 1628 generari
803 1544 980 1612 viderimus
1008 1546 1187 1612 secretione

84 1653 320 1720 contrariorum
340 1653 405 1738 ipsi
419 1653 600 1738 insitorum,
622 1654 804 1721 necessario
819 1655 994 1737 quaeritur,
1015 1655 1096 1721 haec
1113 1675 1187 1721 ecn-

85 1765 186 1831 traria
207 1764 452 1832 Anaximander
472 1773 578 1832 utrum
604 1774 699 1832 actu
727 1767 761 1832 in
783 1766 909 1834 infinite
932 1768 1038 1834 inesse
1059 1786 1102 1830 an
1122 1784 1186 1850 pc-

87 1875 221 1940 tentia
243 1875 417 1957 putaverit;
440 1909 482 1920 ·-·
504 1875 658 1942 utendum
680 1876 765 1941 enim
789 1883 839 1942 est
859 1883 950 1942 actus
972 1883 1005 1941 et
1025 1873 1188 1958 potentiae

88 1984 287 2067 notionibus,
313 2003 507 2067 quamquam
528 1983 770 2051 Anaximandro
798 1993 884 2052 certe
906 1985 1035 2051 omnino
1059 1969 1188 2068 ignotis,

88 2094 162 2176 quia
184 2094 227 2161 iis
250 2094 405 2162 facillime
426 2114 479 2178 ea,
516 2094 556 2160 de
589 2094 705 2177 quibus
732 2095 849 2180 agitur,
880 2096 1019 2183 exprimi
1043 2102 1187 2176 possunt.

89 2203 154 2269 lum
175 2224 255 2270 vero
277 2211 412 2288 utraque
434 2205 518 2271 ratic
540 2205 648 2288 hahet,
669 2224 732 2287 quo
753 2204 904 2273 videatur
922 2205 1052 2290 probari
1074 2195 1186 2290 pcsser

186 2355 214 2426 1)
234 2353 356 2426 Simplic.
374 2355 457 2425 Phys.
476 2373 503 2426 p.
522 2358 538 2411 6
557 2374 583 2426 ιι,
601 2361 683 2427 parte
703 2355 766 2411 ini:
786 2341 882 2425 „ciros
901 2355 932 2409 dl
960 2351 1010 2408 οὐκ
1028 2351 1187 2426 ἀλλοιουμέ-

91 2469 134 2506 νου
157 2454 205 2506 τοῦ
238 2457 373 2525 στοιχείου
398 2451 447 2521 τὴν
481 2457 595 2524 μίνεσιν
617 2459 699 2518 ποιεῖ,
728 2449 786 2505 ἀλλ’
814 2448 1099 2524 ἀποκρινομένων
1123 2451 1188 2505 τῶν

92 2549 251 2604 ἐναντίων
278 2547 324 2602 διά
347 2550 392 2616 τῆς
422 2545 512 2602 ἀϊδίου
540 2543 696 2616 κινήσεωςδ(
735 2549 844 2604 Pariter
874 2567 900 2620 p.
920 2551 954 2603 32
963 2550 989 2617 b,
1012 2551 1093 2618 parte
1112 2563 1186 2616 sup:

92 2645 195 2718 ,ἅτερος
222 2647 254 2700 δὲ
280 2641 382 2718 τρόπος
403 2642 465 2700 καθ’
486 2642 521 2701 ὃν
547 2642 634 2702 οὐκέτι
660 2643 709 2714 τὴν
729 2642 884 2718 μεταβολὴν
900 2647 947 2713 τῆς
971 2642 1034 2712 ὕλης
1051 2645 1188 2698 αίιιῶνται.

94 2735 148 2798 οὔτε
171 2742 230 2796 κατ’
248 2739 395 2798 ἀλλοίωσιν
417 2742 465 2796 τοῦ
483 2739 668 2815 ὑποκειμένου
690 2740 738 2802 τὰς
759 2748 881 2814 γενέσεις
899 2739 1094 2810 ἀποδιδόασιν,
1120 2737 1186 2794 ἀλλά

94 2841 146 2894 κατ’
175 2841 314 2912 ἔκκρισιν·
343 2834 907 2911 δνοὺσαςγάρτάςδνανιιότητας
932 2840 963 2895 ἐν
985 2841 1029 2909 τῷ
1049 2836 1187 2892 ὑποκει-

94 2942 182 3008 μένῳ
208 2934 366 3008 ἀπείρῳ.
386 2977 392 2992 .
412 2977 419 2992 .
439 2939 617 3008 ἔκκρίνεσθαί
634 2952 720 3010 φησιν
735 2933 966 3008 ’ίνιιξίμανδρος.“

188 3035 217 3104 2)
236 3035 428 3090 Alexandrum
453 3034 525 3089 idem
550 3033 705 3103 rettulisse,
734 3033 863 3088 concludi
890 3035 984 3102 potest
1010 3049 1044 3086 ex
1066 3029 1189 3100 Simplic.

96 3129 171 3200 Phys.
189 3150 216 3202 p.
240 3133 274 3186 32
299 3149 316 3185 a
343 3134 418 3187 circa
448 3131 536 3200 med.;
570 3131 623 3186 hoc
649 3131 723 3186 enim
747 3131 809 3186 loco
835 3147 898 3184 cum
921 3127 1094 3198 Simplicius,
1123 3125 1190 3194 quid

98 3226 248 3282 Alexander
265 3227 300 3282 de
318 3227 437 3282 essentia
454 3233 571 3282 naturae
585 3225 709 3282 infruitae
722 3225 923 3280 Anaximandri
941 3224 1067 3287 senserit,
1086 3221 1190 3278 referat

97 3323 204 3392 eiusque
223 3325 387 3378 sententiam
406 3324 516 3394 probet,
536 3323 560 3378 si
579 3339 642 3377 eum
660 3322 695 3377 de
708 3322 896 3393 generationis
907 3321 1017 3376 ratione
1030 3321 1111 3376 aliter
1129 3337 1187 3374 sen-

98 3420 149 3474 tire
165 3421 319 3486 invenisset,
339 3423 416 3476 certe
433 3437 489 3475 non
506 3420 650 3475 tacuisset.

191 3518 218 3587 a)
235 3516 370 3571 Themiet.
397 3516 478 3586 Phys.
496 3516 556 3585 1,4.
576 3534 603 3586 p.
615 3517 675 3584 124,
693 3517 727 3568 21
746 3514 790 3568 ed.
808 3513 937 3585 Spengel:
957 3509 1054 3582 „cdrcr
1075 3509 1189 3574 (Ἀναξί-

99 3612 214 3683 μανδρος
231 3613 418 3683 intellegitur)
438 3613 470 3666 δὲ
480 3609 569 3667 adadu
586 3606 729 3666 ἀλλοιώσει
745 3611 844 3682 χρῆται
859 3608 928 3680 πρὸς
946 3607 996 3676 τὴν
1012 3614 1123 3680 γένεσιν
1135 3609 1190 3662 τῶν

100 3707 195 3778 ἐφεξῆς,
220 3707 287 3762 ἀλλ’
315 3710 540 3779 ἐκκρίνεσθαί
566 3723 680 3780 φησιν
708 3703 982 3776 ὲξάπείροοτοῡ
1006 3711 1190 3777 στοιχείου

100 3801 153 3863 τὰς
167 3799 411 3873 ἐναντιότητας
429 3798 726 3876 δνυπαρχοὺσιις.“
1241 3794 1244 3802 ’

189 3903 218 3974 4)
236 3901 329 3958 Schcl.
346 3901 462 3958 Aristct.
482 3901 608 3956 Brundis.
629 3899 705 3956 384¹>
719 3902 761 3955 39.

190 4001 219 4071 6)
236 4000 310 4057 Plut.
327 3999 430 4056 Strem.
447 3987 524 4069 apud
543 3999 643 4054 Euseb.
663 3998 761 4069 Praep.
779 3997 832 4054 Er.
851 3997 873 4066 1,
891 3999 916 4064 8,
936 3997 964 4050 8:
988 3993 1047 4066 ,,(ιὸ
1065 3992 1190 4066 ἀπειρον)

102 4093 127 4154 ἐξ
141 4080 172 4150 οἷο
190 4094 224 4165 δή
242 4115 313 4170 φησι
330 4091 392 4156 τούς
410 4115 438 4150 rs
458 4092 589 4168 οὐρανοὺς
606 4092 807 4166 incursuram
821 4096 949 4162 arl.“;—
959 4098 988 4149 et
1005 4092 1099 4163 paullo
1112 4097 1189 4163 post:

104 4197 182 4263 ηφησί
199 4194 230 4246 δὲ
254 4191 286 4247 τὸ
312 4195 343 4248 ἐκ
363 4194 411 4248 τοῦ
439 4190 531 4248 ἀϊδίου
547 4187 668 4266 γόνιμον
685 4192 792 4265 θερμοῦ
809 4209 838 4245 τε
861 4196 907 4245 καὶ
925 4190 1034 4261 ψυχροῦ
1056 4186 1124 4244 κατὰ
1142 4185 1191 4255 τὴν

104 4291 205 4356 γένεσιν
222 4291 302 4344 τοῦδε
320 4289 369 4344 τοῦ
385 4284 494 4363 κόσμου
511 4285 740 4360 ἀποκριθῆναι
760 4289 832 4342 κτλ.“
