2860 4906
718 362 772 418 268

186 537 295 602 animo
322 535 513 600 informatas
545 533 719 612 habuisset
751 540 793 612 ct,
829 533 859 600 si
890 535 1079 601 informatas
1111 535 1299 612 habuisset,

188 645 381 710 omissurum
405 641 506 708 luisse
533 662 591 707 eas
618 640 770 707 indicare.
815 642 901 725 Ergo
931 644 1091 725 posterior
1113 643 1297 727 explicatio

187 774 265 819 vera
286 750 432 835 putanda
454 757 516 828 est;
552 750 650 833 idque
677 750 745 816 alia
772 771 899 834 quoque
928 753 1052 818 ratione
1075 752 1297 820 confirmatur.

186 862 311 926 Etenim
333 859 539 926 Aristotelem
562 860 703 926 vidimus
725 881 788 926 uno
815 863 886 928 loco
908 862 1147 928 Anaximandri
1168 864 1295 947 princi-

186 971 275 1054 pium
306 969 523 1053 appellavisse
545 967 743 1052 mixtionem,
774 968 930 1051 huiusque
962 971 1190 1055 appellationis
1222 993 1297 1038 non

185 1080 283 1145 aliam
314 1079 413 1144 inisse
444 1098 593 1144 caussam
630 1078 692 1144 nisi
734 1078 822 1161 quod
851 1086 987 1162 putaret,
1022 1086 1170 1146 naturam
1205 1082 1297 1147 inter

185 1188 364 1255 contrarias
387 1195 518 1255 naturas
546 1187 685 1254 mediam
719 1207 759 1254 ea
786 1194 910 1254 tantum
943 1188 1134 1256 condicione
1156 1191 1297 1274 propria

185 1319 244 1365 sua
265 1299 312 1365 nti
330 1319 426 1383 posse
447 1297 616 1381 qualitate,
643 1299 670 1364 si
692 1296 805 1363 harum
837 1298 1068 1365 contrariarum
1103 1306 1296 1366 naturarum

184 1409 298 1475 mixtio
324 1415 410 1475 essct
428 1406 451 1492 l.
496 1408 582 1492 Ergo
604 1427 678 1474 eum
701 1409 836 1474 scivisse
853 1414 988 1492 oportet,
1011 1409 1294 1477 Anaximandrum

184 1519 352 1602 principio,
374 1517 461 1601 quod
482 1517 580 1583 vellet
605 1518 689 1583 inter
710 1522 842 1582 naturas
858 1518 1036 1584 contrarias
1051 1517 1294 1604 medinmesse,

184 1629 284 1693 tales
307 1626 501 1692 tribuisse
529 1627 755 1709 qualitates,
789 1646 871 1708 quae
906 1647 966 1692 sua
998 1627 1103 1710 ipsius
1129 1631 1295 1695 sententia

184 1758 248 1803 non
278 1743 412 1822 possent
444 1736 506 1802 nisi
541 1741 730 1803 naturarum
758 1736 992 1802 contrariarum
1018 1734 1175 1802 mixtione
1201 1738 1293 1802 oriri.

186 1846 299 1912 Talem
319 1852 426 1911 antem
445 1847 635 1929 qualitatem
660 1845 716 1910 vix
731 1853 858 1930 poterat
877 1845 1019 1911 medium
1033 1845 1193 1928 quendam
1210 1846 1294 1912 den-

186 1955 294 2021 sitatis
318 1962 350 2022 et
361 1956 505 2022 raritatis
520 1955 657 2038 gradum
669 1962 792 2038 putare,
816 1963 850 2021 nt
865 1975 924 2021 nec
943 1954 1156 2021 Anaximcnis
1168 1975 1293 2038 aerem,

185 2064 240 2147 qni
265 2065 427 2131 densitate
448 2069 479 2130 et
501 2066 635 2130 raritate
657 2066 738 2130 inter
760 2066 869 2148 ignem
890 2073 921 2131 et
943 2085 1062 2147 aquam
1077 2063 1203 2131 medius
1227 2074 1294 2148 est,

184 2170 297 2240 borum
320 2175 507 2239 mixtionem
527 2173 617 2240 dicit.
649 2174 734 2258 Ergo
757 2194 829 2240 eum
853 2174 989 2240 scivisse
1011 2180 1148 2259 oportet,
1165 2175 1291 2241 Anaxi·

185 2282 354 2349 mandrum
377 2283 536 2368 principio
568 2285 741 2366 qualitates
762 2283 925 2361 tribuisse,
952 2304 1035 2366 quae
1057 2306 1078 2350 a
1099 2284 1209 2351 medio
1232 2286 1292 2352 illo

185 2391 354 2457 densitatis
385 2400 417 2459 et
446 2391 590 2458 raritatis
621 2393 723 2476 gradu
746 2393 894 2460 diversae
924 2399 1040 2460 essent.
1085 2393 1156 2459 Hae
1179 2401 1292 2460 autem

184 2520 268 2583 quae
291 2502 453 2585 potuerint
486 2521 558 2568 csse
584 2508 712 2585 praeter
740 2502 821 2583 illas,
856 2521 936 2584 quas
965 2502 1029 2586 ipsi
1060 2501 1293 2586 indicavimus

185 2631 249 2676 non
271 2610 368 2676 facile
390 2610 560 2694 quisquam
583 2612 784 2704 inueneritil.

285 2718 375 2798 Quae
398 2740 469 2785 cum
492 2721 539 2786 ita
562 2739 597 2786 sc
621 2719 771 2800 babeant,
795 2726 881 2786 certe
904 2741 966 2786 noo
992 2721 1126 2786 multum
1148 2721 1193 2787 ab
1215 2724 1293 2804 ipsa

183 2828 420 2894 Anaximandri
452 2830 614 2895 sententia
647 2830 855 2911 aberraverit,
898 2831 954 2912 qui
987 2827 1184 2913 principium
1215 2831 1291 2896 eius

183 2940 342 3021 putaverit
373 2957 444 3004 esse
475 2938 744 3004 substantiam
777 2933 1004 3023 corpoream
1035 2937 1201 3006 infinite
1223 2962 1292 3006 ex·

183 3053 342 3129 tensam,
374 3047 463 3113 leni
485 3046 650 3130 quadam
672 3069 716 3114 ac
740 3048 899 3132 placida
923 3050 1008 3114 lnce
1036 3047 1179 3132 ubique
1205 3070 1291 3132 per·

182 3153 316 3238 fusam,
339 3153 538 3220 mediocri
560 3175 605 3220 ac
626 3157 708 3221 miti
731 3161 909 3222 utentem
932 3159 1131 3240 temperie,
1157 3158 1292 3226 medio

185 3353 381 3360 ———-·—--

284 3477 310 3544 l)
330 3475 393 3530 vid.
412 3493 496 3545 supra
514 3495 541 3546 p.
561 3479 596 3531 50
614 3484 643 3532 et
661 3481 696 3532 54
715 3495 754 3546 sq.

283 3590 312 3657 2)
331 3589 400 3642 Cum
418 3588 585 3644 Aristoteles
599 3590 766 3659 qualitatem
783 3591 825 3644 rei
843 3590 918 3644 iuter
937 3590 992 3644 duo
1013 3591 1157 3646 contraria
1177 3593 1292 3649 mediae

181 3685 251 3739 oriri
269 3685 338 3739 dicit
357 3685 459 3739 horum
478 3687 685 3744 contrariorum
704 3687 848 3752 mixtione,
867 3687 901 3740 de
912 3687 1061 3742 contrariis
1077 3687 1195 3756 cogitat,
1215 3707 1291 3757 quae

181 3781 304 3836 eiusdem
323 3782 433 3852 generis
452 3787 593 3837 extremae
612 3783 716 3852 species
741 3783 806 3851 sint,
826 3783 860 3837 de
883 3783 987 3837 talibus
1013 3784 1100 3854 igitur
1124 3788 1291 3856 contrariis,

181 3896 299 3947 quarum
317 3883 468 3948 utrumque
491 3897 543 3947 per
568 3897 597 3933 se
622 3885 698 3934 certa
717 3880 856 3949 quaedam
873 3885 975 3934 natura
994 3881 1039 3947 sit,
1062 3881 1152 3934 veluti
1170 3882 1290 3952 nigrum

181 3979 209 4029 et
226 3974 330 4043 album,
354 3975 490 4046 frigidum
509 3981 537 4031 et
556 3977 686 4045 calidum,
705 3977 769 4031 alia.
807 3978 839 4030 In
863 3995 966 4048 genere
989 3977 1135 4032 densitatis
1161 3985 1190 4032 et
1215 3982 1289 4034 rari·

180 4070 247 4124 tatis
266 4076 361 4126 autern
378 4072 450 4126 nihil
468 4077 510 4127 est
528 4078 693 4141 extremum,
715 4074 919 4143 nihilprimum
932 4074 1058 4143 nihilque
1076 4075 1219 4143 ultimum,
1237 4077 1290 4131 scd

181 4166 271 4234 quivis
296 4167 441 4223 densitatis
465 4171 569 4241 gradus
596 4189 653 4224 nou
681 4176 723 4225 est
747 4172 801 4225 nisi
823 4165 912 4241 ‘apris
929 4173 971 4224 π’
999 4171 1056 4230 sive
1082 4171 1130 4224 ‘ad
1148 4171 1287 4241 aliquid'.

182 4262 222 4316 Cf.
242 4264 359 4318 Aristot.
381 4265 453 4321 Coel.
474 4266 523 4336 ΙΙΙ,
541 4270 566 4320 b.
586 4267 708 4321 3031130
727 4285 766 4336 sq.
