2850 4904
597 351 647 404 191

73 525 194 591 dicetur.
240 523 358 606 Quare,
392 525 421 590 si
455 522 642 608 Simplicius
675 522 733 588 illa
763 521 948 588 Aristotelis
978 522 1078 588 verba
1110 521 1172 587 hae

73 636 186 700 ratione
208 636 334 719 accepit
366 653 507 716 ergoque
529 627 607 708 τούς
640 629 898 715 προειρημένους
926 632 1038 698 referri
1069 633 1170 697 solum

73 744 165 808 voluit
185 742 230 808 ad
248 743 349 809 verba
375 736 422 806 ‘oi
445 736 585 825 μὲνγὰρ
611 736 647 806 (ἓν
668 739 864 830 ποιήσαντες
889 739 928 806 τὸ
955 735 992 805 ’ὃν
1018 748 1112 823 σῶμα
1131 735 1171 804 τὸ

75 852 305 934 ὑποκείμενον,
327 873 438 919 rursus
460 860 547 919 recte
569 852 625 929 ait,
647 852 687 918 do
711 851 801 918 hisee
816 854 1025 918 communiter
1046 852 1088 917 ab
1100 850 1171 915 Ari-

75 963 179 1028 stotele
204 964 294 1027 illam
315 961 537 1046 generationis
550 962 686 1027 formam
699 960 892 1044 praedicari.
917 963 1042 1027 Revera
1065 965 1171 1026 autem

75 1071 263 1154 Simplicium
287 1070 348 1136 hac
360 1071 485 1137 ratione
498 1071 555 1136 illa
566 1071 667 1136 verba
679 1071 856 1154 accepisse,
869 1089 1063 1153 quamquam
1076 1070 1171 1153 plane

76 1179 197 1262 quidem
217 1201 283 1246 non
296 1182 410 1247 nisiex
422 1183 574 1246 universa
585 1181 654 1245 eius
668 1181 829 1246 sententia
840 1179 975 1264 patebit,
986 1185 1094 1244 tamen
1106 1180 1171 1243 iam

75 1288 219 1355 hocloco
254 1295 376 1356 certum
410 1288 477 1355 fere
503 1288 671 1366 videbitur,
706 1290 734 1354 si
756 1286 1075 1367 consideraverimus,
1107 1306 1173 1369 qua

75 1400 189 1464 ratione
210 1398 409 1482 Porphyrius
433 1399 524 1464 illum
546 1397 733 1464 Aristotelis
762 1399 867 1463 locum
889 1397 1107 1481 interpreatus
1132 1398 1173 1461 sit

77 1515 104 1572 et
134 1528 196 1590 qua
228 1508 354 1573 ratione
388 1507 574 1591 Simplicius
610 1509 678 1572 eius
708 1507 1006 1591 interpretationem
1035 1506 1172 1572 refellat.

76 1617 281 1702 Porphyrium
306 1619 405 1700 igitur
432 1618 523 1682 illum
545 1616 730 1682 Aristotelis
761 1617 866 1682 locum
896 1617 943 1681 ita
965 1616 1172 1699 interpretari

75 1726 215 1808 vidimus,
247 1729 341 1810 quasi
363 1727 518 1811 scriptum
542 1733 641 1792 esset:
670 1719 726 1788 ‘oi
748 1722 807 1806 μὲν
835 1721 893 1809 γὰρ
920 1720 956 1789 ἓν
978 1725 1174 1811 ποιήσαντες

76 1829 111 1896 τὸ
130 1823 175 1914 ὅν,
207 1827 228 1922 ἢ
260 1835 357 1916 σῶμα
388 1829 428 1899 τὸ
461 1832 678 1916 ὑποκείμενον
709 1832 917 1916 (ἀδιορίστως
938 1831 1125 1916 λεγόμενον)
1156 1825 1177 1919 ἢ

77 1945 137 2007 τῶν
155 1947 255 2027 τριῶν
276 1967 308 2008 τι
330 1937 351 2029 ἢ
371 1932 450 2007 vitto
472 1980 513 1990 -—
537 1928 639 2006 τᾶλλα
665 1945 801 2025 γεννῶσι
826 1932 914 2018 ·ιιτι’ῑ.’Ι
954 1941 1026 2021 Qua
1048 1943 1174 2008 ratione

78 2055 104 2118 si
122 2054 207 2120 locus
230 2053 400 2138 accipitur,
422 2054 584 2120 sententia
604 2051 740 2120 efficitur
764 2052 858 2119 haec:
884 2051 1024 2118 ‘alteri
1048 2071 1174 2118 eorum

78 2162 284 2247 physicorum,
309 2164 365 2245 qui
389 2162 423 2228 id
445 2163 533 2246 quod
556 2169 605 2228 est
627 2182 737 2228 unum
764 2167 896 2246 ponunt,
919 2168 1016 2244 atque
1039 2161 1172 2244 quidem

79 2279 128 2336 ant
162 2293 301 2358 corpus
336 2272 495 2338 infinite
535 2271 688 2350 dictum,
724 2278 781 2337 aut
807 2291 948 2354 corpus
982 2270 1175 2354 quoddam

79 2385 198 2465 speeie
221 2382 439 2466 delinitum,
470 2402 575 2448 rerum
600 2381 838 2448 multitudinem
868 2381 1121 2447 condensatione
1142 2386 1173 2447 et

79 2493 283 2558 rarefaetione
303 2490 488 2575 generant’.
532 2491 604 2557 Hae
624 2492 723 2574 igitur
742 2490 805 2555 loci
829 2489 1044 2574 explicatione
1066 2489 1174 2573 posita

79 2619 179 2666 rursus
202 2600 378 2684 quaeritur,
401 2619 466 2682 qua
487 2601 612 2666 ratione
640 2600 674 2665 hi
704 2599 799 2665 alteri
826 2597 955 2684 physici
978 2597 1173 2664 informandi

80 2708 145 2774 sint.
189 2709 269 2775 Cum
291 2729 402 2775 ornnes
432 2708 560 2792 physici
594 2729 633 2776 eo
666 2710 769 2775 solum
804 2707 952 2775 dieantur
983 2707 1174 2792 consentire,

81 2818 159 2899 quod
181 2817 216 2883 id
237 2817 324 2902 quod
346 2825 394 2884 est
424 2839 536 2885 unum
563 2819 695 2902 ponant,
728 2819 900 2902 statimque
923 2836 971 2898 eo,
1004 2817 1090 2900 quod
1113 2817 1174 2884 hoo

80 2946 171 2992 unum
191 2935 247 2994 aut
280 2947 396 3012 corpus
428 2927 552 2995 infinite
574 2927 695 2994 dictum
717 2934 773 2994 aut
795 2947 912 3012 eorpus
935 2926 1098 3010 quoddam
1119 2924 1174 2993 de-

48 3081 49 3086 1
81 3032 195 3100 linitum
210 3043 342 3120 ponant,
353 3036 485 3124 induas
500 3036 686 3102 dividantur
697 3037 835 3120 speeies,
858 3037 907 3101 illi
926 3037 1019 3102 alteri
1034 3038 1173 3120 primum

81 3145 256 3210 necessario
279 3147 361 3212 tales
385 3152 468 3228 sunt,
492 3147 548 3228 qui
567 3146 600 3212 id
612 3146 699 3228 quod
722 3152 772 3212 est
793 3165 888 3212 unum
904 3153 1034 3230 ponant,
1057 3146 1175 3212 deinde

83 3254 255 3318 necessario
278 3257 374 3321 etiam
401 3257 577 3322 alterautra
597 3254 710 3320 horum
737 3261 810 3321 sunt
832 3255 968 3339 species,
990 3263 1046 3321 aut
1064 3256 1096 3335 ii,
1119 3257 1175 3338 qui

84 3358 137 3428 hoc
160 3384 258 3430 unum
290 3384 362 3430 esse
386 3366 485 3430 velint
511 3383 627 3449 corpus
656 3363 781 3430 infinite
810 3363 943 3447 dictum,
971 3368 1027 3430 aut
1053 3363 1087 3442 ii,
1119 3365 1176 3446 qui

43 3495 54 3516 ·
84 3489 147 3537 esse
177 3475 279 3542 velint
317 3493 432 3558 corpus
466 3474 629 3558 quoddam
662 3474 841 3547 delinitum
879 3475 1033 3540 incertum
1069 3482 1176 3541 autem

84 3587 134 3664 est,
168 3589 242 3649 utra
277 3585 340 3649 sint
376 3585 509 3668 species.
571 3583 685 3668 Quare,
719 3605 791 3650 cum
826 3583 867 3650 de
895 3582 946 3661 his
976 3585 1086 3650 alteris
1121 3603 1176 3666 ge-

85 3694 197 3758 neratio
227 3713 285 3778 per
308 3692 592 3760 condensationem
622 3699 654 3759 et
686 3693 932 3759 rarefactionem
963 3691 1176 3777 praedicetur,

86 3806 162 3867 certe
194 3801 235 3868 de
263 3803 314 3886 iis,
351 3809 509 3886 quatenus
532 3804 613 3869 tales
637 3808 720 3886 sunt,
754 3802 810 3885 qui
838 3802 871 3868 id
896 3803 983 3885 quod
1009 3808 1058 3868 est
1080 3822 1176 3868 unum

86 3917 204 3989 ponant,
246 3912 301 3977 illa
348 3913 563 3996 generationis
609 3911 712 3977 forma
754 3912 975 3995 praedicatum
1018 3918 1176 3995 quatenus

86 4025 182 4086 autem
204 4021 300 4086 modo
321 4021 513 4088 disiunctivo
534 4028 591 4089 aut
612 4023 636 4086 ii
659 4028 742 4101 sunt,
766 4023 821 4105 qui
845 4021 879 4088 irl
901 4021 1059 4104 quod'est
1079 4040 1176 4086 unum

87 4122 200 4211 hocque
233 4149 348 4214 corpus
376 4129 501 4197 infinito
523 4130 654 4214 dictum,
688 4138 745 4195 aut
766 4131 799 4213 ii,
833 4130 890 4212 qui
921 4149 1017 4196 unum
1052 4128 1177 4212 hocque

87 4252 191 4319 corpus
212 4239 380 4307 definitum
403 4247 533 4324 ponant,
555 4259 615 4306 neo
635 4239 675 4306 de
701 4239 765 4306 illis
788 4259 847 4306 neo
871 4239 912 4305 de
936 4239 988 4305 his
1011 4240 1066 4305 illa
1081 4259 1176 4323 gene-
