2864 4904
651 385 701 438 tas

83 557 214 639 ipsum
239 557 424 640 scripsisse:
448 546 676 639 „arrepens
698 551 733 618 δὲ
747 545 828 636 ἀέρα
849 552 915 618 καὶ
932 552 1093 637 Διογένης,
1115 545 1216 617 Ἀνα-

85 664 328 748 §sparsior
350 664 386 728 δὲ
407 659 446 728 τὸ
468 657 619 746 μεταξύιι,
646 701 679 710 -
706 666 788 730 00101
815 666 909 737 0010,
941 669 976 729 01
1004 685 1022 730 0
1050 664 1217 730 10010100

84 777 216 842 allatis
233 781 380 859 apparet,
402 777 434 841 in
450 795 525 841 aere
536 773 743 840 memorando
753 775 987 840 Anaximenen
997 781 1029 839 et
1039 773 1217 856 Diogenem

87 886 310 967 coniungere
337 920 372 930 -
395 889 510 968 postea
540 889 647 948 autem
676 881 893 966 imprudentia
924 883 1056 948 alicuius
1085 881 1216 958 librarii,

86 995 156 1074 qui
183 993 281 1058 illam
303 993 459 1076 Diogenis
482 1013 552 1057 eum
571 992 770 1056 Anaximene
793 992 1048 1057 coniunctionem
1070 1012 1134 1056 non
1149 989 1217 1055 ani-

87 1102 352 1179 madvertisset,
366 1100 597 1167 Anaximandri
611 1119 728 1166 nomen
743 1099 945 1166 excidissein
963 1101 1093 1182 eiusque
1113 1100 1217 1165 locum

88 1213 311 1279 successisse
333 1211 552 1295 Diogenem1).
596 1210 631 1275 si
663 1209 724 1275 hoc
745 1229 809 1274 non
832 1209 1024 1288 conceditur,
1051 1209 1105 1272 ille
1128 1208 1217 1273 locus

90 1325 147 1388 ita
173 1323 242 1388 crit
263 1321 481 1405 explicandus,
504 1327 539 1386 ut
559 1341 730 1403 sumamus,
751 1319 952 1403 Simplicium
973 1319 1105 1401 reliquis
1127 1317 1217 1400 loeis,

88 1433 228 1516 quibus
252 1424 428 1512 τὸμεταξύ
445 1429 685 1497 Anaximandro
708 1429 818 1495 tribuit
840 1450 860 1494 0
875 1428 1023 1513 Diogene
1038 1448 1114 1494 vero
1129 1427 1217 1492 abin-

91 1542 244 1616 dicavit,
267 1541 462 1608 intellexisse
485 1532 805 1624 100100τό000οξιέ
829 1541 912 1606 inter
926 1558 1034 1605 aerem
1056 1543 1088 1604 et
1109 1536 1217 1620 ignem
1317 1588 1321 1594 .

91 1659 130 1718 et
157 1651 255 1718 inter
277 1671 382 1717 aerem
407 1657 439 1716 et
467 1670 584 1733 aquam
611 1650 811 1730 (nominatim
840 1647 921 1714 illud
947 1648 1049 1714 solum
1076 1645 1219 1714 ostendit

92 1783 170 1828 non
197 1760 245 1826 ad
260 1761 439 1844 Diogenem
461 1762 631 1844 pertinere,
652 1759 741 1842 quod
762 1759 795 1825 id
811 1745 912 1824 solum
934 1757 965 1824 ei
980 1779 1001 1822 a
1016 1758 1217 1821 Damasceno

93 1871 270 1935 tributum
292 1872 385 1949 erat),
416 1871 476 1936 hoo
497 1870 696 1936 autemloco
718 1888 783 1934 non
805 1869 991 1950 intellegere
1014 1857 1136 1931 0101τό
1159 1885 1218 1945 με·

92 1971 188 2058 ταξῠ
237 1977 325 2043 inter
353 1998 487 2060 aquam
526 1984 563 2043 et
593 1981 727 2061 ignem,
772 1975 856 2060 quod
888 1997 908 2042 a
938 1977 1006 2042 solo
1042 1974 1217 2040 Aristotele

94 2093 324 2154 memoratum
348 2089 398 2153 sit.
443 2086 658 2166 Quaerentem
679 2089 774 2171 igitur
796 2085 836 2152 de
860 2085 952 2151 huius
968 2083 1065 2150 medii
1087 2090 1216 2150 auctore

93 2196 201 2282 apud
226 2203 354 2262 veteres
387 2197 515 2280 quidem
537 2198 709 2281 scriptores
734 2195 775 2263 de
805 2197 867 2262 hac
888 2216 922 2261 re
945 2195 1023 2261 nihil
1055 2194 1217 2258 invenisse

95 2306 278 2374 traditum.
322 2307 536 2391 Reputantem
551 2313 667 2389 autem,
691 2305 725 2372 in
740 2307 966 2372 elementorum
982 2303 1094 2371 ordine
1108 2322 1217 2368 aerem

96 2436 231 2484 revera
254 2417 336 2482 iuter
359 2435 478 2499 aquam
511 2422 544 2482 et
574 2417 681 2500 ignem
714 2413 853 2480 medium
878 2435 959 2498 esse,
991 2416 1094 2498 ipsum
1126 2432 1217 2478 oon-

97 2526 296 2606 iecisse,
320 2516 502 2604 τὸμεταξύ
527 2515 645 2598 diocor-
675 2522 729 2586 καὶ
750 2507 857 2602 πιῖρίς
888 2518 948 2586 hoe
978 2538 1041 2584 uno
1072 2519 1143 2584 1000
1175 2517 1217 2583 ab

98 2633 291 2700 Aristotele
313 2637 522 2698 memoratum
540 2631 622 2696 nihil
646 2630 734 2696 aliud
757 2630 901 2712 intellegi
921 2630 984 2695 nisi
1005 2647 1122 2694 aerem.
1145 2626 1217 2706 Qua

98 2750 223 2810 autem
247 2741 372 2806 ratione
403 2740 517 2807 ductus
543 2741 586 2806 ad
607 2740 786 2823 Diogenem
809 2741 914 2823 potius
944 2757 1039 2821 quam
1069 2736 1218 2801 00100-

98 2855 277 2919 ximenem
294 2850 460 2930 rettulerit,
482 2871 546 2916 non
563 2837 659 2916 facile
675 2851 845 2933 quisquam
862 2849 988 2914 dixerit.
1026 2846 1092 2913 Sed
1105 2847 1218 2925 fateor,

99 2962 190 3028 mihi
214 2959 278 3042 ipsi
303 2959 384 3026 hanc
405 2961 468 3026 loci
492 2960 739 3046 explicationem
760 2958 1004 3042 improbabilem
1026 2963 1058 3022 et
1080 2957 1217 3040 priorem

99 3074 216 3139 solam
240 3090 350 3136 veram
372 3070 483 3136 videri.

215 3179 366 3262 Denique
381 3199 463 3246 0000
479 3186 529 3246 001
542 3181 641 3254 10000,
657 3200 731 3264 quo,
748 3180 777 3245 01
793 3198 889 3244 sanus
904 3185 962 3256 est,
980 3175 1219 3243 Anaximander

101 3294 153 3358 ita
187 3311 263 3356 cum
278 3288 473 3373 Anaxagora
495 3290 707 3373 componitur,
729 3297 764 3354 nt
779 3289 902 3373 pariter
923 3295 1019 3370 atque
1043 3285 1093 3352 hic
1114 3287 1219 3369 ipsam

101 3397 358 3485 gener-ationem
386 3398 501 3465 tollere
533 3405 565 3464 et
595 3419 659 3465 non
690 3399 752 3465 nisi
781 3417 886 3464 rernm
917 3397 1088 3462 nrixtamm
1115 3415 1218 3460 secre-

103 3510 237 3576 tionem
254 3513 394 3574 statuere
416 3507 549 3572 dieatur.
594 3507 660 3574 Sed
681 3507 743 3573 hoc
764 3508 834 3572 loeo
849 3504 1081 3572 Anaximandri
1101 3524 1218 3569 nomen

105 3619 182 3684 sine
204 3614 306 3682 dubio
330 3615 453 3682 librarii
476 3616 642 3682 cuiusdam
672 3619 739 3682 sive
768 3617 896 3682 inscitia
923 3618 990 3681 sive
1012 3614 1219 3698 neglegentia

106 3728 279 3792 invectum
301 3731 366 3806 est;
388 3725 421 3791 id
444 3724 529 3807 quod
552 3727 582 3791 in
599 3725 807 3791 adnotatione
823 3725 966 3791 subiecta
987 3723 1218 3808 probabitur2).
1317 3818 1322 3823 ι

218 3993 245 4062 1)
265 3993 306 4048 Gi.
328 3993 423 4049 adnot.
441 4012 482 4063 sq.

216 4091 245 4158 2)
261 4089 357 4160 Simpl.
387 4091 470 4159 Phys.
494 4092 575 4158 dl,b
603 4109 631 4160 p.
656 4091 706 4145 101.
731 4091 772 4159 (10
801 4091 919 4146 Aristot.
953 4091 1036 4159 Phys.
1064 4091 1086 4153 1,
1104 4093 1129 4144 8.
1153 4092 1219 4143 1910

108 4191 145 4244 23
167 4205 220 4256 sq„
252 4185 301 4240 nbi
332 4188 523 4257 antiquiorum
550 4187 781 4258 philosophorum
809 4188 896 4256 aliqui
925 4205 983 4242 esse
1001 4187 1143 4256 dicuntur,
1171 4186 1219 4254 qui

108 4284 327 4356 generationem
346 4284 473 4354 locanes
499 4279 547 4353 „ori
566 4289 628 4354 περὶ
653 4279 765 4340 πάντων
786 4284 851 4354 (τῶν
869 4281 935 4338 κατὰ
955 4287 1127 4356 φιλοσοφίαν
1144 4278 1219 4353 πρώ-
