2862 4910
615 351 667 408 387

75 544 192 588 rerum
216 523 458 590 multitudinem
487 531 667 607 generaret,
696 503 885 608 in'ipsius
905 531 1075 592 ‘aeterna
1104 543 1193 609 qua·

76 633 173 698 dam
199 633 649 716 generandiadpetione
673 634 843 718 positam
867 653 948 700 esse.
989 633 1192 700 Oumautem

75 743 209 808 iniuria
230 764 295 810 non
316 743 349 808 in
362 743 524 827 principio
546 743 653 808 solum
676 743 735 809 sed
757 745 856 809 etiam
872 744 905 808 in
916 743 1014 810 rebus
1029 746 1192 828 generatis

77 871 155 918 esse
191 851 327 934 dicatur,
360 852 604 918 Anaximander
635 852 798 936 putandus
829 852 891 919 erit
921 854 952 919 in
983 853 1034 935 his
1066 873 1192 936 quoque

77 961 295 1043 adpetionem
320 959 482 1043 quandam
515 960 686 1044 posuisse,
707 981 788 1042 eam,
821 962 944 1044 opinor,
972 961 1059 1043 quod
1083 981 1193 1028 eorum

77 1089 236 1152 quaeque
258 1089 325 1154 per
347 1090 389 1136 se
411 1090 454 1135 ae
475 1072 532 1136 sui
554 1071 650 1135 iuris
674 1089 765 1135 esse
788 1069 1009 1152 studeret1).

191 1355 218 1420 1)
236 1355 299 1409 Non
324 1355 445 1410 innutile
463 1355 584 1416 videtur,
612 1373 675 1410 cum
701 1356 840 1410 sententia
872 1355 1001 1424 exposita
1029 1373 1193 1424 comparare

79 1452 269 1521 Empedoclis
288 1451 453 1516 doctrinam,
474 1452 510 1506 ad
532 1471 616 1521 quam
639 1453 850 1521 concipiendam
867 1470 923 1505 non
938 1453 1132 1507 veridissimile
1151 1459 1193 1508 est

79 1548 294 1603 Anaximandri
324 1549 480 1603 doctrinam
512 1550 688 1618 aliquantum
718 1550 847 1603 valuisse.
897 1549 969 1603 Nam
988 1551 1192 1604 Anaximandri

80 1651 110 1699 et
129 1649 225 1700 vitam
244 1650 271 1699 et
299 1645 456 1700 doctrinam
476 1645 641 1714 Empedocli
669 1650 766 1699 notam
791 1651 819 1698 et
841 1663 899 1699 non
923 1663 1011 1714 parva
1036 1647 1111 1715 apud
1130 1665 1193 1700 eum

80 1742 261 1798 auctoritate
280 1741 374 1810 fuisse,
391 1741 579 1811 colligendum
597 1747 640 1795 est
658 1759 673 1796 e
691 1741 725 1795 D.
745 1741 860 1796 Laertio
878 1743 963 1811 (vfll,
976 1745 1031 1810 70),
1049 1760 1104 1810 quo
1122 1747 1194 1800 teste

80 1840 231 1894 Diodorus
259 1839 373 1907 quidam
392 1839 539 1908 Ephesius,
569 1839 635 1892 alias
653 1839 775 1908 ignotus,
804 1840 964 1908 rettulerat,
991 1840 1191 1909 Empedoclem
1227 1827 1228 1832 ¹

81 1936 241 2006 magnifico
259 1936 358 1989 habitu
378 1937 552 2006 tragicorum
576 1935 660 1988 simili
684 1935 845 1989 excelluisse
870 1936 906 1988 in
929 1937 1062 2005 hacque
1084 1955 1126 2007 re,
1142 1956 1190 1992 ae·

82 2035 217 2087 mulum
237 2033 347 2086 fuisse
366 2033 622 2098 Anaximandri.
659 2032 704 2086 Ex
723 2033 820 2086 eadem
839 2038 933 2086 autem
951 2051 982 2088 re
996 2035 1109 2088 videtur
1128 2052 1191 2088 con·

82 2129 260 2183 eludendum
273 2147 339 2194 esse,
359 2128 556 2197 Empedoclem
575 2129 661 2181 simili
680 2128 739 2183 fere
749 2133 834 2197 atque
853 2129 933 2182 illum
952 2130 1037 2184 fuisse
1050 2131 1188 2184 sentiendi

82 2244 117 2280 ac
137 2225 284 2295 cogitandi
298 2225 415 2279 ratione.
453 2225 579 2293 Namque
598 2225 676 2279 illam
696 2225 843 2278 exterioris
863 2226 937 2280 vitae
948 2217 1187 2296 magnificentiam

82 2329 113 2378 et
132 2323 307 2393 gravitatem
330 2323 360 2375 in
382 2322 458 2376 hisce
482 2322 549 2374 viris
574 2339 630 2374 non
649 2340 666 2375 a
684 2340 757 2376 vana
777 2321 897 2390 quadam
916 2324 1105 2378 ostentatione
1123 2342 1189 2393 pro·

83 2413 191 2475 factam
210 2437 276 2486 esse,
296 2411 446 2488 propterea
466 2418 634 2473 credendum
646 2423 696 2487 est,
716 2418 783 2487 quia
801 2419 831 2472 id
848 2420 960 2472 omnino
971 2427 1111 2490 pugnaret
1129 2439 1192 2475 eum

84 2518 146 2572 alto
176 2533 273 2570 eorum
292 2515 406 2585 ingenio
436 2519 546 2569 etcum
572 2534 604 2570 ea
625 2517 772 2584 sententia,
801 2534 885 2585 quam
913 2517 948 2570 de
975 2517 1079 2571 caduca
1098 2533 1192 2570 rerum

83 2621 191 2668 natura
209 2613 359 2679 habebant,
379 2617 408 2666 et
426 2613 635 2681 qumpedocle
656 2613 741 2668 etiam
754 2631 817 2666 cum
838 2631 870 2668 ea
888 2631 927 2682 re,
948 2615 1024 2682 quod
1037 2615 1193 2671 Aristotele

84 2717 159 2765 teste
189 2709 342 2780 (Problem.
362 2713 406 2762 30.
426 2711 557 2778 953226)
591 2727 688 2765 severa
717 2711 838 2778 quadam
862 2712 948 2765 animi
977 2712 1095 2766 tristitia
1123 2715 1192 2779 erat,

85 2808 229 2876 quodque,
247 2811 280 2860 ut
298 2806 332 2860 D.
351 2806 480 2860 Laertius
500 2806 587 2875 (VIII,
607 2807 769 2876 detraxere,
792 2808 966 2876 principatus
990 2808 1108 2862 honores
1138 2809 1191 2878 ipsi

85 2904 200 2958 oblatos
219 2903 335 2972 respuit.
373 2903 494 2956 Maxime
521 2909 613 2956 autem
639 2903 775 2971 quaedam
798 2903 911 2956 habitus
936 2903 1145 2974 magnificentia
1164 2909 1193 2958 et

85 3001 208 3055 vestitus
229 2999 354 3069 grauitas
374 3000 521 3054 convenire
540 3000 652 3054 videtur
676 2999 719 3067 iis,
744 3016 864 3068 quorum
888 3000 1032 3070 ingenium
1056 3001 1189 3068 quiddam

86 3097 244 3152 sacerdotis
264 3114 296 3150 ac
314 3096 388 3150 vatis
408 3096 498 3150 simile
515 3095 633 3163 habeat3
653 3095 738 3164 idque
757 3094 792 3148 ad
812 3112 859 3149 eos
877 3096 1010 3164 pertinet,
1036 3097 1084 3164 qui
1103 3097 1137 3150 de
1156 3097 1192 3151 iis,

86 3195 182 3260 rebus,
210 3211 281 3262 quae
301 3193 422 3246 maxime
450 3192 478 3246 in
499 3192 643 3262 religionis
667 3191 846 3260 opinionibus
871 3196 1025 3256 versantur,
1056 3193 1132 3246 velut
1155 3194 1189 3248 de

86 3289 248 3343 animorum
268 3289 377 3359 origine
395 3291 423 3342 et
443 3289 516 3352 fatis,
545 3289 599 3342 sibi
621 3288 946 3348 videanturveritatem
964 3291 1126 3360 cognovisse
1145 3291 1192 3344 ab·

87 3385 231 3440 ditiorem.
269 3385 346 3438 Hanc
368 3385 481 3439 rem-in
504 3384 703 3453 Empedoclem
730 3384 836 3451 cadere,
867 3389 964 3438 notum
993 3389 1046 3454 est3
1076 3403 1143 3440 num
1162 3386 1192 3438 in

88 3482 333 3536 Anaximandrum
352 3498 463 3550 quoque
484 3481 573 3549 cadat,
593 3481 729 3536 incertum
751 3480 864 3548 quidem
883 3485 933 3548 est,
953 3481 1001 3536 sed
1019 3499 1070 3536 nec
1087 3482 1191 3536 dissen-

87 3580 126 3634 tit
145 3578 259 3633 abelus
282 3578 412 3634 doctrina
431 3582 514 3634 antea
539 3578 683 3646 proposita
712 3582 740 3631 et
764 3582 881 3646 propter
899 3578 1076 3646 Empedoclis
1095 3579 1193 3633 simili·

88 3677 219 3730 tudinem
236 3693 292 3728 non
312 3675 372 3730 sine
390 3675 485 3744 aliqua
504 3677 579 3728 certe
598 3692 693 3729 caussa
706 3674 794 3728 conici
814 3675 911 3743 possit.
938 3675 997 3728 lam
1008 3674 1192 3742 Empedocles

89 3772 266 3844 singularum
284 3789 379 3826 rerum
398 3777 491 3851 ortum
511 3762 575 3825 inde
594 3771 706 3840 repetit,
727 3771 802 3839 quod
822 3788 947 3825 crescens
967 3771 1130 3826 Discordiae
1149 3773 1191 3826 vis

89 3871 119 3924 in
139 3869 264 3939 Sphaero
289 3868 385 3922 divino
409 3869 611 3923 elementorum
631 3868 881 3922 discretionem
901 3885 939 3922 aa
962 3867 1087 3938 fugam,
1115 3870 1192 3923 Ami·

90 3967 159 4021 citia
179 3970 273 4019 autern
291 3965 476 4019 discretorum
496 3965 776 4020 coniunctionem
796 3970 828 4018 et
841 3964 1046 4018 mixtionem
1059 3963 1191 4020 effecerit.

90 4063 169 4117 Haeo
187 4061 365 4130 Empedoclis
393 4062 531 4116 sententia
558 4062 592 4116 de
620 4061 794 4130 singularum
819 4078 913 4115 rerum
942 4060 1051 4130 origine
1080 4079 1110 4114 re
1136 4078 1191 4114 non

90 4160 213 4213 multum
232 4157 328 4212 differt
348 4158 383 4212 ab
404 4158 606 4212 Anaximandri
625 4157 774 4225 sententia,
794 4157 817 4210 si
837 4157 911 4212 hunc
921 4157 1054 4212 sumimus
1072 4157 1100 4210 in
1114 4158 1191 4226 prin·
1215 4163 1217 4168 '

90 4256 165 4326 cipio
185 4255 324 4324 quandam
353 4255 505 4324 generandi
533 4254 736 4323 adpetitionem
759 4255 906 4323 pessumae,
939 4272 994 4323 qua
1012 4258 1145 4310 movente
1163 4253 1191 4308 id

992 4351 1027 4404 22
