<?xml version="1.0" encoding="UTF-8"?>
<!DOCTYPE html PUBLIC "-//W3C//DTD XHTML 1.0 Transitional//EN"
    "http://www.w3.org/TR/xhtml1/DTD/xhtml1-transitional.dtd">
<html xmlns="http://www.w3.org/1999/xhtml" xml:lang="en" lang="en">
 <head>
  <title>
</title>
<meta http-equiv="Content-Type" content="text/html;charset=utf-8" />
  <meta name='ocr-system' content='tesseract 3.04.00' />
  <meta name='ocr-capabilities' content='ocr_page ocr_carea ocr_par ocr_line ocrx_word'/>
</head>
<body>
  <div class='ocr_page' id='page_1' title='image "./anaximandermile00neuhgoog/anaximandermile00neuhgoog_0326.png"; bbox 0 0 2862 4910; ppageno 0'>
   <div class='ocr_carea' id='block_1_1' title="bbox 622 392 673 446">
    <p class='ocr_par' dir='ltr' id='par_1_1' title="bbox 622 392 673 446">
     <span class='ocr_line' id='line_1_1' title="bbox 622 392 673 446; baseline -0.02 0"><span class='ocrx_word' id='word_1_1' title='bbox 622 392 673 446; x_wconf 82' lang='grc'><strong>801</strong></span> 
     </span>
    </p>
   </div>
   <div class='ocr_carea' id='block_1_2' title="bbox 81 564 1199 1747">
    <p class='ocr_par' dir='ltr' id='par_1_2' title="bbox 81 564 1199 1747">
     <span class='ocr_line' id='line_1_2' title="bbox 192 564 1197 652; baseline 0.008 -22"><span class='ocrx_word' id='word_1_2' title='bbox 192 565 362 632; x_wconf 88' lang='lat' dir='ltr'><strong>Postremo</strong></span> <span class='ocrx_word' id='word_1_3' title='bbox 385 585 458 631; x_wconf 89' lang='lat' dir='ltr'><strong>cum</strong></span> <span class='ocrx_word' id='word_1_4' title='bbox 481 564 669 650; x_wconf 85' lang='lat' dir='ltr'><strong>viderimus,</strong></span> <span class='ocrx_word' id='word_1_5' title='bbox 693 565 887 634; x_wconf 76' lang='lat' dir='ltr'><strong>sententiam</strong></span> <span class='ocrx_word' id='word_1_6' title='bbox 911 567 999 634; x_wconf 88' lang='lat' dir='ltr'><strong>illam</strong></span> <span class='ocrx_word' id='word_1_7' title='bbox 1024 571 1197 652; x_wconf 85' lang='lat' dir='ltr'><strong>antiquam,</strong></span> 
     </span>
     <span class='ocr_line' id='line_1_3' title="bbox 82 673 1198 762; baseline 0.007 -24"><span class='ocrx_word' id='word_1_8' title='bbox 82 693 175 754; x_wconf 86' lang='lat' dir='ltr'><strong>quae</strong></span> <span class='ocrx_word' id='word_1_9' title='bbox 188 673 442 740; x_wconf 78' lang='lat' dir='ltr'>Atheniensibus</span> <span class='ocrx_word' id='word_1_10' title='bbox 460 675 572 758; x_wconf 89' lang='lat' dir='ltr'><strong>patria</strong></span> <span class='ocrx_word' id='word_1_11' title='bbox 588 673 760 755; x_wconf 79' lang='lat' dir='ltr'><strong>diceretur,</strong></span> <span class='ocrx_word' id='word_1_12' title='bbox 784 678 838 741; x_wconf 85' lang='lat' dir='ltr'><strong>vix</strong></span> <span class='ocrx_word' id='word_1_13' title='bbox 862 677 1006 760; x_wconf 86' lang='lat' dir='ltr'><strong>intellegi</strong></span> <span class='ocrx_word' id='word_1_14' title='bbox 1022 697 1119 762; x_wconf 89' lang='lat' dir='ltr'><strong>posse</strong></span> <span class='ocrx_word' id='word_1_15' title='bbox 1133 683 1198 748; x_wconf 91' lang='lat' dir='ltr'><strong>nisi</strong></span> 
     </span>
     <span class='ocr_line' id='line_1_4' title="bbox 82 783 1199 873; baseline 0.008 -26"><span class='ocrx_word' id='word_1_16' title='bbox 82 785 287 852; x_wconf 84' lang='lat' dir='ltr'><strong>sententiam</strong></span> <span class='ocrx_word' id='word_1_17' title='bbox 311 784 343 848; x_wconf 93' lang='lat' dir='ltr'><strong>in</strong></span> <span class='ocrx_word' id='word_1_18' title='bbox 368 785 476 868; x_wconf 89' lang='lat' dir='ltr'><strong>patria</strong></span> <span class='ocrx_word' id='word_1_19' title='bbox 498 783 654 868; x_wconf 83' lang='lat' dir='ltr'><strong>religione</strong></span> <span class='ocrx_word' id='word_1_20' title='bbox 669 792 862 868; x_wconf 86' lang='lat' dir='ltr'><strong>versantem,</strong></span> <span class='ocrx_word' id='word_1_21' title='bbox 886 793 921 852; x_wconf 92' lang='lat' dir='ltr'><strong>ut</strong></span> <span class='ocrx_word' id='word_1_22' title='bbox 943 789 1004 854; x_wconf 90' lang='lat' dir='ltr'><strong>loci</strong></span> <span class='ocrx_word' id='word_1_23' title='bbox 1026 790 1199 873; x_wconf 83' lang='lat' dir='ltr'><strong>explicatio</strong></span> 
     </span>
     <span class='ocr_line' id='line_1_5' title="bbox 83 893 1198 984; baseline 0.007 -26"><span class='ocrx_word' id='word_1_24' title='bbox 83 893 291 972; x_wconf 87' lang='lat' dir='ltr'><strong>absolvatur,</strong></span> <span class='ocrx_word' id='word_1_25' title='bbox 314 895 458 960; x_wconf 89' lang='lat' dir='ltr'><strong>breviter</strong></span> <span class='ocrx_word' id='word_1_26' title='bbox 479 895 698 976; x_wconf 90' lang='lat' dir='ltr'><strong>quaerendum</strong></span> <span class='ocrx_word' id='word_1_27' title='bbox 721 902 779 978; x_wconf 92' lang='lat' dir='ltr'><strong>est,</strong></span> <span class='ocrx_word' id='word_1_28' title='bbox 812 896 855 962; x_wconf 93' lang='lat' dir='ltr'><strong>ad</strong></span> <span class='ocrx_word' id='word_1_29' title='bbox 882 898 1044 980; x_wconf 89' lang='lat' dir='ltr'><strong>quodnam</strong></span> <span class='ocrx_word' id='word_1_30' title='bbox 1072 903 1198 984; x_wconf 87' lang='lat' dir='ltr'><strong>patriae</strong></span> 
     </span>
     <span class='ocr_line' id='line_1_6' title="bbox 81 1003 1196 1093; baseline 0.009 -27"><span class='ocrx_word' id='word_1_31' title='bbox 81 1005 261 1086; x_wconf 82' lang='lat' dir='ltr'><strong>religionis</strong></span> <span class='ocrx_word' id='word_1_32' title='bbox 282 1025 401 1071; x_wconf 90' lang='lat' dir='ltr'><strong>numen</strong></span> <span class='ocrx_word' id='word_1_33' title='bbox 424 1003 567 1070; x_wconf 87' lang='lat' dir='ltr'><strong>divinum</strong></span> <span class='ocrx_word' id='word_1_34' title='bbox 589 1007 644 1070; x_wconf 89' lang='lat' dir='ltr'><strong>illa</strong></span> <span class='ocrx_word' id='word_1_35' title='bbox 669 1007 831 1072; x_wconf 90' lang='lat' dir='ltr'><strong>sententia</strong></span> <span class='ocrx_word' id='word_1_36' title='bbox 853 1007 1001 1074; x_wconf 88' lang='lat' dir='ltr'><strong>videatur</strong></span> <span class='ocrx_word' id='word_1_37' title='bbox 1026 1010 1196 1093; x_wconf 90' lang='lat' dir='ltr'><strong>pertinere.</strong></span> 
     </span>
     <span class='ocr_line' id='line_1_7' title="bbox 81 1113 1198 1199; baseline 0.009 -23"><span class='ocrx_word' id='word_1_38' title='bbox 81 1113 123 1178; x_wconf 93' lang='lat' dir='ltr'><strong>In</strong></span> <span class='ocrx_word' id='word_1_39' title='bbox 148 1133 218 1196; x_wconf 91' lang='lat' dir='ltr'><strong>qua</strong></span> <span class='ocrx_word' id='word_1_40' title='bbox 241 1117 430 1197; x_wconf 87' lang='lat' dir='ltr'><strong>quaestione</strong></span> <span class='ocrx_word' id='word_1_41' title='bbox 454 1114 604 1198; x_wconf 84' lang='lat' dir='ltr'><strong>equidem</strong></span> <span class='ocrx_word' id='word_1_42' title='bbox 627 1137 689 1182; x_wconf 91' lang='lat' dir='ltr'><strong>non</strong></span> <span class='ocrx_word' id='word_1_43' title='bbox 712 1115 836 1198; x_wconf 91' lang='lat' dir='ltr'><strong>dubito,</strong></span> <span class='ocrx_word' id='word_1_44' title='bbox 859 1119 936 1199; x_wconf 90' lang='lat' dir='ltr'><strong>quin</strong></span> <span class='ocrx_word' id='word_1_45' title='bbox 959 1117 1015 1184; x_wconf 95' lang='lat' dir='ltr'><strong>illa</strong></span> <span class='ocrx_word' id='word_1_46' title='bbox 1037 1122 1198 1186; x_wconf 89' lang='lat' dir='ltr'><strong>sententia</strong></span> 
     </span>
     <span class='ocr_line' id='line_1_8' title="bbox 81 1221 1198 1309; baseline 0.008 -22"><span class='ocrx_word' id='word_1_47' title='bbox 81 1221 128 1288; x_wconf 86' lang='lat' dir='ltr'><strong>ad</strong></span> <span class='ocrx_word' id='word_1_48' title='bbox 153 1243 195 1289; x_wconf 90' lang='lat' dir='ltr'><strong>ea</strong></span> <span class='ocrx_word' id='word_1_49' title='bbox 216 1224 386 1308; x_wconf 89' lang='lat' dir='ltr'><strong>pertineat,</strong></span> <span class='ocrx_word' id='word_1_50' title='bbox 418 1244 502 1306; x_wconf 87' lang='lat' dir='ltr'><strong>quae</strong></span> <span class='ocrx_word' id='word_1_51' title='bbox 529 1226 563 1291; x_wconf 92' lang='lat' dir='ltr'><strong>iu</strong></span> <span class='ocrx_word' id='word_1_52' title='bbox 585 1227 694 1309; x_wconf 88' lang='lat' dir='ltr'><strong>patria</strong></span> <span class='ocrx_word' id='word_1_53' title='bbox 716 1226 874 1309; x_wconf 85' lang='lat' dir='ltr'><strong>religione</strong></span> <span class='ocrx_word' id='word_1_54' title='bbox 897 1227 939 1292; x_wconf 90' lang='lat' dir='ltr'><strong>de</strong></span> <span class='ocrx_word' id='word_1_55' title='bbox 960 1227 1014 1296; x_wconf 92' lang='lat' dir='ltr'><strong>dei</strong></span> <span class='ocrx_word' id='word_1_56' title='bbox 1040 1228 1124 1295; x_wconf 81' lang='lat' dir='ltr'><strong>Solis</strong></span> <span class='ocrx_word' id='word_1_57' title='bbox 1145 1232 1198 1297; x_wconf 86' lang='lat' dir='ltr'><strong>vel</strong></span> 
     </span>
     <span class='ocr_line' id='line_1_9' title="bbox 82 1333 1196 1418; baseline 0.007 -22"><span class='ocrx_word' id='word_1_58' title='bbox 82 1333 198 1414; x_wconf 91' lang='lat' dir='ltr'><strong>potius</strong></span> <span class='ocrx_word' id='word_1_59' title='bbox 223 1333 392 1416; x_wconf 83' lang='lat' dir='ltr'><strong>Apollinis,</strong></span> <span class='ocrx_word' id='word_1_60' title='bbox 415 1335 469 1416; x_wconf 92' lang='lat' dir='ltr'><strong>qui</strong></span> <span class='ocrx_word' id='word_1_61' title='bbox 492 1335 597 1418; x_wconf 87' lang='lat' dir='ltr'><strong>prima</strong></span> <span class='ocrx_word' id='word_1_62' title='bbox 618 1354 678 1400; x_wconf 92' lang='lat' dir='ltr'><strong>sua</strong></span> <span class='ocrx_word' id='word_1_63' title='bbox 696 1334 826 1400; x_wconf 91' lang='lat' dir='ltr'><strong>notione</strong></span> <span class='ocrx_word' id='word_1_64' title='bbox 849 1335 1110 1404; x_wconf 86' lang='lat' dir='ltr'><strong>aSolisnumine</strong></span> <span class='ocrx_word' id='word_1_65' title='bbox 1132 1359 1196 1404; x_wconf 93' lang='lat' dir='ltr'><strong>nou</strong></span> 
     </span>
     <span class='ocr_line' id='line_1_10' title="bbox 82 1441 1196 1521; baseline 0.007 -16"><span class='ocrx_word' id='word_1_66' title='bbox 82 1441 240 1508; x_wconf 89' lang='lat' dir='ltr'><strong>diversus</strong></span> <span class='ocrx_word' id='word_1_67' title='bbox 263 1448 320 1521; x_wconf 90' lang='lat' dir='ltr'><strong>est,</strong></span> <span class='ocrx_word' id='word_1_68' title='bbox 343 1445 436 1508; x_wconf 89' lang='lat' dir='ltr'><strong>viae</strong></span> <span class='ocrx_word' id='word_1_69' title='bbox 458 1450 574 1509; x_wconf 88' lang='lat' dir='ltr'><strong>natura</strong></span> <span class='ocrx_word' id='word_1_70' title='bbox 595 1443 815 1511; x_wconf 83' lang='lat' dir='ltr'><strong>tradebantur.</strong></span> <span class='ocrx_word' id='word_1_71' title='bbox 860 1445 953 1512; x_wconf 82' lang='lat' dir='ltr'><strong>lluuc</strong></span> <span class='ocrx_word' id='word_1_72' title='bbox 975 1445 1062 1512; x_wconf 91' lang='lat' dir='ltr'><strong>enim</strong></span> <span class='ocrx_word' id='word_1_73' title='bbox 1077 1448 1196 1514; x_wconf 89' lang='lat' dir='ltr'><strong>scimus</strong></span> 
     </span>
     <span class='ocr_line' id='line_1_11' title="bbox 82 1549 1195 1638; baseline 0.008 -24"><span class='ocrx_word' id='word_1_74' title='bbox 82 1551 127 1615; x_wconf 87' lang='lat' dir='ltr'><strong>ab</strong></span> <span class='ocrx_word' id='word_1_75' title='bbox 153 1549 412 1618; x_wconf 86' lang='lat' dir='ltr'><strong>Atheniensibus</strong></span> <span class='ocrx_word' id='word_1_76' title='bbox 434 1554 573 1636; x_wconf 90' lang='lat' dir='ltr'><strong>patrium</strong></span> <span class='ocrx_word' id='word_1_77' title='bbox 591 1553 773 1638; x_wconf 71' lang='lat' dir='ltr'><strong>(necopino)</strong></span> <span class='ocrx_word' id='word_1_78' title='bbox 796 1559 833 1618; x_wconf 92' lang='lat' dir='ltr'><strong>et</strong></span> <span class='ocrx_word' id='word_1_79' title='bbox 855 1554 983 1638; x_wconf 89' lang='lat' dir='ltr'><strong>ipsius</strong></span> <span class='ocrx_word' id='word_1_80' title='bbox 1007 1557 1115 1622; x_wconf 89' lang='lat' dir='ltr'><strong>urbis</strong></span> <span class='ocrx_word' id='word_1_81' title='bbox 1138 1578 1195 1622; x_wconf 92' lang='lat' dir='ltr'><strong>cu-</strong></span> 
     </span>
     <span class='ocr_line' id='line_1_12' title="bbox 83 1661 1193 1747; baseline 0.006 -22"><span class='ocrx_word' id='word_1_82' title='bbox 83 1661 248 1727; x_wconf 90' lang='lat' dir='ltr'><strong>stodem</strong></span> <span class='ocrx_word' id='word_1_83' title='bbox 270 1661 415 1728; x_wconf 89' lang='lat' dir='ltr'><strong>habitum</strong></span> <span class='ocrx_word' id='word_1_84' title='bbox 438 1666 555 1741; x_wconf 79' lang='lat' dir='ltr'><strong>esse1).</strong></span> <span class='ocrx_word' id='word_1_85' title='bbox 598 1663 633 1728; x_wconf 86' lang='lat' dir='ltr'><strong>Si</strong></span> <span class='ocrx_word' id='word_1_86' title='bbox 661 1663 734 1747; x_wconf 92' lang='lat' dir='ltr'><strong>quis</strong></span> <span class='ocrx_word' id='word_1_87' title='bbox 764 1668 872 1729; x_wconf 87' lang='lat' dir='ltr'><strong>autern</strong></span> <span class='ocrx_word' id='word_1_88' title='bbox 894 1666 1059 1744; x_wconf 91' lang='lat' dir='ltr'><strong>obiecerit,</strong></span> <span class='ocrx_word' id='word_1_89' title='bbox 1083 1666 1116 1730; x_wconf 94' lang='lat' dir='ltr'><strong>in</strong></span> <span class='ocrx_word' id='word_1_90' title='bbox 1139 1687 1193 1732; x_wconf 88' lang='lat' dir='ltr'><strong>an·</strong></span> 
     </span>
    </p>
   </div>
   <div class='ocr_carea' id='block_1_3' title="bbox 82 1957 1194 4356">
    <p class='ocr_par' dir='ltr' id='par_1_3' title="bbox 82 1957 1194 4356">
     <span class='ocr_line' id='line_1_13' title="bbox 83 1957 1194 2033; baseline 0.004 -21"><span class='ocrx_word' id='word_1_91' title='bbox 83 1960 137 2029; x_wconf 88' lang='lat'><strong>111,</strong></span> <span class='ocrx_word' id='word_1_92' title='bbox 161 1961 187 2013; x_wconf 83' lang='lat'><strong>4.</strong></span> <span class='ocrx_word' id='word_1_93' title='bbox 206 1960 331 2014; x_wconf 74' lang='lat'>2031210</span> <span class='ocrx_word' id='word_1_94' title='bbox 349 1979 519 2030; x_wconf 86' lang='lat' dir='ltr'><strong>provocans;</strong></span> <span class='ocrx_word' id='word_1_95' title='bbox 544 1967 573 2017; x_wconf 88' lang='lat' dir='ltr'><strong>et</strong></span> <span class='ocrx_word' id='word_1_96' title='bbox 596 1963 683 2018; x_wconf 83' lang='lat' dir='ltr'><strong>verba</strong></span> <span class='ocrx_word' id='word_1_97' title='bbox 709 1963 766 2015; x_wconf 73' lang='lat' dir='ltr'><strong>‘aaz</strong></span> <span class='ocrx_word' id='word_1_98' title='bbox 791 1957 855 2029; x_wconf 77' lang='grc' dir='ltr'><strong>αὕτη</strong></span> <span class='ocrx_word' id='word_1_99' title='bbox 878 1960 894 2029; x_wconf 80' lang='grc' dir='ltr'><em>ἡ</em></span> <span class='ocrx_word' id='word_1_100' title='bbox 921 1966 1088 2033; x_wconf 79' lang='grc' dir='ltr'><strong><em>κυκλοφορία</em></strong></span> <span class='ocrx_word' id='word_1_101' title='bbox 1114 1963 1194 2033; x_wconf 78' lang='lat' dir='ltr'><strong>reri.’,</strong></span> 
     </span>
     <span class='ocr_line' id='line_1_14' title="bbox 83 2058 1192 2130; baseline 0.005 -20"><span class='ocrx_word' id='word_1_102' title='bbox 83 2058 219 2128; x_wconf 82' lang='lat' dir='ltr'><strong>neglecta</strong></span> <span class='ocrx_word' id='word_1_103' title='bbox 234 2059 288 2112; x_wconf 89' lang='lat' dir='ltr'><strong>loci</strong></span> <span class='ocrx_word' id='word_1_104' title='bbox 307 2060 416 2113; x_wconf 89' lang='lat' dir='ltr'><strong>ratione</strong></span> <span class='ocrx_word' id='word_1_105' title='bbox 435 2061 628 2130; x_wconf 83' lang='lat' dir='ltr'><strong>grammatica,</strong></span> <span class='ocrx_word' id='word_1_106' title='bbox 655 2060 691 2114; x_wconf 92' lang='lat' dir='ltr'><strong>ad</strong></span> <span class='ocrx_word' id='word_1_107' title='bbox 720 2061 809 2128; x_wconf 88' lang='lat' dir='ltr'><strong>ipsam</strong></span> <span class='ocrx_word' id='word_1_108' title='bbox 834 2060 913 2113; x_wconf 84' lang='lat' dir='ltr'><strong>illam</strong></span> <span class='ocrx_word' id='word_1_109' title='bbox 938 2061 1105 2115; x_wconf 81' lang='lat' dir='ltr'><strong>sententiam</strong></span> <span class='ocrx_word' id='word_1_110' title='bbox 1129 2080 1192 2130; x_wconf 89' lang='lat' dir='ltr'><strong>per·</strong></span> 
     </span>
     <span class='ocr_line' id='line_1_15' title="bbox 83 2156 1192 2226; baseline 0.004 -18"><span class='ocrx_word' id='word_1_111' title='bbox 83 2156 181 2209; x_wconf 87' lang='lat' dir='ltr'><strong>tinere</strong></span> <span class='ocrx_word' id='word_1_112' title='bbox 200 2160 294 2210; x_wconf 88' lang='lat' dir='ltr'><strong>censet</strong></span> <span class='ocrx_word' id='word_1_113' title='bbox 312 2156 351 2224; x_wconf 85' lang='lat' dir='ltr'><strong>(p.</strong></span> <span class='ocrx_word' id='word_1_114' title='bbox 371 2158 426 2225; x_wconf 83' lang='lat'><strong>34).</strong></span> <span class='ocrx_word' id='word_1_115' title='bbox 463 2157 558 2211; x_wconf 88' lang='lat' dir='ltr'><strong>Nihilo</strong></span> <span class='ocrx_word' id='word_1_116' title='bbox 578 2162 672 2211; x_wconf 87' lang='lat' dir='ltr'><strong>autem</strong></span> <span class='ocrx_word' id='word_1_117' title='bbox 691 2157 779 2211; x_wconf 86' lang='lat' dir='ltr'><strong>secius</strong></span> <span class='ocrx_word' id='word_1_118' title='bbox 792 2161 885 2226; x_wconf 84' lang='lat' dir='ltr'><strong>negat,</strong></span> <span class='ocrx_word' id='word_1_119' title='bbox 907 2156 943 2211; x_wconf 87' lang='lat' dir='ltr'><strong>ab</strong></span> <span class='ocrx_word' id='word_1_120' title='bbox 954 2157 1108 2212; x_wconf 88' lang='lat' dir='ltr'><strong>Aristotele</strong></span> <span class='ocrx_word' id='word_1_121' title='bbox 1118 2160 1192 2212; x_wconf 88' lang='lat' dir='ltr'><strong>Ana·</strong></span> 
     </span>
     <span class='ocr_line' id='line_1_16' title="bbox 82 2250 1191 2320; baseline 0.003 -15"><span class='ocrx_word' id='word_1_122' title='bbox 82 2252 269 2306; x_wconf 88' lang='lat' dir='ltr'><strong>ximandrum</strong></span> <span class='ocrx_word' id='word_1_123' title='bbox 287 2252 343 2306; x_wconf 91' lang='lat' dir='ltr'><strong>dici</strong></span> <span class='ocrx_word' id='word_1_124' title='bbox 363 2251 472 2306; x_wconf 89' lang='lat' dir='ltr'><strong>infinito</strong></span> <span class='ocrx_word' id='word_1_125' title='bbox 498 2258 604 2307; x_wconf 91' lang='lat' dir='ltr'><strong>motum</strong></span> <span class='ocrx_word' id='word_1_126' title='bbox 625 2253 790 2308; x_wconf 88' lang='lat' dir='ltr'><strong>circularem</strong></span> <span class='ocrx_word' id='word_1_127' title='bbox 809 2252 946 2320; x_wconf 86' lang='lat' dir='ltr'><strong>tribuere,</strong></span> <span class='ocrx_word' id='word_1_128' title='bbox 971 2250 1024 2306; x_wconf 90' lang='lat' dir='ltr'><strong>hac</strong></span> <span class='ocrx_word' id='word_1_129' title='bbox 1049 2258 1130 2307; x_wconf 86' lang='lat' dir='ltr'><strong>utens</strong></span> <span class='ocrx_word' id='word_1_130' title='bbox 1148 2273 1191 2308; x_wconf 85' lang='lat' dir='ltr'><strong>ru·</strong></span> 
     </span>
     <span class='ocr_line' id='line_1_17' title="bbox 84 2349 1193 2421; baseline 0.002 -19"><span class='ocrx_word' id='word_1_131' title='bbox 84 2349 175 2418; x_wconf 85' lang='lat' dir='ltr'><strong>tione,</strong></span> <span class='ocrx_word' id='word_1_132' title='bbox 205 2350 280 2418; x_wconf 88' lang='lat' dir='ltr'><strong>qnod</strong></span> <span class='ocrx_word' id='word_1_133' title='bbox 299 2351 467 2404; x_wconf 88' lang='lat' dir='ltr'><strong>Aristoteles</strong></span> <span class='ocrx_word' id='word_1_134' title='bbox 495 2357 579 2421; x_wconf 82' lang='lat' dir='ltr'><strong>neget</strong></span> <span class='ocrx_word' id='word_1_135' title='bbox 606 2351 790 2405; x_wconf 84' lang='lat' dir='ltr'><strong>infinitum</strong></span> <span class='ocrx_word' id='word_1_136' title='bbox 819 2354 897 2404; x_wconf 87' lang='lat' dir='ltr'><strong>motu</strong></span> <span class='ocrx_word' id='word_1_137' title='bbox 926 2350 1057 2404; x_wconf 87' lang='lat' dir='ltr'><strong>circulari</strong></span> <span class='ocrx_word' id='word_1_138' title='bbox 1085 2352 1193 2406; x_wconf 86' lang='lat' dir='ltr'><strong>moveri</strong></span> 
     </span>
     <span class='ocr_line' id='line_1_18' title="bbox 83 2445 1192 2518; baseline 0.002 -18"><span class='ocrx_word' id='word_1_139' title='bbox 83 2464 170 2515; x_wconf 85' lang='lat' dir='ltr'><strong>posse</strong></span> <span class='ocrx_word' id='word_1_140' title='bbox 188 2447 225 2516; x_wconf 89' lang='lat' dir='ltr'><strong>(p.</strong></span> <span class='ocrx_word' id='word_1_141' title='bbox 247 2448 303 2516; x_wconf 82' lang='grc'>33).</span> <span class='ocrx_word' id='word_1_142' title='bbox 340 2450 380 2501; x_wconf 92' lang='lat' dir='ltr'><strong>At</strong></span> <span class='ocrx_word' id='word_1_143' title='bbox 397 2448 523 2517; x_wconf 85' lang='lat' dir='ltr'><strong>prolecto</strong></span> <span class='ocrx_word' id='word_1_144' title='bbox 543 2465 576 2502; x_wconf 88' lang='lat' dir='ltr'><strong>ea</strong></span> <span class='ocrx_word' id='word_1_145' title='bbox 595 2465 634 2516; x_wconf 89' lang='lat' dir='ltr'><strong>re,</strong></span> <span class='ocrx_word' id='word_1_146' title='bbox 659 2448 734 2517; x_wconf 92' lang='lat' dir='ltr'><strong>quod</strong></span> <span class='ocrx_word' id='word_1_147' title='bbox 753 2445 919 2502; x_wconf 86' lang='lat' dir='ltr'><strong>Aristotcles</strong></span> <span class='ocrx_word' id='word_1_148' title='bbox 938 2446 1080 2502; x_wconf 88' lang='lat' dir='ltr'><strong>infinitum</strong></span> <span class='ocrx_word' id='word_1_149' title='bbox 1107 2453 1192 2518; x_wconf 83' lang='lat' dir='ltr'><strong>negat</strong></span> 
     </span>
     <span class='ocr_line' id='line_1_19' title="bbox 84 2543 1192 2614; baseline 0.001 -18"><span class='ocrx_word' id='word_1_150' title='bbox 84 2549 167 2598; x_wconf 89' lang='lat' dir='ltr'><strong>motu</strong></span> <span class='ocrx_word' id='word_1_151' title='bbox 186 2544 317 2598; x_wconf 88' lang='lat' dir='ltr'><strong>circulari</strong></span> <span class='ocrx_word' id='word_1_152' title='bbox 335 2545 452 2607; x_wconf 88' lang='lat' dir='ltr'><strong>moveri,</strong></span> <span class='ocrx_word' id='word_1_153' title='bbox 482 2563 538 2599; x_wconf 89' lang='lat' dir='ltr'><strong>non</strong></span> <span class='ocrx_word' id='word_1_154' title='bbox 565 2545 741 2614; x_wconf 85' lang='lat' dir='ltr'><strong>prohibetur,</strong></span> <span class='ocrx_word' id='word_1_155' title='bbox 769 2543 917 2612; x_wconf 88' lang='lat' dir='ltr'><strong>quominus</strong></span> <span class='ocrx_word' id='word_1_156' title='bbox 947 2543 1192 2598; x_wconf 80' lang='lat' dir='ltr'><strong>Anaximandrum</strong></span> 
     </span>
     <span class='ocr_line' id='line_1_20' title="bbox 84 2639 1191 2708; baseline 0.002 -16"><span class='ocrx_word' id='word_1_157' title='bbox 84 2639 200 2694; x_wconf 89' lang='lat' dir='ltr'><strong>infinito</strong></span> <span class='ocrx_word' id='word_1_158' title='bbox 218 2640 295 2696; x_wconf 85' lang='lat' dir='ltr'><strong>dicat</strong></span> <span class='ocrx_word' id='word_1_159' title='bbox 313 2642 397 2696; x_wconf 86' lang='lat' dir='ltr'><strong>talem</strong></span> <span class='ocrx_word' id='word_1_160' title='bbox 417 2645 524 2695; x_wconf 89' lang='lat' dir='ltr'><strong>motum</strong></span> <span class='ocrx_word' id='word_1_161' title='bbox 542 2641 674 2695; x_wconf 83' lang='lat' dir='ltr'><strong>tribuere.</strong></span> <span class='ocrx_word' id='word_1_162' title='bbox 712 2639 792 2708; x_wconf 75' lang='lat' dir='ltr'><strong>Quod</strong></span> <span class='ocrx_word' id='word_1_163' title='bbox 811 2645 906 2694; x_wconf 88' lang='lat' dir='ltr'><strong>eutem</strong></span> <span class='ocrx_word' id='word_1_164' title='bbox 924 2641 1091 2696; x_wconf 90' lang='lat' dir='ltr'><strong>Aristoteles</strong></span> <span class='ocrx_word' id='word_1_165' title='bbox 1102 2645 1191 2694; x_wconf 87' lang='lat' dir='ltr'><strong>aeter·</strong></span> 
     </span>
     <span class='ocr_line' id='line_1_21' title="bbox 85 2735 1191 2808; baseline 0.001 -18"><span class='ocrx_word' id='word_1_166' title='bbox 85 2755 155 2792; x_wconf 89' lang='lat' dir='ltr'><strong>uum</strong></span> <span class='ocrx_word' id='word_1_167' title='bbox 169 2738 375 2792; x_wconf 86' lang='lat' dir='ltr'><strong>Anaximandri</strong></span> <span class='ocrx_word' id='word_1_168' title='bbox 392 2742 500 2792; x_wconf 90' lang='lat' dir='ltr'><strong>motum</strong></span> <span class='ocrx_word' id='word_1_169' title='bbox 519 2737 684 2806; x_wconf 89' lang='lat' dir='ltr'><strong>simpliciter</strong></span> <span class='ocrx_word' id='word_1_170' title='bbox 703 2737 779 2790; x_wconf 90' lang='lat' dir='ltr'><strong>dieat</strong></span> <span class='ocrx_word' id='word_1_171' title='bbox 799 2735 909 2802; x_wconf 70' lang='grc' dir='ltr'><em>’ταύτην</em></span> <span class='ocrx_word' id='word_1_172' title='bbox 923 2735 970 2802; x_wconf 83' lang='grc' dir='ltr'><strong>τὴν</strong></span> <span class='ocrx_word' id='word_1_173' title='bbox 983 2738 1191 2808; x_wconf 76' lang='grc' dir='ltr'><strong><em>κυκλοφορίαν’,</em></strong></span> 
     </span>
     <span class='ocr_line' id='line_1_22' title="bbox 84 2832 1191 2904; baseline 0.001 -18"><span class='ocrx_word' id='word_1_174' title='bbox 84 2832 206 2887; x_wconf 86' lang='lat' dir='ltr'><strong>Liitnius</strong></span> <span class='ocrx_word' id='word_1_175' title='bbox 225 2851 258 2887; x_wconf 87' lang='lat' dir='ltr'><strong>co</strong></span> <span class='ocrx_word' id='word_1_176' title='bbox 277 2835 344 2888; x_wconf 87' lang='lat' dir='ltr'><strong>satis</strong></span> <span class='ocrx_word' id='word_1_177' title='bbox 364 2835 499 2903; x_wconf 79' lang='lat' dir='ltr'><strong>explicari</strong></span> <span class='ocrx_word' id='word_1_178' title='bbox 518 2835 660 2903; x_wconf 84' lang='lat' dir='ltr'><strong>opinatur,</strong></span> <span class='ocrx_word' id='word_1_179' title='bbox 681 2833 755 2904; x_wconf 88' lang='lat' dir='ltr'><strong>quod</strong></span> <span class='ocrx_word' id='word_1_180' title='bbox 778 2833 826 2886; x_wconf 90' lang='lat' dir='ltr'><strong>ille</strong></span> <span class='ocrx_word' id='word_1_181' title='bbox 846 2834 1025 2902; x_wconf 89' lang='lat' dir='ltr'><strong>antiquorum</strong></span> <span class='ocrx_word' id='word_1_182' title='bbox 1039 2835 1191 2889; x_wconf 88' lang='lat' dir='ltr'><strong>sententias</strong></span> 
     </span>
     <span class='ocr_line' id='line_1_23' title="bbox 85 2929 1191 2999; baseline -0.001 -15"><span class='ocrx_word' id='word_1_183' title='bbox 85 2933 202 2986; x_wconf 86' lang='lat' dir='ltr'><strong>studeat</strong></span> <span class='ocrx_word' id='word_1_184' title='bbox 221 2931 256 2985; x_wconf 89' lang='lat' dir='ltr'><strong>ad</strong></span> <span class='ocrx_word' id='word_1_185' title='bbox 277 2949 355 2985; x_wconf 90' lang='lat' dir='ltr'><strong>suam</strong></span> <span class='ocrx_word' id='word_1_186' title='bbox 375 2932 533 2986; x_wconf 86' lang='lat' dir='ltr'><strong>doctrinam</strong></span> <span class='ocrx_word' id='word_1_187' title='bbox 551 2931 761 2986; x_wconf 88' lang='lat' dir='ltr'><strong>accommodare</strong></span> <span class='ocrx_word' id='word_1_188' title='bbox 781 2929 819 2999; x_wconf 89' lang='lat' dir='ltr'><strong>(p.</strong></span> <span class='ocrx_word' id='word_1_189' title='bbox 831 2929 887 2999; x_wconf 80' lang='lat'><strong>34).</strong></span> <span class='ocrx_word' id='word_1_190' title='bbox 906 2932 946 2982; x_wconf 90' lang='lat' dir='ltr'><strong>At</strong></span> <span class='ocrx_word' id='word_1_191' title='bbox 959 2930 982 2982; x_wconf 88' lang='lat' dir='ltr'><strong>si</strong></span> <span class='ocrx_word' id='word_1_192' title='bbox 993 2930 1113 2983; x_wconf 89' lang='lat' dir='ltr'><strong>aliorum</strong></span> <span class='ocrx_word' id='word_1_193' title='bbox 1132 2948 1191 2983; x_wconf 92' lang='lat' dir='ltr'><strong>sen·</strong></span> 
     </span>
     <span class='ocr_line' id='line_1_24' title="bbox 84 3025 1191 3095; baseline 0 -15"><span class='ocrx_word' id='word_1_194' title='bbox 84 3029 192 3082; x_wconf 87' lang='lat' dir='ltr'><strong>tentias</strong></span> <span class='ocrx_word' id='word_1_195' title='bbox 213 3028 345 3082; x_wconf 87' lang='lat' dir='ltr'><strong>adanam</strong></span> <span class='ocrx_word' id='word_1_196' title='bbox 370 3028 527 3082; x_wconf 87' lang='lat' dir='ltr'><strong>doctrinam</strong></span> <span class='ocrx_word' id='word_1_197' title='bbox 551 3028 752 3095; x_wconf 87' lang='lat' dir='ltr'><strong>accommodat,</strong></span> <span class='ocrx_word' id='word_1_198' title='bbox 776 3028 806 3079; x_wconf 91' lang='lat' dir='ltr'><strong>in</strong></span> <span class='ocrx_word' id='word_1_199' title='bbox 826 3026 882 3079; x_wconf 93' lang='lat' dir='ltr'><strong>illis</strong></span> <span class='ocrx_word' id='word_1_200' title='bbox 901 3031 975 3080; x_wconf 87' lang='lat' dir='ltr'><strong>certe</strong></span> <span class='ocrx_word' id='word_1_201' title='bbox 1002 3025 1109 3095; x_wconf 89' lang='lat' dir='ltr'><strong>aliquid</strong></span> <span class='ocrx_word' id='word_1_202' title='bbox 1132 3043 1191 3081; x_wconf 92' lang='lat' dir='ltr'><strong>esse</strong></span> 
     </span>
     <span class='ocr_line' id='line_1_25' title="bbox 85 3105 1190 3194; baseline -0.004 -16"><span class='ocrx_word' id='word_1_203' title='bbox 85 3129 210 3194; x_wconf 86' lang='lat' dir='ltr'><strong>oportet,</strong></span> <span class='ocrx_word' id='word_1_204' title='bbox 229 3125 304 3194; x_wconf 91' lang='lat' dir='ltr'><strong>quod</strong></span> <span class='ocrx_word' id='word_1_205' title='bbox 323 3131 371 3180; x_wconf 88' lang='lat' dir='ltr'><strong>ant</strong></span> <span class='ocrx_word' id='word_1_206' title='bbox 389 3125 481 3194; x_wconf 89' lang='lat' dir='ltr'><strong>ipsum</strong></span> <span class='ocrx_word' id='word_1_207' title='bbox 499 3143 549 3194; x_wconf 89' lang='lat' dir='ltr'><strong>per</strong></span> <span class='ocrx_word' id='word_1_208' title='bbox 568 3143 626 3179; x_wconf 90' lang='lat' dir='ltr'><strong>sese</strong></span> <span class='ocrx_word' id='word_1_209' title='bbox 648 3129 696 3178; x_wconf 85' lang='lat' dir='ltr'><strong>aut</strong></span> <span class='ocrx_word' id='word_1_210' title='bbox 714 3105 818 3178; x_wconf 83' lang='lat' dir='ltr'><strong>rectius</strong></span> <span class='ocrx_word' id='word_1_211' title='bbox 838 3124 1009 3192; x_wconf 88' lang='lat' dir='ltr'><strong>explicatum</strong></span> <span class='ocrx_word' id='word_1_212' title='bbox 1028 3139 1090 3176; x_wconf 88' lang='lat' dir='ltr'><strong>cum</strong></span> <span class='ocrx_word' id='word_1_213' title='bbox 1103 3123 1190 3190; x_wconf 88' lang='lat' dir='ltr'><strong>ipsius</strong></span> 
     </span>
     <span class='ocr_line' id='line_1_26' title="bbox 85 3218 1171 3292; baseline 0 -20"><span class='ocrx_word' id='word_1_214' title='bbox 85 3220 217 3276; x_wconf 86' lang='lat' dir='ltr'><strong>doctrina</strong></span> <span class='ocrx_word' id='word_1_215' title='bbox 235 3222 397 3290; x_wconf 81' lang='lat' dir='ltr'><strong>conveniat3</strong></span> <span class='ocrx_word' id='word_1_216' title='bbox 414 3222 467 3277; x_wconf 88' lang='lat' dir='ltr'><strong>hoe</strong></span> <span class='ocrx_word' id='word_1_217' title='bbox 484 3222 573 3292; x_wconf 80' lang='lat' dir='ltr'><strong>igitur</strong></span> <span class='ocrx_word' id='word_1_218' title='bbox 591 3223 620 3274; x_wconf 90' lang='lat' dir='ltr'><strong>in</strong></span> <span class='ocrx_word' id='word_1_219' title='bbox 639 3219 845 3276; x_wconf 83' lang='lat' dir='ltr'><strong>Anaximandri</strong></span> <span class='ocrx_word' id='word_1_220' title='bbox 863 3219 1002 3274; x_wconf 86' lang='lat' dir='ltr'><strong>sententie</strong></span> <span class='ocrx_word' id='word_1_221' title='bbox 1024 3219 1092 3287; x_wconf 89' lang='lat' dir='ltr'><strong>quid</strong></span> <span class='ocrx_word' id='word_1_222' title='bbox 1110 3218 1171 3272; x_wconf 77' lang='lat' dir='ltr'><strong>est?</strong></span> 
     </span>
     <span class='ocr_line' id='line_1_27' title="bbox 190 3315 1190 3388; baseline -0.004 -15"><span class='ocrx_word' id='word_1_223' title='bbox 190 3317 217 3386; x_wconf 85' lang='lat' dir='ltr'><strong>l)</strong></span> <span class='ocrx_word' id='word_1_224' title='bbox 237 3318 403 3387; x_wconf 86' lang='lat' dir='ltr'><strong>Harpocrat.</strong></span> <span class='ocrx_word' id='word_1_225' title='bbox 425 3337 446 3372; x_wconf 89' lang='lat' dir='ltr'><strong>s.</strong></span> <span class='ocrx_word' id='word_1_226' title='bbox 467 3337 492 3372; x_wconf 91' lang='lat' dir='ltr'><strong>v.</strong></span> <span class='ocrx_word' id='word_1_227' title='bbox 504 3315 562 3373; x_wconf 78' lang='grc' dir='ltr'><strong>Άπ.</strong></span> <span class='ocrx_word' id='word_1_228' title='bbox 583 3319 715 3388; x_wconf 79' lang='grc' dir='ltr'><strong><em>πατρῶος.</em></strong></span> <span class='ocrx_word' id='word_1_229' title='bbox 735 3317 790 3371; x_wconf 81' lang='lat' dir='ltr'><strong>cie.</strong></span> <span class='ocrx_word' id='word_1_230' title='bbox 810 3317 919 3372; x_wconf 83' lang='lat' dir='ltr'><strong>NatD.</strong></span> <span class='ocrx_word' id='word_1_231' title='bbox 933 3317 983 3383; x_wconf 88' lang='grc' dir='ltr'><strong>ΙΙΙ,</strong></span> <span class='ocrx_word' id='word_1_232' title='bbox 997 3315 1043 3370; x_wconf 82' lang='lat'><strong>22:</strong></span> <span class='ocrx_word' id='word_1_233' title='bbox 1063 3315 1190 3384; x_wconf 86' lang='lat' dir='ltr'><strong>„Primus</strong></span> 
     </span>
     <span class='ocr_line' id='line_1_28' title="bbox 85 3412 1190 3484; baseline -0.002 -17"><span class='ocrx_word' id='word_1_234' title='bbox 85 3413 249 3482; x_wconf 86' lang='lat' dir='ltr'><strong>(Volcanus)</strong></span> <span class='ocrx_word' id='word_1_235' title='bbox 269 3414 351 3470; x_wconf 84' lang='lat' dir='ltr'><strong>Coelo</strong></span> <span class='ocrx_word' id='word_1_236' title='bbox 370 3420 462 3482; x_wconf 86' lang='lat' dir='ltr'><strong>natus,</strong></span> <span class='ocrx_word' id='word_1_237' title='bbox 490 3433 598 3484; x_wconf 88' lang='lat' dir='ltr'><strong>exque</strong></span> <span class='ocrx_word' id='word_1_238' title='bbox 625 3420 654 3470; x_wconf 87' lang='lat' dir='ltr'><strong>et</strong></span> <span class='ocrx_word' id='word_1_239' title='bbox 672 3415 800 3469; x_wconf 86' lang='lat' dir='ltr'><strong>Minerva</strong></span> <span class='ocrx_word' id='word_1_240' title='bbox 818 3413 983 3483; x_wconf 89' lang='lat' dir='ltr'><strong>Apollinum</strong></span> <span class='ocrx_word' id='word_1_241' title='bbox 1006 3413 1038 3480; x_wconf 91' lang='lat' dir='ltr'><strong>is,</strong></span> <span class='ocrx_word' id='word_1_242' title='bbox 1062 3412 1141 3466; x_wconf 89' lang='lat' dir='ltr'><strong>cuius</strong></span> <span class='ocrx_word' id='word_1_243' title='bbox 1160 3413 1190 3465; x_wconf 90' lang='lat' dir='ltr'><strong>in</strong></span> 
     </span>
     <span class='ocr_line' id='line_1_29' title="bbox 85 3508 1190 3581; baseline -0.003 -17"><span class='ocrx_word' id='word_1_244' title='bbox 85 3513 175 3565; x_wconf 87' lang='lat' dir='ltr'><strong>tutela</strong></span> <span class='ocrx_word' id='word_1_245' title='bbox 201 3510 326 3566; x_wconf 87' lang='lat' dir='ltr'><strong>Athenas</strong></span> <span class='ocrx_word' id='word_1_246' title='bbox 352 3513 462 3581; x_wconf 85' lang='lat' dir='ltr'><strong>antiqui</strong></span> <span class='ocrx_word' id='word_1_247' title='bbox 482 3511 608 3566; x_wconf 88' lang='lat' dir='ltr'><strong>historici</strong></span> <span class='ocrx_word' id='word_1_248' title='bbox 636 3529 693 3565; x_wconf 87' lang='lat' dir='ltr'><strong>esse</strong></span> <span class='ocrx_word' id='word_1_249' title='bbox 711 3510 886 3564; x_wconf 84' lang='lat' dir='ltr'><strong>voluerunt“.</strong></span> <span class='ocrx_word' id='word_1_250' title='bbox 925 3508 994 3563; x_wconf 92' lang='lat' dir='ltr'><strong>lbid.</strong></span> <span class='ocrx_word' id='word_1_251' title='bbox 1014 3510 1061 3562; x_wconf 82' lang='lat'><strong>23:</strong></span> <span class='ocrx_word' id='word_1_252' title='bbox 1087 3510 1190 3577; x_wconf 88' lang='lat' dir='ltr'><strong>,Apol-</strong></span> 
     </span>
     <span class='ocr_line' id='line_1_30' title="bbox 85 3607 1190 3677; baseline -0.001 -17"><span class='ocrx_word' id='word_1_253' title='bbox 85 3608 177 3662; x_wconf 89' lang='lat' dir='ltr'><strong>linum</strong></span> <span class='ocrx_word' id='word_1_254' title='bbox 197 3608 407 3677; x_wconf 88' lang='lat' dir='ltr'><strong>antiquissimus</strong></span> <span class='ocrx_word' id='word_1_255' title='bbox 430 3609 462 3670; x_wconf 89' lang='lat' dir='ltr'><strong>is,</strong></span> <span class='ocrx_word' id='word_1_256' title='bbox 491 3626 573 3676; x_wconf 89' lang='lat' dir='ltr'><strong>quem</strong></span> <span class='ocrx_word' id='word_1_257' title='bbox 599 3609 694 3677; x_wconf 87' lang='lat' dir='ltr'><strong>paullo</strong></span> <span class='ocrx_word' id='word_1_258' title='bbox 720 3612 785 3661; x_wconf 87' lang='lat' dir='ltr'><strong>ante</strong></span> <span class='ocrx_word' id='word_1_259' title='bbox 808 3625 842 3660; x_wconf 85' lang='lat' dir='ltr'><strong>ex</strong></span> <span class='ocrx_word' id='word_1_260' title='bbox 862 3607 986 3661; x_wconf 87' lang='lat' dir='ltr'><strong>Volcano</strong></span> <span class='ocrx_word' id='word_1_261' title='bbox 1009 3611 1106 3660; x_wconf 91' lang='lat' dir='ltr'><strong>natum</strong></span> <span class='ocrx_word' id='word_1_262' title='bbox 1131 3623 1190 3659; x_wconf 87' lang='lat' dir='ltr'><strong>esse</strong></span> 
     </span>
     <span class='ocr_line' id='line_1_31' title="bbox 85 3701 1188 3772; baseline -0.002 -14"><span class='ocrx_word' id='word_1_263' title='bbox 85 3705 145 3758; x_wconf 87' lang='lat' dir='ltr'><strong>dixi</strong></span> <span class='ocrx_word' id='word_1_264' title='bbox 166 3705 310 3760; x_wconf 87' lang='lat' dir='ltr'><strong>custodem</strong></span> <span class='ocrx_word' id='word_1_265' title='bbox 329 3705 529 3760; x_wconf 85' lang='lat' dir='ltr'><strong>Athenarum.“</strong></span> <span class='ocrx_word' id='word_1_266' title='bbox 567 3703 607 3758; x_wconf 87' lang='lat' dir='ltr'><strong>Cf.</strong></span> <span class='ocrx_word' id='word_1_267' title='bbox 627 3705 754 3760; x_wconf 87' lang='lat' dir='ltr'><strong>Gerhard</strong></span> <span class='ocrx_word' id='word_1_268' title='bbox 774 3702 1014 3772; x_wconf 84' lang='lat' dir='ltr'><strong>Griech.Mythol.</strong></span> <span class='ocrx_word' id='word_1_269' title='bbox 1034 3701 1047 3754; x_wconf 97' lang='lat' dir='ltr'>I</span> <span class='ocrx_word' id='word_1_270' title='bbox 1066 3703 1082 3768; x_wconf 65' lang='grc' dir='ltr'><strong>ξ</strong></span> <span class='ocrx_word' id='word_1_271' title='bbox 1101 3704 1188 3770; x_wconf 86' lang='lat'><strong>302,1</strong></span> 
     </span>
     <span class='ocr_line' id='line_1_32' title="bbox 86 3798 1189 3872; baseline -0.003 -16"><span class='ocrx_word' id='word_1_272' title='bbox 86 3801 149 3872; x_wconf 57' lang='grc' dir='ltr'><strong>εἰς</strong></span> <span class='ocrx_word' id='word_1_273' title='bbox 174 3803 235 3870; x_wconf 82' lang='grc'><strong>193,</strong></span> <span class='ocrx_word' id='word_1_274' title='bbox 255 3803 279 3855; x_wconf 85' lang='grc'><strong>3,</strong></span> <span class='ocrx_word' id='word_1_275' title='bbox 316 3801 398 3868; x_wconf 77' lang='lat' dir='ltr'><strong>Quod</strong></span> <span class='ocrx_word' id='word_1_276' title='bbox 417 3807 510 3856; x_wconf 89' lang='lat' dir='ltr'><strong>autem</strong></span> <span class='ocrx_word' id='word_1_277' title='bbox 530 3800 691 3870; x_wconf 87' lang='lat' dir='ltr'><strong>Apollinem</strong></span> <span class='ocrx_word' id='word_1_278' title='bbox 715 3801 841 3855; x_wconf 84' lang='lat' dir='ltr'><strong>diximus</strong></span> <span class='ocrx_word' id='word_1_279' title='bbox 856 3801 949 3868; x_wconf 89' lang='lat' dir='ltr'><strong>prima</strong></span> <span class='ocrx_word' id='word_1_280' title='bbox 969 3817 1020 3853; x_wconf 85' lang='lat' dir='ltr'><strong>sua</strong></span> <span class='ocrx_word' id='word_1_281' title='bbox 1038 3798 1152 3852; x_wconf 91' lang='lat' dir='ltr'><strong>notione</strong></span> <span class='ocrx_word' id='word_1_282' title='bbox 1173 3817 1189 3853; x_wconf 93' lang='lat' dir='ltr'><strong>n</strong></span> 
     </span>
     <span class='ocr_line' id='line_1_33' title="bbox 86 3896 1189 3968; baseline -0.003 -17"><span class='ocrx_word' id='word_1_283' title='bbox 86 3898 150 3953; x_wconf 85' lang='lat' dir='ltr'><strong>Sole</strong></span> <span class='ocrx_word' id='word_1_284' title='bbox 170 3915 228 3952; x_wconf 91' lang='lat' dir='ltr'><strong>non</strong></span> <span class='ocrx_word' id='word_1_285' title='bbox 246 3899 388 3954; x_wconf 87' lang='lat' dir='ltr'><strong>diversum</strong></span> <span class='ocrx_word' id='word_1_286' title='bbox 407 3917 474 3968; x_wconf 84' lang='lat' dir='ltr'><strong>esse,</strong></span> <span class='ocrx_word' id='word_1_287' title='bbox 498 3898 567 3954; x_wconf 88' lang='lat' dir='ltr'><strong>haec</strong></span> <span class='ocrx_word' id='word_1_288' title='bbox 589 3916 633 3953; x_wconf 89' lang='lat' dir='ltr'><strong>res</strong></span> <span class='ocrx_word' id='word_1_289' title='bbox 658 3898 712 3952; x_wconf 91' lang='lat' dir='ltr'><strong>hoc</strong></span> <span class='ocrx_word' id='word_1_290' title='bbox 730 3899 790 3966; x_wconf 85' lang='lat' dir='ltr'><strong>ipso</strong></span> <span class='ocrx_word' id='word_1_291' title='bbox 809 3897 973 3952; x_wconf 87' lang='lat' dir='ltr'><strong>Aristotelis</strong></span> <span class='ocrx_word' id='word_1_292' title='bbox 997 3897 1057 3950; x_wconf 89' lang='lat' dir='ltr'><strong>loco</strong></span> <span class='ocrx_word' id='word_1_293' title='bbox 1077 3896 1189 3950; x_wconf 87' lang='lat' dir='ltr'><strong>videtur</strong></span> 
     </span>
     <span class='ocr_line' id='line_1_34' title="bbox 86 3992 1189 4061; baseline -0.004 -12"><span class='ocrx_word' id='word_1_294' title='bbox 86 3994 256 4049; x_wconf 88' lang='lat' dir='ltr'><strong>confirmari.</strong></span> <span class='ocrx_word' id='word_1_295' title='bbox 283 3995 396 4050; x_wconf 86' lang='lat' dir='ltr'><strong>Etenim</strong></span> <span class='ocrx_word' id='word_1_296' title='bbox 416 3996 440 4049; x_wconf 89' lang='lat' dir='ltr'><strong>si</strong></span> <span class='ocrx_word' id='word_1_297' title='bbox 456 3995 662 4050; x_wconf 87' lang='lat' dir='ltr'><strong>consideramus</strong></span> <span class='ocrx_word' id='word_1_298' title='bbox 681 3995 848 4050; x_wconf 86' lang='lat' dir='ltr'><strong>sententiam</strong></span> <span class='ocrx_word' id='word_1_299' title='bbox 868 3994 947 4048; x_wconf 88' lang='lat' dir='ltr'><strong>illam</strong></span> <span class='ocrx_word' id='word_1_300' title='bbox 966 3993 1112 4061; x_wconf 89' lang='lat' dir='ltr'><strong>antiquam</strong></span> <span class='ocrx_word' id='word_1_301' title='bbox 1136 3992 1189 4046; x_wconf 90' lang='lat' dir='ltr'><strong>hoc</strong></span> 
     </span>
     <span class='ocr_line' id='line_1_35' title="bbox 85 4089 1187 4160; baseline -0.005 -14"><span class='ocrx_word' id='word_1_302' title='bbox 85 4093 146 4148; x_wconf 89' lang='lat' dir='ltr'><strong>loeo</strong></span> <span class='ocrx_word' id='word_1_303' title='bbox 164 4098 357 4158; x_wconf 89' lang='lat' dir='ltr'><strong>memoratam,</strong></span> <span class='ocrx_word' id='word_1_304' title='bbox 377 4092 460 4148; x_wconf 88' lang='lat' dir='ltr'><strong>facile</strong></span> <span class='ocrx_word' id='word_1_305' title='bbox 478 4097 566 4160; x_wconf 89' lang='lat' dir='ltr'><strong>patet,</strong></span> <span class='ocrx_word' id='word_1_306' title='bbox 585 4091 624 4154; x_wconf 89' lang='lat' dir='ltr'><strong>id,</strong></span> <span class='ocrx_word' id='word_1_307' title='bbox 643 4092 718 4160; x_wconf 91' lang='lat' dir='ltr'><strong>quod</strong></span> <span class='ocrx_word' id='word_1_308' title='bbox 737 4109 769 4146; x_wconf 90' lang='lat' dir='ltr'><strong>ea</strong></span> <span class='ocrx_word' id='word_1_309' title='bbox 791 4091 978 4159; x_wconf 86' lang='lat' dir='ltr'><strong>contineatur,</strong></span> <span class='ocrx_word' id='word_1_310' title='bbox 996 4089 1111 4160; x_wconf 89' lang='lat' dir='ltr'><strong>proprie</strong></span> <span class='ocrx_word' id='word_1_311' title='bbox 1131 4106 1187 4142; x_wconf 91' lang='lat' dir='ltr'><strong>non</strong></span> 
     </span>
     <span class='ocr_line' id='line_1_36' title="bbox 85 4186 1186 4259; baseline -0.005 -16"><span class='ocrx_word' id='word_1_312' title='bbox 85 4190 139 4244; x_wconf 87' lang='lat' dir='ltr'><strong>nisi</strong></span> <span class='ocrx_word' id='word_1_313' title='bbox 171 4190 207 4244; x_wconf 90' lang='lat' dir='ltr'><strong>ad</strong></span> <span class='ocrx_word' id='word_1_314' title='bbox 232 4207 335 4244; x_wconf 88' lang='lat' dir='ltr'><strong>numen</strong></span> <span class='ocrx_word' id='word_1_315' title='bbox 354 4188 426 4243; x_wconf 87' lang='lat' dir='ltr'><strong>Solis</strong></span> <span class='ocrx_word' id='word_1_316' title='bbox 444 4190 587 4259; x_wconf 84' lang='lat' dir='ltr'><strong>pertinere</strong></span> <span class='ocrx_word' id='word_1_317' title='bbox 605 4207 698 4259; x_wconf 89' lang='lat' dir='ltr'><strong>posse;</strong></span> <span class='ocrx_word' id='word_1_318' title='bbox 725 4205 843 4257; x_wconf 88' lang='lat' dir='ltr'><strong>cumque</strong></span> <span class='ocrx_word' id='word_1_319' title='bbox 867 4189 917 4242; x_wconf 86' lang='lat' dir='ltr'><strong>illa</strong></span> <span class='ocrx_word' id='word_1_320' title='bbox 942 4187 1081 4242; x_wconf 87' lang='lat' dir='ltr'><strong>sententia</strong></span> <span class='ocrx_word' id='word_1_321' title='bbox 1100 4186 1186 4240; x_wconf 88' lang='lat' dir='ltr'><strong>Athe·</strong></span> 
     </span>
     <span class='ocr_line' id='line_1_37' title="bbox 85 4283 1188 4356; baseline -0.002 -16"><span class='ocrx_word' id='word_1_322' title='bbox 85 4287 228 4342; x_wconf 87' lang='lat' dir='ltr'><strong>niensibus</strong></span> <span class='ocrx_word' id='word_1_323' title='bbox 249 4287 359 4341; x_wconf 85' lang='lat' dir='ltr'><strong>dicatur</strong></span> <span class='ocrx_word' id='word_1_324' title='bbox 375 4287 468 4356; x_wconf 87' lang='lat' dir='ltr'><strong>patria</strong></span> <span class='ocrx_word' id='word_1_325' title='bbox 485 4301 551 4350; x_wconf 80' lang='lat' dir='ltr'><strong>esse,</strong></span> <span class='ocrx_word' id='word_1_326' title='bbox 571 4286 625 4340; x_wconf 88' lang='lat' dir='ltr'><strong>hoe</strong></span> <span class='ocrx_word' id='word_1_327' title='bbox 643 4287 735 4355; x_wconf 87' lang='lat' dir='ltr'><strong>ipsum</strong></span> <span class='ocrx_word' id='word_1_328' title='bbox 748 4285 1030 4340; x_wconf 88' lang='lat' dir='ltr'><strong>numencredendum</strong></span> <span class='ocrx_word' id='word_1_329' title='bbox 1049 4283 1188 4338; x_wconf 88' lang='lat' dir='ltr'><strong>estAthe·</strong></span> 
     </span>
    </p>
   </div>
   <div class='ocr_carea' id='block_1_4' title="bbox 0 0 1436 4910">
    <p class='ocr_par' dir='ltr' id='par_1_4' title="bbox 0 0 1436 4910">
     <span class='ocr_line' id='line_1_38' title="bbox 0 0 1436 4910; baseline 0 0"><span class='ocrx_word' id='word_1_330' title='bbox 0 0 1436 4910; x_wconf 95' lang='lat' dir='ltr'><strong> </strong></span> 
     </span>
    </p>
   </div>
  </div>
 </body>
</html>
