2864 4910
630 381 682 434 ³⁷9

91 549 232 619 formari
254 552 364 632 possit,
398 550 558 632 quomodo
582 551 653 617 eius
676 551 851 617 efficientia
874 552 956 617 tales
979 552 1056 617 oriri
1080 554 1204 635 possint

90 661 218 723 annuli.
263 658 400 724 Videtur
421 667 528 726 autem
553 680 591 726 eo
614 661 755 726 maxime
779 661 812 725 in
835 661 950 725 falsam
965 681 1055 726 suam
1076 667 1203 726 senten-

92 769 176 832 tiam
200 767 365 847 incidisse,
388 766 475 851 quod
498 769 532 834 in
556 768 757 853 explicandis
780 776 922 834 veterum
943 769 1136 834 testimoniis
1159 769 1202 835 ad

91 875 183 942 hanc
204 897 271 940 rem
298 877 534 960 pcrtinentibus
556 879 660 960 magis
685 879 806 960 ingenii
835 877 1033 943 festinationi
1070 878 1204 944 indulsit

94 1007 197 1068 quam
219 985 408 1069 diligentem
432 988 573 1052 locorum
590 987 860 1052 examinationem
882 993 914 1052 et
933 987 1202 1070 comparationem

93 1094 260 1160 adhibuit.
293 1095 383 1172 Quae
406 1096 447 1162 de
459 1096 707 1162 Teichmuelleri
724 1095 1034 1161 sententiabreviter
1049 1096 1203 1178 diximus,

95 1223 139 1268 ex
163 1203 371 1269 adnotatione
396 1195 543 1271 subiecta
564 1206 761 1288 patebunt1).
787 1239 826 1250 --
848 1206 954 1287 Atque
975 1204 1025 1270 his
1047 1203 1144 1270 dictis
1160 1204 1203 1270 ad

96 1313 303 1394 propositum
326 1315 524 1379 revertimur.
816 1322 819 1328 '

204 1574 229 1642 1)
250 1575 317 1630 Cum
338 1575 368 1629 in
387 1556 666 1632 stellsrnm'orbibus
684 1577 740 1630 duo
759 1577 911 1646 spectanda
929 1577 995 1644 sint,
1017 1576 1114 1631 annuli
1133 1576 1203 1630 aerii

97 1766 340 1822 Teichmuellerus
359 1769 394 1824 de
415 1769 489 1839 ignis
511 1775 663 1824 naturast
690 1770 800 1840 origine
818 1770 952 1839 proponit
998 1769 1094 1840 Ignem
1113 1752 1211 1839 igitur*

97 1866 247 1922 contendit
265 1867 469 1922 Anaximandri
488 1868 626 1922 sententia
650 1868 769 1922 oriris
789 1872 905 1936 vento,
926 1871 1066 1922 ventum
1085 1871 1202 1922 autem

98 1963 348 2018 tenuissimum
368 1981 439 2019 esse
457 1964 548 2020 aeris
567 1965 832 2019 exhalationem.
852 1963 969 2018 Studien
981 1968 1034 2018 ete.
1052 1982 1080 2033 p.
1093 1964 1133 2016 m.
1156 1962 1202 2016 Ad

98 2064 173 2118 hanc
191 2068 286 2118 autem
304 2063 471 2118 sententiam
499 2059 538 2118 ab¹
556 2062 758 2118 Anaximandri
783 2062 912 2116 doctrina
942 2061 1055 2116 omnino
1082 2060 1202 2116 alienam

98 2160 232 2226 (vidimus
251 2161 334 2230 enim,
358 2161 563 2217 Anaximandri
586 2161 725 2215 sententia
743 2178 844 2228 aerem,
872 2160 976 2228 quippe
995 2163 1130 2212 enatura
1151 2157 1202 2211 hu·

99 2257 178 2310 mida
197 2261 300 2324 ortum,
319 2273 381 2312 non,
394 2273 474 2326 posse
493 2257 522 2310 in
540 2257 635 2326 ignem
653 2257 735 2320 verti)
754 2256 892 2310 adductus
912 2261 954 2310 est
973 2272 1014 2316 eo,
1034 2254 1110 2325 quod
1127 2255 1202 2308 Ana·

99 2353 245 2408 ximendri
267 2353 461 2408 definitionem
485 2353 606 2423 fulguris
629 2353 752 2422 (Hippoi.
771 2352 878 2408 Refutt.
905 2353 934 2420 63
959 2351 1033 2406 Plut.
1057 2350 1132 2405 Plac.
1151 2350 1201 2418 111,

101 2452 132 2518 33
151 2450 211 2518 al),
229 2450 358 2503 omnibus
377 2450 439 2504 aliis
458 2454 586 2505 veterum
605 2449 674 2502 locis
692 2448 837 2519 neglectis,
855 2448 926 2504 falso
944 2448 1159 2518 interpretatur.

201 2545 261 2600 Iam
279 2552 395 2616 propter
424 2547 508 2602 istam
527 2545 733 2600 Anaximandri
757 2545 792 2600 de
819 2546 884 2616 igne
912 2545 1079 2600 sententiam
1103 2561 1154 2614 per
1173 2561 1202 2598 se

100 2647 185 2710 putat
210 2647 424 2698 consentaneum
448 2660 515 2710 ssse,
544 2661 608 2696 eum
635 2642 731 2696 stellas
759 2658 870 2711 quoque
898 2641 1043 2696 eventis
1066 2641 1202 2710 quibus·

100 2739 183 2798 dam,
204 2740 315 2807 quiin
334 2745 485 2796 extremo
505 2757 582 2807 aere
601 2745 728 2801 essent,
747 2739 936 2808 explicavisse.
973 2741 1067 2807 Atque
1089 2737 1143 2793 hoc
1160 2755 1202 2792 re·
1243 2735 1245 2740 ’

100 2853 169 2890 vera
188 2835 295 2890 factum
313 2853 383 2903 esse,
407 2836 473 2905 ipsis
497 2842 624 2891 veterum
653 2836 822 2891 testimoniis
850 2835 966 2904 probari
991 2839 1074 2904 putat
1098 2833 1203 2898 (adfert

101 2938 197 2986 autem
217 2933 246 2986 in
265 2938 323 2988 not.
343 2933 373 2968 **
392 2950 420 3001 p.
433 2936 462 2986 11
478 2933 562 2996 locos,
581 2950 650 3002 quos
667 2932 721 3002 ipsi
741 2937 824 2987 antea
841 2949 867 3000 p.
880 2933 932 2984 358
949 2949 989 3000 sq.
1008 2929 1203 2999 laudavimus),

102 3029 198 3084 dicens
217 3031 255 3098 (p.
268 3030 324 3096 lli:
345 3029 435 3098 „deun
448 3047 478 3082 er
491 3029 592 3083 nimmt
603 3047 647 3095 an,
666 3029 729 3084 dass
740 3028 799 3084 sich
812 3028 841 3082 in
852 3028 942 3082 ciuem
955 3027 1134 3082 bestimmten
1146 3027 1203 3081 Ab·

102 3124 203 3179 stands
215 3142 270 3178 von
283 3107 419 3180 derErde
437 3126 578 3196 gewisse
595 3125 728 3195 luftige
739 3124 864 3179 Oerter
877 3113 985 3192 finden,
1003 3141 1045 3178 wo
1059 3123 1105 3178 die
1118 3123 1203 3178 obers

102 3223 178 3279 feine
203 3221 417 3292 Ausscheidung
446 3222 496 3276 der
519 3220 594 3276 Welt
622 3221 712 3292 (ignis
730 3220 917 3292 intellegitur)
946 3221 976 3274 in
1005 3221 1087 3274 einen
1106 3220 1201 3276 butt·
1239 3281 1240 3284 Ἴ

102 3320 225 3375 wirbel
243 3311 354 3390 ger'a‘th,
373 3336 403 3372 so
423 3319 486 3374 dass
499 3319 545 3373 die
557 3318 849 3389 feurigeMasseganz
860 3317 995 3372 vonLuft
1013 3315 1203 3372 umschlossen

102 3419 140 3472 ist
161 3417 220 3472 und
243 3434 297 3470 nur
321 3435 357 3470 au
380 3416 458 3470 einer
481 3416 567 3483 Stella
594 3416 635 3471 als
657 3416 741 3472 Licht
769 3415 971 3470 herausfahren
999 3415 1083 3469 kann.
1120 3413 1203 3469 Diese

102 3514 190 3569 Stella
208 3513 276 3580 ist’s,
294 3531 336 3567 wo
355 3514 406 3568 wir
425 3513 471 3568 die
489 3513 580 3568 Serme
598 3513 666 3568 oder
684 3512 738 3568 den
758 3511 840 3568 Stern
857 3511 994 3581 jedesmal
1013 3511 1123 3567 sehen.“
1149 3511 1202 3566 Fa·

103 3612 156 3668 cile
175 3614 263 3679 patet,
282 3609 410 3665 haecvix
422 3610 565 3680 pertinere
583 3609 619 3664 ad
637 3627 697 3664 rem
710 3610 894 3679 propositam.
930 3609 1109 3678 Propositum
1127 3609 1203 3664 enim

103 3712 175 3776 erat,
199 3713 231 3762 ut
252 3707 347 3777 ignem
366 3707 396 3760 in
419 3707 588 3774 universam,
614 3707 656 3760 ita
674 3706 760 3760 etiam
778 3707 874 3760 stellas
893 3723 908 3760 e
926 3705 1017 3760 ventis
1036 3705 1203 3774 quibusdam

103 3805 188 3872 oriri3
212 3804 356 3858 stellarum
381 3807 474 3858 autem
494 3803 606 3858 nomina
630 3803 762 3858 hocloco
790 3803 838 3858 vix
866 3802 943 3857 aliud
965 3785 1203 3873 intellegipotest

103 3903 158 3957 nisi
176 3903 323 3957 stellarum
341 3902 428 3972 ignis;
448 3902 483 3956 de
500 3903 565 3972 igne
583 3901 658 3956 enim
675 3901 778 3972 agitur.
808 3903 848 3956 At
860 3900 974 3955 laudato
987 3898 1203 3954 Teichmuelleri

47 4064 51 4072 ἱ
103 4001 164 4054 loco
179 3999 252 4070 ignis
270 3999 327 4054 iam
340 4004 423 4053 antea
435 4004 514 4052 ortus
533 3997 699 4068 (dicebare
712 3995 1100 4066 feinereAusscheidungder
1113 3992 1199 4052 Welt'

74 4081 78 4088 ¹
104 4096 139 4150 cf.
158 4113 185 4164 p.
205 4095 250 4162 26)
270 4100 416 4150 ventorum
435 4095 588 4149 vorticibus
611 4094 801 4158 circumcludi,
828 4111 879 4148 nec
902 4110 967 4148 vero
992 4093 1051 4162 ipsc
1074 4111 1089 4148 e
1111 4093 1203 4148 ventis

105 4191 174 4245 oriri
190 4191 303 4246 dieitur.
340 4195 385 4246 An
405 4191 479 4246 forte
498 4192 626 4263 intellegi
644 4193 713 4260 volt,
732 4196 764 4246 ut
783 4195 881 4246 ventus
905 4189 1016 4260 (idest,
1039 4189 1204 4245 tenuissima

104 4287 176 4342 aeris
196 4287 350 4358 exhalatio)
377 4288 523 4344 nubibus
539 4290 729 4345 «involutus
754 4289 868 4360 fulgura
893 4292 920 4344 et
950 4288 1078 4344 tonitrua
1100 4286 1202 4359 pariat,
