<?xml version="1.0" encoding="UTF-8"?>
<!DOCTYPE html PUBLIC "-//W3C//DTD XHTML 1.0 Transitional//EN"
    "http://www.w3.org/TR/xhtml1/DTD/xhtml1-transitional.dtd">
<html xmlns="http://www.w3.org/1999/xhtml" xml:lang="en" lang="en">
 <head>
  <title>
</title>
<meta http-equiv="Content-Type" content="text/html;charset=utf-8" />
  <meta name='ocr-system' content='tesseract 3.04.00' />
  <meta name='ocr-capabilities' content='ocr_page ocr_carea ocr_par ocr_line ocrx_word'/>
</head>
<body>
  <div class='ocr_page' id='page_1' title='image "./anaximandermile00neuhgoog/anaximandermile00neuhgoog_0036.png"; bbox 0 0 2882 4902; ppageno 0'>
   <div class='ocr_carea' id='block_1_1' title="bbox 612 405 646 458">
    <p class='ocr_par' dir='ltr' id='par_1_1' title="bbox 612 405 646 458">
     <span class='ocr_line' id='line_1_1' title="bbox 612 405 646 458; baseline 0 0"><span class='ocrx_word' id='word_1_1' title='bbox 612 405 646 458; x_wconf 77' lang='lat'>13</span> 
     </span>
    </p>
   </div>
   <div class='ocr_carea' id='block_1_2' title="bbox 59 574 1183 2413">
    <p class='ocr_par' dir='ltr' id='par_1_2' title="bbox 59 574 1183 2413">
     <span class='ocr_line' id='line_1_2' title="bbox 61 574 1181 662; baseline 0.003 -22"><span class='ocrx_word' id='word_1_2' title='bbox 61 574 336 662; x_wconf 82' lang='lat' dir='ltr'><strong>Theophrastus,</strong></span> <span class='ocrx_word' id='word_1_3' title='bbox 365 583 463 662; x_wconf 88' lang='lat' dir='ltr'>atque</span> <span class='ocrx_word' id='word_1_4' title='bbox 496 577 543 644; x_wconf 89' lang='lat' dir='ltr'>ita</span> <span class='ocrx_word' id='word_1_5' title='bbox 575 577 719 661; x_wconf 84' lang='lat' dir='ltr'>quidem,</span> <span class='ocrx_word' id='word_1_6' title='bbox 753 583 788 643; x_wconf 89' lang='lat' dir='ltr'>ut</span> <span class='ocrx_word' id='word_1_7' title='bbox 817 575 1004 662; x_wconf 84' lang='lat' dir='ltr'>Simplicius</span> <span class='ocrx_word' id='word_1_8' title='bbox 1037 596 1077 643; x_wconf 85' lang='lat' dir='ltr'>ex</span> <span class='ocrx_word' id='word_1_9' title='bbox 1111 577 1181 662; x_wconf 94' lang='lat' dir='ltr'>ipso</span> 
     </span>
     <span class='ocr_line' id='line_1_3' title="bbox 59 684 1181 772; baseline 0.002 -22"><span class='ocrx_word' id='word_1_10' title='bbox 59 684 234 769; x_wconf 78' lang='lat' dir='ltr'>hauserit,</span> <span class='ocrx_word' id='word_1_11' title='bbox 254 686 295 752; x_wconf 89' lang='lat' dir='ltr'>de</span> <span class='ocrx_word' id='word_1_12' title='bbox 315 687 494 772; x_wconf 91' lang='lat' dir='ltr'>Hippolyto</span> <span class='ocrx_word' id='word_1_13' title='bbox 520 708 596 755; x_wconf 89' lang='lat' dir='ltr'>vero</span> <span class='ocrx_word' id='word_1_14' title='bbox 623 686 765 754; x_wconf 88' lang='lat' dir='ltr'>dubitari</span> <span class='ocrx_word' id='word_1_15' title='bbox 788 686 901 772; x_wconf 83' lang='lat' dir='ltr'>possit,</span> <span class='ocrx_word' id='word_1_16' title='bbox 924 693 1029 752; x_wconf 88' lang='lat' dir='ltr'>utrum</span> <span class='ocrx_word' id='word_1_17' title='bbox 1046 706 1088 752; x_wconf 90' lang='lat' dir='ltr'>ex</span> <span class='ocrx_word' id='word_1_18' title='bbox 1109 686 1181 770; x_wconf 89' lang='lat' dir='ltr'>ipso</span> 
     </span>
     <span class='ocr_line' id='line_1_4' title="bbox 61 794 1182 880; baseline 0.002 -22"><span class='ocrx_word' id='word_1_19' title='bbox 61 794 306 880; x_wconf 81' lang='lat' dir='ltr'>Theophrasto</span> <span class='ocrx_word' id='word_1_20' title='bbox 337 818 379 862; x_wconf 91' lang='lat' dir='ltr'>an</span> <span class='ocrx_word' id='word_1_21' title='bbox 407 817 448 863; x_wconf 88' lang='lat' dir='ltr'>ex</span> <span class='ocrx_word' id='word_1_22' title='bbox 473 797 539 864; x_wconf 90' lang='lat' dir='ltr'>alio</span> <span class='ocrx_word' id='word_1_23' title='bbox 568 796 709 880; x_wconf 88' lang='lat' dir='ltr'>quodam</span> <span class='ocrx_word' id='word_1_24' title='bbox 738 796 895 880; x_wconf 71' lang='lat' dir='ltr'>scriptore</span> <span class='ocrx_word' id='word_1_25' title='bbox 916 795 1009 860; x_wconf 91' lang='lat' dir='ltr'>illum</span> <span class='ocrx_word' id='word_1_26' title='bbox 1033 796 1182 880; x_wconf 88' lang='lat' dir='ltr'>sequenti</span> 
     </span>
     <span class='ocr_line' id='line_1_5' title="bbox 61 904 1182 991; baseline 0.003 -22"><span class='ocrx_word' id='word_1_27' title='bbox 61 924 134 970; x_wconf 91' lang='lat' dir='ltr'>sua</span> <span class='ocrx_word' id='word_1_28' title='bbox 159 905 376 989; x_wconf 82' lang='lat' dir='ltr'>sumpserit1).</span> <span class='ocrx_word' id='word_1_29' title='bbox 423 905 504 972; x_wconf 82' lang='lat' dir='ltr'>(lum</span> <span class='ocrx_word' id='word_1_30' title='bbox 525 905 625 991; x_wconf 85' lang='lat' dir='ltr'>igitur</span> <span class='ocrx_word' id='word_1_31' title='bbox 650 906 753 972; x_wconf 92' lang='lat' dir='ltr'>maior</span> <span class='ocrx_word' id='word_1_32' title='bbox 776 904 937 990; x_wconf 86' lang='lat' dir='ltr'>Simplicii</span> <span class='ocrx_word' id='word_1_33' title='bbox 958 904 1129 988; x_wconf 85' lang='lat' dir='ltr'>diligentia</span> <span class='ocrx_word' id='word_1_34' title='bbox 1150 911 1182 972; x_wconf 87' lang='lat' dir='ltr'>et</span> 
     </span>
     <span class='ocr_line' id='line_1_6' title="bbox 63 1014 1181 1099; baseline 0.002 -21"><span class='ocrx_word' id='word_1_35' title='bbox 63 1014 164 1079; x_wconf 91' lang='lat' dir='ltr'>hane</span> <span class='ocrx_word' id='word_1_36' title='bbox 189 1014 231 1079; x_wconf 92' lang='lat' dir='ltr'>ob</span> <span class='ocrx_word' id='word_1_37' title='bbox 255 1034 405 1081; x_wconf 78' lang='lat' dir='ltr'>caussam</span> <span class='ocrx_word' id='word_1_38' title='bbox 428 1015 532 1082; x_wconf 93' lang='lat' dir='ltr'>maior</span> <span class='ocrx_word' id='word_1_39' title='bbox 559 1015 658 1082; x_wconf 90' lang='lat' dir='ltr'>etiam</span> <span class='ocrx_word' id='word_1_40' title='bbox 690 1015 770 1082; x_wconf 88' lang='lat' dir='ltr'>fides</span> <span class='ocrx_word' id='word_1_41' title='bbox 804 1015 848 1081; x_wconf 91' lang='lat' dir='ltr'>sit</span> <span class='ocrx_word' id='word_1_42' title='bbox 876 1034 972 1098; x_wconf 90' lang='lat' dir='ltr'>quam</span> <span class='ocrx_word' id='word_1_43' title='bbox 1000 1014 1181 1099; x_wconf 69' lang='lat' dir='ltr'>Hippolyti,</span> 
     </span>
     <span class='ocr_line' id='line_1_7' title="bbox 62 1122 1182 1207; baseline 0.002 -19"><span class='ocrx_word' id='word_1_44' title='bbox 62 1124 95 1189; x_wconf 91' lang='lat' dir='ltr'>si</span> <span class='ocrx_word' id='word_1_45' title='bbox 135 1122 182 1188; x_wconf 90' lang='lat' dir='ltr'>de</span> <span class='ocrx_word' id='word_1_46' title='bbox 217 1144 282 1207; x_wconf 94' lang='lat' dir='ltr'>qua</span> <span class='ocrx_word' id='word_1_47' title='bbox 309 1145 343 1190; x_wconf 88' lang='lat' dir='ltr'>re</span> <span class='ocrx_word' id='word_1_48' title='bbox 369 1125 453 1191; x_wconf 91' lang='lat' dir='ltr'>inter</span> <span class='ocrx_word' id='word_1_49' title='bbox 483 1145 519 1191; x_wconf 91' lang='lat' dir='ltr'>se</span> <span class='ocrx_word' id='word_1_50' title='bbox 552 1125 765 1201; x_wconf 90' lang='lat' dir='ltr'>dissentiunt,</span> <span class='ocrx_word' id='word_1_51' title='bbox 800 1125 855 1191; x_wconf 93' lang='lat' dir='ltr'>ille</span> <span class='ocrx_word' id='word_1_52' title='bbox 877 1122 970 1190; x_wconf 87' lang='lat' dir='ltr'>testis</span> <span class='ocrx_word' id='word_1_53' title='bbox 992 1125 1122 1207; x_wconf 85' lang='lat' dir='ltr'>gravior</span> <span class='ocrx_word' id='word_1_54' title='bbox 1144 1143 1182 1190; x_wconf 87' lang='lat' dir='ltr'>aa</span> 
     </span>
     <span class='ocr_line' id='line_1_8' title="bbox 64 1233 1181 1320; baseline 0.003 -23"><span class='ocrx_word' id='word_1_55' title='bbox 64 1233 198 1298; x_wconf 82' lang='lat' dir='ltr'>certior</span> <span class='ocrx_word' id='word_1_56' title='bbox 229 1234 390 1318; x_wconf 89' lang='lat' dir='ltr'>putandus</span> <span class='ocrx_word' id='word_1_57' title='bbox 423 1241 481 1301; x_wconf 90' lang='lat' dir='ltr'>est.</span> <span class='ocrx_word' id='word_1_58' title='bbox 527 1234 634 1313; x_wconf 75' lang='lat' dir='ltr'>Quare</span> <span class='ocrx_word' id='word_1_59' title='bbox 660 1254 834 1320; x_wconf 87' lang='lat' dir='ltr'>pronomen</span> <span class='ocrx_word' id='word_1_60' title='bbox 861 1233 943 1299; x_wconf 91' lang='lat' dir='ltr'>illud</span> <span class='ocrx_word' id='word_1_61' title='bbox 973 1235 1076 1298; x_wconf 78' lang='grc' dir='ltr'><strong><em>τοῦτο</em></strong></span> <span class='ocrx_word' id='word_1_62' title='bbox 1107 1238 1181 1300; x_wconf 92' lang='lat' dir='ltr'>ante</span> 
     </span>
     <span class='ocr_line' id='line_1_9' title="bbox 63 1332 1181 1430; baseline 0.001 -24"><span class='ocrx_word' id='word_1_63' title='bbox 63 1332 239 1427; x_wconf 70' lang='grc' dir='ltr'><em>τοῦνομα,</em></span> <span class='ocrx_word' id='word_1_64' title='bbox 272 1343 357 1426; x_wconf 94' lang='lat' dir='ltr'>quod</span> <span class='ocrx_word' id='word_1_65' title='bbox 377 1343 466 1430; x_wconf 92' lang='lat' dir='ltr'>apud</span> <span class='ocrx_word' id='word_1_66' title='bbox 490 1344 702 1430; x_wconf 86' lang='lat' dir='ltr'>Hippolytum</span> <span class='ocrx_word' id='word_1_67' title='bbox 723 1344 828 1426; x_wconf 89' lang='lat' dir='ltr'>deest,</span> <span class='ocrx_word' id='word_1_68' title='bbox 865 1341 952 1427; x_wconf 91' lang='lat' dir='ltr'>apud</span> <span class='ocrx_word' id='word_1_69' title='bbox 979 1342 1181 1427; x_wconf 86' lang='lat' dir='ltr'>Simplicium</span> 
     </span>
     <span class='ocr_line' id='line_1_10' title="bbox 65 1453 1180 1539; baseline 0 -21"><span class='ocrx_word' id='word_1_70' title='bbox 65 1473 156 1518; x_wconf 86' lang='lat' dir='ltr'>vero</span> <span class='ocrx_word' id='word_1_71' title='bbox 182 1454 310 1536; x_wconf 85' lang='lat' dir='ltr'>legitur,</span> <span class='ocrx_word' id='word_1_72' title='bbox 337 1454 519 1521; x_wconf 88' lang='lat' dir='ltr'>existimari</span> <span class='ocrx_word' id='word_1_73' title='bbox 546 1461 672 1539; x_wconf 88' lang='lat' dir='ltr'>oportet</span> <span class='ocrx_word' id='word_1_74' title='bbox 698 1455 740 1520; x_wconf 92' lang='lat' dir='ltr'>ab</span> <span class='ocrx_word' id='word_1_75' title='bbox 766 1454 826 1520; x_wconf 92' lang='lat' dir='ltr'>hoc</span> <span class='ocrx_word' id='word_1_76' title='bbox 855 1473 895 1519; x_wconf 87' lang='lat' dir='ltr'>ex</span> <span class='ocrx_word' id='word_1_77' title='bbox 918 1453 991 1537; x_wconf 89' lang='lat' dir='ltr'>ipso</span> <span class='ocrx_word' id='word_1_78' title='bbox 1013 1453 1069 1518; x_wconf 92' lang='lat' dir='ltr'>illo</span> <span class='ocrx_word' id='word_1_79' title='bbox 1093 1453 1180 1518; x_wconf 87' lang='lat' dir='ltr'>fonte</span> 
     </span>
     <span class='ocr_line' id='line_1_11' title="bbox 67 1561 1181 1649; baseline 0.002 -23"><span class='ocrx_word' id='word_1_80' title='bbox 67 1563 242 1628; x_wconf 89' lang='lat' dir='ltr'>communi</span> <span class='ocrx_word' id='word_1_81' title='bbox 264 1571 436 1649; x_wconf 87' lang='lat' dir='ltr'>receptum,</span> <span class='ocrx_word' id='word_1_82' title='bbox 459 1565 501 1630; x_wconf 93' lang='lat' dir='ltr'>ab</span> <span class='ocrx_word' id='word_1_83' title='bbox 523 1564 581 1630; x_wconf 93' lang='lat' dir='ltr'>illo</span> <span class='ocrx_word' id='word_1_84' title='bbox 604 1574 711 1631; x_wconf 88' lang='lat' dir='ltr'>autem</span> <span class='ocrx_word' id='word_1_85' title='bbox 735 1563 888 1630; x_wconf 89' lang='lat' dir='ltr'>omissum</span> <span class='ocrx_word' id='word_1_86' title='bbox 910 1581 997 1646; x_wconf 88' lang='lat' dir='ltr'>esse,</span> <span class='ocrx_word' id='word_1_87' title='bbox 1021 1561 1089 1628; x_wconf 87' lang='lat' dir='ltr'>sive</span> <span class='ocrx_word' id='word_1_88' title='bbox 1110 1562 1181 1647; x_wconf 87' lang='lat' dir='ltr'>ipse</span> 
     </span>
     <span class='ocr_line' id='line_1_12' title="bbox 69 1671 1183 1758; baseline -0.001 -22"><span class='ocrx_word' id='word_1_89' title='bbox 69 1671 205 1755; x_wconf 92' lang='lat' dir='ltr'>primus</span> <span class='ocrx_word' id='word_1_90' title='bbox 227 1673 335 1738; x_wconf 90' lang='lat' dir='ltr'>omisit</span> <span class='ocrx_word' id='word_1_91' title='bbox 357 1672 426 1738; x_wconf 87' lang='lat' dir='ltr'>sive</span> <span class='ocrx_word' id='word_1_92' title='bbox 448 1693 468 1738; x_wconf 89' lang='lat' dir='ltr'>a</span> <span class='ocrx_word' id='word_1_93' title='bbox 489 1671 655 1758; x_wconf 73' lang='lat' dir='ltr'>scriptore,</span> <span class='ocrx_word' id='word_1_94' title='bbox 678 1693 773 1756; x_wconf 92' lang='lat' dir='ltr'>quem</span> <span class='ocrx_word' id='word_1_95' title='bbox 796 1672 998 1755; x_wconf 87' lang='lat' dir='ltr'>sequebatur,</span> <span class='ocrx_word' id='word_1_96' title='bbox 1025 1672 1089 1736; x_wconf 94' lang='lat' dir='ltr'>iam</span> <span class='ocrx_word' id='word_1_97' title='bbox 1114 1678 1183 1736; x_wconf 88' lang='lat' dir='ltr'>erat</span> 
     </span>
     <span class='ocr_line' id='line_1_13' title="bbox 71 1781 1182 1866; baseline 0.002 -20"><span class='ocrx_word' id='word_1_98' title='bbox 71 1781 245 1863; x_wconf 90' lang='lat' dir='ltr'>omissum,</span> <span class='ocrx_word' id='word_1_99' title='bbox 269 1782 336 1849; x_wconf 89' lang='lat' dir='ltr'>sive</span> <span class='ocrx_word' id='word_1_100' title='bbox 359 1789 472 1866; x_wconf 88' lang='lat' dir='ltr'>postea</span> <span class='ocrx_word' id='word_1_101' title='bbox 494 1781 622 1849; x_wconf 89' lang='lat' dir='ltr'>demum</span> <span class='ocrx_word' id='word_1_102' title='bbox 646 1783 850 1848; x_wconf 90' lang='lat' dir='ltr'>librariorum</span> <span class='ocrx_word' id='word_1_103' title='bbox 877 1782 973 1865; x_wconf 89' lang='lat' dir='ltr'>culpa</span> <span class='ocrx_word' id='word_1_104' title='bbox 1000 1801 1040 1846; x_wconf 87' lang='lat' dir='ltr'>ex</span> <span class='ocrx_word' id='word_1_105' title='bbox 1061 1781 1182 1866; x_wconf 89' lang='lat' dir='ltr'>Hippo·</span> 
     </span>
     <span class='ocr_line' id='line_1_14' title="bbox 71 1889 1181 1975; baseline 0.003 -22"><span class='ocrx_word' id='word_1_106' title='bbox 71 1889 140 1972; x_wconf 91' lang='lat' dir='ltr'>lyti</span> <span class='ocrx_word' id='word_1_107' title='bbox 166 1889 258 1954; x_wconf 90' lang='lat' dir='ltr'>libris</span> <span class='ocrx_word' id='word_1_108' title='bbox 281 1892 421 1957; x_wconf 86' lang='lat' dir='ltr'>evanuit.</span> <span class='ocrx_word' id='word_1_109' title='bbox 463 1892 569 1975; x_wconf 86' lang='lat' dir='ltr'>Atque</span> <span class='ocrx_word' id='word_1_110' title='bbox 592 1892 620 1957; x_wconf 91' lang='lat' dir='ltr'>si</span> <span class='ocrx_word' id='word_1_111' title='bbox 644 1892 691 1958; x_wconf 89' lang='lat' dir='ltr'>ita</span> <span class='ocrx_word' id='word_1_112' title='bbox 713 1911 779 1958; x_wconf 92' lang='lat' dir='ltr'>rem</span> <span class='ocrx_word' id='word_1_113' title='bbox 803 1911 838 1957; x_wconf 90' lang='lat' dir='ltr'>se</span> <span class='ocrx_word' id='word_1_114' title='bbox 861 1890 979 1956; x_wconf 87' lang='lat' dir='ltr'>habere</span> <span class='ocrx_word' id='word_1_115' title='bbox 1001 1891 1181 1967; x_wconf 86' lang='lat' dir='ltr'>statuimus,</span> 
     </span>
     <span class='ocr_line' id='line_1_15' title="bbox 71 1999 1183 2083; baseline 0.004 -21"><span class='ocrx_word' id='word_1_116' title='bbox 71 1999 167 2064; x_wconf 89' lang='lat' dir='ltr'>duae</span> <span class='ocrx_word' id='word_1_117' title='bbox 199 2000 297 2065; x_wconf 89' lang='lat' dir='ltr'>etiam</span> <span class='ocrx_word' id='word_1_118' title='bbox 332 2000 407 2066; x_wconf 90' lang='lat' dir='ltr'>illae</span> <span class='ocrx_word' id='word_1_119' title='bbox 440 2000 656 2080; x_wconf 80' lang='lat' dir='ltr'>difficultates,</span> <span class='ocrx_word' id='word_1_120' title='bbox 695 2020 775 2083; x_wconf 90' lang='lat' dir='ltr'>quas</span> <span class='ocrx_word' id='word_1_121' title='bbox 802 1999 895 2066; x_wconf 91' lang='lat' dir='ltr'>initio</span> <span class='ocrx_word' id='word_1_122' title='bbox 928 2002 1183 2083; x_wconf 89' lang='lat' dir='ltr'>memoravimus,</span> 
     </span>
     <span class='ocr_line' id='line_1_16' title="bbox 73 2101 1183 2196; baseline -0.001 -24"><span class='ocrx_word' id='word_1_123' title='bbox 73 2108 179 2172; x_wconf 86' lang='lat' dir='ltr'>facile</span> <span class='ocrx_word' id='word_1_124' title='bbox 210 2108 389 2190; x_wconf 82' lang='lat' dir='ltr'>solvuntur3</span> <span class='ocrx_word' id='word_1_125' title='bbox 428 2131 567 2194; x_wconf 89' lang='lat' dir='ltr'>namque</span> <span class='ocrx_word' id='word_1_126' title='bbox 598 2110 752 2176; x_wconf 89' lang='lat' dir='ltr'>articulus</span> <span class='ocrx_word' id='word_1_127' title='bbox 784 2101 847 2173; x_wconf 78' lang='lat' dir='ltr'>‘cd&#39;</span> <span class='ocrx_word' id='word_1_128' title='bbox 880 2116 955 2174; x_wconf 88' lang='lat' dir='ltr'>ante</span> <span class='ocrx_word' id='word_1_129' title='bbox 985 2103 1055 2195; x_wconf 68' lang='grc' dir='ltr'>’τῆς</span> <span class='ocrx_word' id='word_1_130' title='bbox 1075 2101 1183 2196; x_wconf 75' lang='grc' dir='ltr'><em>ἀρχῆς’</em></span> 
     </span>
     <span class='ocr_line' id='line_1_17' title="bbox 73 2219 1183 2302; baseline 0.001 -20"><span class='ocrx_word' id='word_1_131' title='bbox 73 2238 144 2282; x_wconf 93' lang='lat' dir='ltr'>non</span> <span class='ocrx_word' id='word_1_132' title='bbox 169 2219 333 2302; x_wconf 87' lang='lat' dir='ltr'>repetitur,</span> <span class='ocrx_word' id='word_1_133' title='bbox 355 2221 432 2302; x_wconf 90' lang='lat' dir='ltr'>quia</span> <span class='ocrx_word' id='word_1_134' title='bbox 452 2220 487 2285; x_wconf 91' lang='lat' dir='ltr'>in</span> <span class='ocrx_word' id='word_1_135' title='bbox 511 2221 598 2286; x_wconf 82' lang='lat' dir='ltr'>sonte</span> <span class='ocrx_word' id='word_1_136' title='bbox 620 2220 677 2286; x_wconf 93' lang='lat' dir='ltr'>illo</span> <span class='ocrx_word' id='word_1_137' title='bbox 700 2219 812 2286; x_wconf 87' lang='lat' dir='ltr'>deerat</span> <span class='ocrx_word' id='word_1_138' title='bbox 843 2227 876 2286; x_wconf 90' lang='lat' dir='ltr'>et</span> <span class='ocrx_word' id='word_1_139' title='bbox 901 2219 943 2285; x_wconf 94' lang='lat' dir='ltr'>ob</span> <span class='ocrx_word' id='word_1_140' title='bbox 969 2219 1031 2285; x_wconf 90' lang='lat' dir='ltr'>loci</span> <span class='ocrx_word' id='word_1_141' title='bbox 1053 2225 1183 2285; x_wconf 89' lang='lat' dir='ltr'>senten-</span> 
     </span>
     <span class='ocr_line' id='line_1_18' title="bbox 74 2327 1183 2413; baseline -0.001 -20"><span class='ocrx_word' id='word_1_142' title='bbox 74 2329 164 2394; x_wconf 90' lang='lat' dir='ltr'>tiam</span> <span class='ocrx_word' id='word_1_143' title='bbox 191 2328 305 2395; x_wconf 86' lang='lat' dir='ltr'>deesse</span> <span class='ocrx_word' id='word_1_144' title='bbox 335 2329 487 2409; x_wconf 88' lang='lat' dir='ltr'>debebat;</span> <span class='ocrx_word' id='word_1_145' title='bbox 520 2329 548 2394; x_wconf 91' lang='lat' dir='ltr'>is</span> <span class='ocrx_word' id='word_1_146' title='bbox 576 2335 683 2394; x_wconf 90' lang='lat' dir='ltr'>autem</span> <span class='ocrx_word' id='word_1_147' title='bbox 710 2348 807 2413; x_wconf 87' lang='lat' dir='ltr'>error,</span> <span class='ocrx_word' id='word_1_148' title='bbox 834 2327 919 2412; x_wconf 91' lang='lat' dir='ltr'>quod</span> <span class='ocrx_word' id='word_1_149' title='bbox 943 2328 1183 2394; x_wconf 82' lang='lat' dir='ltr'>Anaximander</span> 
     </span>
    </p>
   </div>
   <div class='ocr_carea' id='block_1_3' title="bbox 78 2430 1184 2632">
    <p class='ocr_par' dir='ltr' id='par_1_3' title="bbox 78 2430 1184 2632">
     <span class='ocr_line' id='line_1_19' title="bbox 78 2430 1184 2527; baseline 0 -25"><span class='ocrx_word' id='word_1_150' title='bbox 78 2437 203 2504; x_wconf 90' lang='lat' dir='ltr'>dicitur</span> <span class='ocrx_word' id='word_1_151' title='bbox 224 2439 347 2522; x_wconf 88' lang='lat' dir='ltr'>primus</span> <span class='ocrx_word' id='word_1_152' title='bbox 369 2439 475 2523; x_wconf 87' lang='lat' dir='ltr'>ipsum</span> <span class='ocrx_word' id='word_1_153' title='bbox 497 2430 598 2527; x_wconf 70' lang='grc' dir='ltr'><em>ἀρχῆς</em></span> <span class='ocrx_word' id='word_1_154' title='bbox 611 2439 803 2505; x_wconf 88' lang='lat' dir='ltr'>vocabulum</span> <span class='ocrx_word' id='word_1_155' title='bbox 818 2438 1016 2522; x_wconf 89' lang='lat' dir='ltr'>adhibuisse,</span> <span class='ocrx_word' id='word_1_156' title='bbox 1039 2437 1184 2503; x_wconf 91' lang='lat' dir='ltr'>nonnisi</span> 
     </span>
     <span class='ocr_line' id='line_1_20' title="bbox 79 2547 1183 2632; baseline 0.001 -21"><span class='ocrx_word' id='word_1_157' title='bbox 79 2567 123 2612; x_wconf 90' lang='lat' dir='ltr'>ex</span> <span class='ocrx_word' id='word_1_158' title='bbox 148 2547 246 2614; x_wconf 76' lang='lat' dir='ltr'>fontis</span> <span class='ocrx_word' id='word_1_159' title='bbox 269 2549 358 2614; x_wconf 90' lang='lat' dir='ltr'>illius</span> <span class='ocrx_word' id='word_1_160' title='bbox 382 2549 584 2616; x_wconf 90' lang='lat' dir='ltr'>mutilatione</span> <span class='ocrx_word' id='word_1_161' title='bbox 608 2556 696 2616; x_wconf 91' lang='lat' dir='ltr'>ortus</span> <span class='ocrx_word' id='word_1_162' title='bbox 719 2558 777 2617; x_wconf 89' lang='lat' dir='ltr'>est.</span> <span class='ocrx_word' id='word_1_163' title='bbox 821 2548 981 2632; x_wconf 87' lang='lat' dir='ltr'>Sequitur,</span> <span class='ocrx_word' id='word_1_164' title='bbox 1005 2555 1040 2614; x_wconf 90' lang='lat' dir='ltr'>ut</span> <span class='ocrx_word' id='word_1_165' title='bbox 1061 2549 1183 2632; x_wconf 92' lang='lat' dir='ltr'>Hippo·</span> 
     </span>
    </p>
   </div>
   <div class='ocr_carea' id='block_1_4' title="bbox 78 2657 1182 2845">
    <p class='ocr_par' dir='ltr' id='par_1_4' title="bbox 78 2657 1182 2845">
     <span class='ocr_line' id='line_1_21' title="bbox 78 2657 1182 2741; baseline 0 -19"><span class='ocrx_word' id='word_1_166' title='bbox 78 2657 139 2738; x_wconf 90' lang='lat' dir='ltr'>lyti</span> <span class='ocrx_word' id='word_1_167' title='bbox 174 2658 393 2724; x_wconf 89' lang='lat' dir='ltr'>testimonium</span> <span class='ocrx_word' id='word_1_168' title='bbox 421 2657 462 2724; x_wconf 92' lang='lat' dir='ltr'>de</span> <span class='ocrx_word' id='word_1_169' title='bbox 484 2679 523 2724; x_wconf 89' lang='lat' dir='ltr'>ea</span> <span class='ocrx_word' id='word_1_170' title='bbox 551 2677 599 2740; x_wconf 90' lang='lat' dir='ltr'>re,</span> <span class='ocrx_word' id='word_1_171' title='bbox 629 2658 670 2723; x_wconf 90' lang='lat' dir='ltr'>de</span> <span class='ocrx_word' id='word_1_172' title='bbox 696 2677 761 2740; x_wconf 91' lang='lat' dir='ltr'>qua</span> <span class='ocrx_word' id='word_1_173' title='bbox 789 2678 874 2723; x_wconf 90' lang='lat' dir='ltr'>nunc</span> <span class='ocrx_word' id='word_1_174' title='bbox 901 2657 1018 2741; x_wconf 82' lang='lat' dir='ltr'>agitur,</span> <span class='ocrx_word' id='word_1_175' title='bbox 1052 2675 1182 2741; x_wconf 89' lang='lat' dir='ltr'>prorsus</span> 
     </span>
     <span class='ocr_line' id='line_1_22' title="bbox 79 2765 507 2845; baseline 0.007 -15"><span class='ocrx_word' id='word_1_176' title='bbox 79 2765 181 2832; x_wconf 90' lang='lat' dir='ltr'>inane</span> <span class='ocrx_word' id='word_1_177' title='bbox 203 2766 387 2833; x_wconf 91' lang='lat' dir='ltr'>habendum</span> <span class='ocrx_word' id='word_1_178' title='bbox 409 2767 459 2834; x_wconf 90' lang='lat' dir='ltr'>sit.</span> <span class='ocrx_word' id='word_1_179' title='bbox 505 2842 507 2845; x_wconf 43' lang='grc'>,</span> 
     </span>
    </p>
   </div>
   <div class='ocr_carea' id='block_1_5' title="bbox 81 2873 1186 3181">
    <p class='ocr_par' dir='ltr' id='par_1_5' title="bbox 81 2873 1186 3181">
     <span class='ocr_line' id='line_1_23' title="bbox 183 2873 1185 2960; baseline -0.003 -20"><span class='ocrx_word' id='word_1_180' title='bbox 183 2877 393 2943; x_wconf 84' lang='lat' dir='ltr'>Pervenimus</span> <span class='ocrx_word' id='word_1_181' title='bbox 416 2875 556 2960; x_wconf 87' lang='lat' dir='ltr'>denique</span> <span class='ocrx_word' id='word_1_182' title='bbox 578 2876 622 2943; x_wconf 92' lang='lat' dir='ltr'>ad</span> <span class='ocrx_word' id='word_1_183' title='bbox 643 2877 780 2941; x_wconf 87' lang='lat' dir='ltr'>alterum</span> <span class='ocrx_word' id='word_1_184' title='bbox 802 2876 964 2960; x_wconf 88' lang='lat' dir='ltr'>Simplicii</span> <span class='ocrx_word' id='word_1_185' title='bbox 988 2876 1105 2956; x_wconf 90' lang='lat' dir='ltr'>locum,</span> <span class='ocrx_word' id='word_1_186' title='bbox 1129 2873 1185 2956; x_wconf 94' lang='lat' dir='ltr'>qui</span> 
     </span>
     <span class='ocr_line' id='line_1_24' title="bbox 81 2983 1185 3070; baseline -0.003 -20"><span class='ocrx_word' id='word_1_187' title='bbox 81 2984 203 3069; x_wconf 86' lang='lat' dir='ltr'>legitur</span> <span class='ocrx_word' id='word_1_188' title='bbox 226 2986 260 3051; x_wconf 92' lang='lat' dir='ltr'>in</span> <span class='ocrx_word' id='word_1_189' title='bbox 282 2985 510 3052; x_wconf 85' lang='lat' dir='ltr'>commentario</span> <span class='ocrx_word' id='word_1_190' title='bbox 532 2986 575 3068; x_wconf 81' lang='lat' dir='ltr'>ad</span> <span class='ocrx_word' id='word_1_191' title='bbox 596 2986 728 3052; x_wconf 86' lang='lat' dir='ltr'>Aristot.</span> <span class='ocrx_word' id='word_1_192' title='bbox 750 2985 847 3070; x_wconf 88' lang='lat' dir='ltr'>Phys.</span> <span class='ocrx_word' id='word_1_193' title='bbox 865 2987 964 3070; x_wconf 81' lang='lat'>1‚4²).</span> <span class='ocrx_word' id='word_1_194' title='bbox 1015 2985 1077 3049; x_wconf 91' lang='lat' dir='ltr'>Hic</span> <span class='ocrx_word' id='word_1_195' title='bbox 1100 2983 1185 3048; x_wconf 90' lang='lat' dir='ltr'>enim</span> 
     </span>
     <span class='ocr_line' id='line_1_25' title="bbox 84 3094 1186 3181; baseline -0.002 -21"><span class='ocrx_word' id='word_1_196' title='bbox 84 3095 286 3179; x_wconf 78' lang='lat' dir='ltr'>Simplicius,</span> <span class='ocrx_word' id='word_1_197' title='bbox 315 3102 485 3181; x_wconf 88' lang='lat' dir='ltr'>postquam</span> <span class='ocrx_word' id='word_1_198' title='bbox 507 3096 666 3180; x_wconf 83' lang='lat' dir='ltr'>exposuit,</span> <span class='ocrx_word' id='word_1_199' title='bbox 696 3096 832 3161; x_wconf 89' lang='lat' dir='ltr'>alterurn</span> <span class='ocrx_word' id='word_1_200' title='bbox 855 3094 1062 3179; x_wconf 86' lang='lat' dir='ltr'>physicorum</span> <span class='ocrx_word' id='word_1_201' title='bbox 1083 3111 1186 3177; x_wconf 87' lang='lat' dir='ltr'>genus</span> 
     </span>
    </p>
   </div>
   <div class='ocr_carea' id='block_1_6' title="bbox 83 3329 1189 4381">
    <p class='ocr_par' dir='ltr' id='par_1_6' title="bbox 83 3329 1186 3594">
     <span class='ocr_line' id='line_1_26' title="bbox 85 3329 1186 3401; baseline 0.001 -17"><span class='ocrx_word' id='word_1_202' title='bbox 85 3330 251 3385; x_wconf 83' lang='lat' dir='ltr'>Damasceni</span> <span class='ocrx_word' id='word_1_203' title='bbox 271 3330 431 3400; x_wconf 88' lang='lat' dir='ltr'>opinionem</span> <span class='ocrx_word' id='word_1_204' title='bbox 450 3330 543 3399; x_wconf 88' lang='lat' dir='ltr'>reicit;</span> <span class='ocrx_word' id='word_1_205' title='bbox 568 3330 602 3386; x_wconf 85' lang='lat' dir='ltr'>ci.</span> <span class='ocrx_word' id='word_1_206' title='bbox 622 3349 649 3401; x_wconf 91' lang='lat' dir='ltr'>p.</span> <span class='ocrx_word' id='word_1_207' title='bbox 659 3333 720 3386; x_wconf 80' lang='lat' dir='ltr'>32a</span> <span class='ocrx_word' id='word_1_208' title='bbox 738 3335 802 3401; x_wconf 90' lang='lat' dir='ltr'>post</span> <span class='ocrx_word' id='word_1_209' title='bbox 819 3330 890 3385; x_wconf 85' lang='lat' dir='ltr'>med.</span> <span class='ocrx_word' id='word_1_210' title='bbox 909 3329 938 3384; x_wconf 90' lang='lat' dir='ltr'>P.</span> <span class='ocrx_word' id='word_1_211' title='bbox 960 3330 1004 3384; x_wconf 81' lang='lat' dir='ltr'>oh</span> <span class='ocrx_word' id='word_1_212' title='bbox 1023 3329 1098 3384; x_wconf 88' lang='lat' dir='ltr'>circs</span> <span class='ocrx_word' id='word_1_213' title='bbox 1116 3329 1186 3385; x_wconf 86' lang='lat' dir='ltr'>med.</span> 
     </span>
     <span class='ocr_line' id='line_1_27' title="bbox 83 3427 1186 3498; baseline -0.001 -17"><span class='ocrx_word' id='word_1_214' title='bbox 83 3445 160 3483; x_wconf 81' lang='lat' dir='ltr'>suam</span> <span class='ocrx_word' id='word_1_215' title='bbox 180 3428 214 3482; x_wconf 90' lang='lat' dir='ltr'>de</span> <span class='ocrx_word' id='word_1_216' title='bbox 234 3427 357 3482; x_wconf 86' lang='lat' dir='ltr'>Platonis</span> <span class='ocrx_word' id='word_1_217' title='bbox 383 3428 528 3498; x_wconf 87' lang='lat' dir='ltr'>principiis</span> <span class='ocrx_word' id='word_1_218' title='bbox 554 3429 719 3483; x_wconf 89' lang='lat' dir='ltr'>sententiam</span> <span class='ocrx_word' id='word_1_219' title='bbox 749 3428 941 3498; x_wconf 82' lang='lat' dir='ltr'>Theophrasto</span> <span class='ocrx_word' id='word_1_220' title='bbox 970 3432 998 3480; x_wconf 90' lang='lat' dir='ltr'>ct</span> <span class='ocrx_word' id='word_1_221' title='bbox 1025 3427 1186 3484; x_wconf 81' lang='lat' dir='ltr'>Alexandro</span> 
     </span>
     <span class='ocr_line' id='line_1_28' title="bbox 85 3525 703 3594; baseline 0 -16"><span class='ocrx_word' id='word_1_222' title='bbox 85 3525 204 3594; x_wconf 90' lang='lat' dir='ltr'>opponit</span> <span class='ocrx_word' id='word_1_223' title='bbox 222 3529 251 3579; x_wconf 89' lang='lat' dir='ltr'>et</span> <span class='ocrx_word' id='word_1_224' title='bbox 271 3543 305 3579; x_wconf 88' lang='lat' dir='ltr'>cx</span> <span class='ocrx_word' id='word_1_225' title='bbox 324 3525 449 3580; x_wconf 88' lang='lat' dir='ltr'>Platonis</span> <span class='ocrx_word' id='word_1_226' title='bbox 470 3526 550 3580; x_wconf 79' lang='lat' dir='ltr'>libris</span> <span class='ocrx_word' id='word_1_227' title='bbox 569 3525 703 3580; x_wconf 84' lang='lat' dir='ltr'>defendit.</span> 
     </span>
    </p>

    <p class='ocr_par' dir='ltr' id='par_1_7' title="bbox 85 3620 1189 4275">
     <span class='ocr_line' id='line_1_29' title="bbox 187 3620 1187 3693; baseline 0.002 -18"><span class='ocrx_word' id='word_1_228' title='bbox 187 3622 214 3692; x_wconf 97' lang='lat' dir='ltr'>l)</span> <span class='ocrx_word' id='word_1_229' title='bbox 244 3620 330 3688; x_wconf 77' lang='lat' dir='ltr'>Quem</span> <span class='ocrx_word' id='word_1_230' title='bbox 359 3623 536 3692; x_wconf 89' lang='lat' dir='ltr'>potissimum</span> <span class='ocrx_word' id='word_1_231' title='bbox 564 3623 721 3693; x_wconf 86' lang='lat' dir='ltr'>Simplicius</span> <span class='ocrx_word' id='word_1_232' title='bbox 749 3627 889 3678; x_wconf 87' lang='lat' dir='ltr'>auctorem</span> <span class='ocrx_word' id='word_1_233' title='bbox 914 3627 1025 3677; x_wconf 89' lang='lat' dir='ltr'>secatus</span> <span class='ocrx_word' id='word_1_234' title='bbox 1050 3623 1099 3689; x_wconf 85' lang='lat' dir='ltr'>sit,</span> <span class='ocrx_word' id='word_1_235' title='bbox 1123 3623 1187 3677; x_wconf 91' lang='lat' dir='ltr'>inde</span> 
     </span>
     <span class='ocr_line' id='line_1_30' title="bbox 85 3718 1187 3790; baseline 0 -18"><span class='ocrx_word' id='word_1_236' title='bbox 85 3719 204 3774; x_wconf 86' lang='lat' dir='ltr'>maxime</span> <span class='ocrx_word' id='word_1_237' title='bbox 227 3718 353 3789; x_wconf 81' lang='lat' dir='ltr'>intellegi</span> <span class='ocrx_word' id='word_1_238' title='bbox 380 3724 488 3789; x_wconf 88' lang='lat' dir='ltr'>potest,</span> <span class='ocrx_word' id='word_1_239' title='bbox 515 3721 602 3790; x_wconf 91' lang='lat' dir='ltr'>quod,</span> <span class='ocrx_word' id='word_1_240' title='bbox 627 3739 690 3775; x_wconf 91' lang='lat' dir='ltr'>cum</span> <span class='ocrx_word' id='word_1_241' title='bbox 718 3721 786 3774; x_wconf 86' lang='lat' dir='ltr'>alias</span> <span class='ocrx_word' id='word_1_242' title='bbox 809 3720 963 3775; x_wconf 85' lang='lat' dir='ltr'>sententiae</span> <span class='ocrx_word' id='word_1_243' title='bbox 993 3737 1058 3773; x_wconf 87' lang='lat' dir='ltr'>suae</span> <span class='ocrx_word' id='word_1_244' title='bbox 1081 3719 1187 3773; x_wconf 84' lang='lat' dir='ltr'>iontem</span> 
     </span>
     <span class='ocr_line' id='line_1_31' title="bbox 87 3809 1187 3888; baseline 0.001 -19"><span class='ocrx_word' id='word_1_245' title='bbox 87 3834 141 3870; x_wconf 92' lang='lat' dir='ltr'>non</span> <span class='ocrx_word' id='word_1_246' title='bbox 164 3814 277 3883; x_wconf 85' lang='lat' dir='ltr'>indicet,</span> <span class='ocrx_word' id='word_1_247' title='bbox 308 3817 356 3869; x_wconf 91' lang='lat' dir='ltr'>ubi</span> <span class='ocrx_word' id='word_1_248' title='bbox 379 3817 413 3870; x_wconf 90' lang='lat' dir='ltr'>de</span> <span class='ocrx_word' id='word_1_249' title='bbox 437 3834 468 3871; x_wconf 91' lang='lat' dir='ltr'>re</span> <span class='ocrx_word' id='word_1_250' title='bbox 491 3818 583 3888; x_wconf 87' lang='lat' dir='ltr'>aliqua</span> <span class='ocrx_word' id='word_1_251' title='bbox 606 3819 735 3887; x_wconf 80' lang='lat' dir='ltr'>graviore</span> <span class='ocrx_word' id='word_1_252' title='bbox 763 3809 937 3871; x_wconf 81' lang='lat' dir='ltr'>diverso&#39;rum</span> <span class='ocrx_word' id='word_1_253' title='bbox 961 3821 1105 3872; x_wconf 86' lang='lat' dir='ltr'>auctorum</span> <span class='ocrx_word' id='word_1_254' title='bbox 1129 3816 1187 3885; x_wconf 89' lang='lat' dir='ltr'>opi·</span> 
     </span>
     <span class='ocr_line' id='line_1_32' title="bbox 86 3912 1188 3983; baseline 0.001 -17"><span class='ocrx_word' id='word_1_255' title='bbox 86 3914 182 3968; x_wconf 84' lang='lat' dir='ltr'>nioncs</span> <span class='ocrx_word' id='word_1_256' title='bbox 196 3914 317 3982; x_wconf 89' lang='lat' dir='ltr'>exponit,</span> <span class='ocrx_word' id='word_1_257' title='bbox 336 3913 508 3982; x_wconf 88' lang='lat' dir='ltr'>reliquorum</span> <span class='ocrx_word' id='word_1_258' title='bbox 522 3913 699 3983; x_wconf 89' lang='lat' dir='ltr'>opinionibus</span> <span class='ocrx_word' id='word_1_259' title='bbox 712 3930 821 3982; x_wconf 84' lang='lat' dir='ltr'>comper</span> <span class='ocrx_word' id='word_1_260' title='bbox 831 3912 1015 3983; x_wconf 87' lang='lat' dir='ltr'>Theophrasti</span> <span class='ocrx_word' id='word_1_261' title='bbox 1029 3914 1188 3982; x_wconf 88' lang='lat' dir='ltr'>opinionem</span> 
     </span>
     <span class='ocr_line' id='line_1_33' title="bbox 87 4001 1189 4080; baseline 0 -16"><span class='ocrx_word' id='word_1_262' title='bbox 87 4011 206 4080; x_wconf 88' lang='lat' dir='ltr'>opponit</span> <span class='ocrx_word' id='word_1_263' title='bbox 224 4010 351 4080; x_wconf 87' lang='lat' dir='ltr'>hancque</span> <span class='ocrx_word' id='word_1_264' title='bbox 370 4014 401 4063; x_wconf 90' lang='lat' dir='ltr'>ut</span> <span class='ocrx_word' id='word_1_265' title='bbox 419 4027 495 4064; x_wconf 86' lang='lat' dir='ltr'>ruam</span> <span class='ocrx_word' id='word_1_266' title='bbox 515 4009 649 4064; x_wconf 85' lang='lat' dir='ltr'>defendit.</span> <span class='ocrx_word' id='word_1_267' title='bbox 678 4009 719 4065; x_wconf 80' lang='lat' dir='ltr'>ef.</span> <span class='ocrx_word' id='word_1_268' title='bbox 738 4015 796 4067; x_wconf 88' lang='lat' dir='ltr'>not.</span> <span class='ocrx_word' id='word_1_269' title='bbox 813 4027 901 4079; x_wconf 84' lang='lat' dir='ltr'>praec.</span> <span class='ocrx_word' id='word_1_270' title='bbox 944 4009 1015 4066; x_wconf 85' lang='lat' dir='ltr'>ilinc</span> <span class='ocrx_word' id='word_1_271' title='bbox 1035 4011 1108 4064; x_wconf 87' lang='lat' dir='ltr'>enini</span> <span class='ocrx_word' id='word_1_272' title='bbox 1127 4001 1189 4066; x_wconf 83' lang='lat' dir='ltr'>iure</span> 
     </span>
     <span class='ocr_line' id='line_1_34' title="bbox 87 4093 1187 4177; baseline -0.002 -16"><span class='ocrx_word' id='word_1_273' title='bbox 87 4110 182 4176; x_wconf 81' lang='lat' dir='ltr'>potest</span> <span class='ocrx_word' id='word_1_274' title='bbox 199 4106 336 4170; x_wconf 88' lang='lat' dir='ltr'>concludi,</span> <span class='ocrx_word' id='word_1_275' title='bbox 361 4123 425 4161; x_wconf 87' lang='lat' dir='ltr'>eum</span> <span class='ocrx_word' id='word_1_276' title='bbox 443 4108 470 4160; x_wconf 93' lang='lat' dir='ltr'>in</span> <span class='ocrx_word' id='word_1_277' title='bbox 489 4108 525 4161; x_wconf 87' lang='lat' dir='ltr'>iis</span> <span class='ocrx_word' id='word_1_278' title='bbox 544 4124 662 4177; x_wconf 86' lang='lat' dir='ltr'>quoqne,</span> <span class='ocrx_word' id='word_1_279' title='bbox 689 4107 718 4160; x_wconf 88' lang='lat' dir='ltr'>in</span> <span class='ocrx_word' id='word_1_280' title='bbox 738 4093 840 4177; x_wconf 84' lang='lat' dir='ltr'>quibus</span> <span class='ocrx_word' id='word_1_281' title='bbox 857 4110 999 4162; x_wconf 89' lang='lat' dir='ltr'>auctorem</span> <span class='ocrx_word' id='word_1_282' title='bbox 1017 4121 1073 4160; x_wconf 90' lang='lat' dir='ltr'>non</span> <span class='ocrx_word' id='word_1_283' title='bbox 1100 4108 1187 4160; x_wconf 84' lang='lat' dir='ltr'>nomi·</span> 
     </span>
     <span class='ocr_line' id='line_1_35' title="bbox 88 4204 760 4275; baseline 0 -17"><span class='ocrx_word' id='word_1_284' title='bbox 88 4209 146 4274; x_wconf 89' lang='lat' dir='ltr'>nat,</span> <span class='ocrx_word' id='word_1_285' title='bbox 167 4205 390 4275; x_wconf 85' lang='lat' dir='ltr'>Theophrastum</span> <span class='ocrx_word' id='word_1_286' title='bbox 410 4204 528 4260; x_wconf 86' lang='lat' dir='ltr'>maxime</span> <span class='ocrx_word' id='word_1_287' title='bbox 548 4207 673 4260; x_wconf 85' lang='lat' dir='ltr'>secutum</span> <span class='ocrx_word' id='word_1_288' title='bbox 691 4221 760 4259; x_wconf 86' lang='lat' dir='ltr'>esse.</span> 
     </span>
    </p>

    <p class='ocr_par' dir='ltr' id='par_1_8' title="bbox 187 4301 897 4381">
     <span class='ocr_line' id='line_1_36' title="bbox 187 4301 897 4381; baseline 0.003 -25"><span class='ocrx_word' id='word_1_289' title='bbox 187 4303 218 4374; x_wconf 79' lang='grc'>2)</span> <span class='ocrx_word' id='word_1_290' title='bbox 237 4301 359 4372; x_wconf 88' lang='lat' dir='ltr'>Simplic.</span> <span class='ocrx_word' id='word_1_291' title='bbox 379 4302 460 4372; x_wconf 84' lang='lat' dir='ltr'>Phys.</span> <span class='ocrx_word' id='word_1_292' title='bbox 479 4322 506 4373; x_wconf 91' lang='lat' dir='ltr'>p.</span> <span class='ocrx_word' id='word_1_293' title='bbox 524 4303 558 4356; x_wconf 84' lang='lat'>32</span> <span class='ocrx_word' id='word_1_294' title='bbox 570 4302 599 4371; x_wconf 89' lang='lat' dir='ltr'>b,</span> <span class='ocrx_word' id='word_1_295' title='bbox 622 4306 702 4372; x_wconf 88' lang='lat' dir='ltr'>parte</span> <span class='ocrx_word' id='word_1_296' title='bbox 721 4319 780 4373; x_wconf 87' lang='lat' dir='ltr'>sup.</span> <span class='ocrx_word' id='word_1_297' title='bbox 893 4359 897 4381; x_wconf 43' lang='grc' dir='ltr'>Ι</span> 
     </span>
    </p>
   </div>
   <div class='ocr_carea' id='block_1_7' title="bbox 0 0 1469 4902">
    <p class='ocr_par' dir='ltr' id='par_1_9' title="bbox 0 0 1469 4902">
     <span class='ocr_line' id='line_1_37' title="bbox 0 0 1469 4902; baseline 0 0"><span class='ocrx_word' id='word_1_298' title='bbox 0 0 1469 4902; x_wconf 95' lang='lat' dir='ltr'> </span> 
     </span>
    </p>
   </div>
  </div>
 </body>
</html>
