2864 4904
809 359 845 412 90

275 529 413 596 diximus
435 529 476 595 ab
499 529 560 596 hoe
582 531 652 596 loeo
672 531 810 595 alienam
832 548 912 594 esse.
956 529 1068 613 ltaque
1096 521 1170 595 οἷον
1189 534 1348 615 posteriore
1410 541 1411 546 ’

275 639 518 722 significatione,
539 659 603 720 qua
614 637 799 722 explicandi
820 641 883 705 vim
906 638 1011 716 habet,
1034 638 1280 724 intellegendum
1300 647 1348 718 est,

274 767 415 832 ergaque
425 747 594 814 verborum
619 748 780 814 sententia
795 746 875 813 haee
897 754 963 814 est:
983 745 1109 832 ‘neque
1125 748 1223 816 etiam
1242 747 1348 830 aliquid

274 853 364 938 παρὰ
396 851 616 940 τὰστοιχεῖα,
647 856 775 940 idest,
808 863 923 922 natura
954 856 1112 940 quaedam
1141 857 1261 924 media'
1293 859 1348 924 sive

270 965 411 1033 ‘natura
433 965 623 1032 videlicet
645 966 804 1049 quaedam
826 966 933 1034 media
956 1015 963 1032 .
988 1014 995 1030 .
1019 1017 1026 1033 .
1048 988 1113 1033 una
1135 970 1272 1033 emnium
1293 987 1347 1031 ma·

273 1077 354 1141 teria
375 1095 447 1142 esse
470 1076 604 1159 potest'.
649 1075 729 1141 Cum
751 1082 859 1142 autem
886 1075 948 1142 duo
969 1075 1116 1142 dicantur
1138 1075 1251 1159 media,
1279 1093 1348 1158 quae

273 1185 432 1270 particula
452 1185 644 1251 disiunctiva
666 1177 686 1268 ἢ
705 1184 877 1250 coniuncta
898 1191 980 1268 suut,
1003 1188 1097 1253 etiam
1115 1185 1194 1252 haee
1208 1185 1350 1270 particula

273 1295 444 1378 dupliciter
464 1293 607 1377 intellegi
630 1300 744 1378 potest,
773 1296 907 1378 primum
930 1295 977 1362 ita
1008 1301 1042 1361 ut
1075 1295 1139 1362 duo
1173 1297 1228 1361 illa
1257 1293 1349 1360 media

273 1405 369 1488 plane
390 1404 552 1486 disiungat
574 1409 606 1468 et
628 1405 728 1468 iuter
750 1423 789 1470 se
812 1411 995 1489 opponat,
1018 1405 1281 1487 quemadmodum
1300 1404 1349 1467 ln-

272 1513 373 1580 t'inum
392 1512 498 1595 ‘aut’‚
522 1512 640 1580 deiude
662 1516 717 1592 ita,
744 1520 779 1580 ut
801 1535 842 1580 ea
861 1513 1024 1598 disiungat
1050 1520 1081 1580 et
1107 1515 1161 1581 ad
1190 1512 1295 1581 illud
1314 1505 1349 1574 ud

273 1617 376 1704 παρὰ
398 1618 443 1687 τὰ
465 1626 645 1701 στοιχεῖα
677 1624 716 1688 in
745 1644 871 1706 aeque
894 1631 1025 1710 ponat,
1057 1625 1136 1690 talia
1167 1644 1237 1690 esse
1265 1622 1350 1706 sigui-

272 1731 380 1810 fieaus‚
409 1751 544 1814 quorum
564 1737 733 1814 utrumque
765 1751 822 1815 per
844 1733 931 1798 illius
956 1739 1103 1800 naturam
1126 1735 1198 1817 pari
1218 1734 1283 1798 iure
1302 1728 1349 1794 ad·
1411 1755 1412 1804 ι

272 1842 353 1905 mitti
376 1840 489 1924 possit,
511 1839 783 1923 quemadmodum
797 1841 949 1907 Latinum
970 1839 1087 1908 ‘sive’.
1132 1841 1168 1908 Si
1188 1843 1288 1926 priore
1309 1859 1349 1904 ra·

271 1951 359 2016 tinne
371 1951 536 2034 accipitur,
559 1945 597 2012 ad
614 1945 705 2030 παρὰ
718 1944 759 2012 τὰ
773 1952 919 2030 στοιχεῖα
941 1953 972 2017 in
988 1950 1069 2018 duas
1080 1950 1349 2035 dividiturspecies

271 2059 400 2125 omuino
422 2058 584 2139 diversas;
617 2061 645 2126 si
668 2062 844 2142 posteriore
863 2060 998 2144 ratione,
1025 2063 1130 2144 ipsum
1151 2055 1191 2125 τὸ
1214 2053 1298 2142 παρὰ
1317 2051 1350 2120 ni

270 2171 416 2248 στοιχεῖα
442 2188 575 2234 ιιιιιιθιο
605 2189 702 2236 unum
726 2169 829 2235 solum
854 2171 983 2256 ponitur
1016 2177 1048 2236 et
1081 2170 1144 2237 dun
1174 2172 1230 2236 illa
1257 2168 1350 2234 media

270 2299 328 2344 eae
351 2277 499 2344 dicuntur
518 2278 602 2362 duae
624 2280 765 2344 rationes
787 2281 855 2346 sive
874 2280 1003 2354 formae,
1027 2279 1140 2363 quibus
1165 2282 1256 2346 unius
1276 2279 1349 2344 illius

270 2395 386 2455 natura
407 2389 477 2473 pari
498 2389 567 2453 iure
579 2387 736 2472 explicari
758 2389 876 2472 possit;
899 2409 939 2455 ae
954 2395 1019 2456 tum
1042 2395 1110 2456 teta
1131 2391 1194 2456 leei
1207 2388 1350 2458 sententia

267 2497 348 2564 haee
370 2505 434 2564 est:
454 2492 538 2564 ‘nee
560 2500 656 2564 etiam
678 2497 804 2581 aliquid
826 2493 917 2580 παρὰ
936 2491 976 2562 τὰ
1000 2501 1153 2579 στοιχεῖα,
1180 2506 1290 2566 natura
1308 2497 1348 2562 ri-

268 2607 412 2674 delicet
435 2607 594 2690 quaedam
617 2606 723 2673 media
745 2611 829 2674 sive
855 2610 938 2676 inter
960 2627 1076 2692 aquam
1099 2616 1131 2676 et
1150 2629 1256 2676 aerem
1275 2611 1347 2674 sive

266 2720 348 2783 inter
369 2738 478 2784 aerem
492 2725 523 2783 et
544 2719 661 2802 ignem,
682 2739 747 2784 una
767 2716 873 2785 reruni
885 2719 1021 2786 materia
1033 2725 1140 2804 potest
1162 2720 1256 2788 esso’.
1280 2719 1349 2785 Utra

266 2829 347 2893 ratio
369 2826 562 2912 accipienda
583 2829 634 2907 sit,
656 2847 697 2895 ex
719 2829 796 2894 solis
816 2828 995 2895 lociverbis
1017 2849 1081 2896 uon
1103 2835 1192 2896 certo
1215 2827 1348 2913 cognosci
1412 2865 1413 2896 ι

266 2942 386 3020 potcst;
410 2957 603 3019 quamquam
615 2937 775 3020 posterior
796 2940 860 3004 iam
883 2957 931 3004 ea
945 2957 980 3004 re
1000 2940 1101 3022 magis
1113 2937 1347 3015 commendatur,

265 3045 352 3128 qued
373 3047 547 3130 Aristoteli,
570 3048 598 3114 si
618 3046 760 3131 priorem
782 3046 926 3132 intellegi
956 3049 1120 3126 voluisset,
1145 3051 1208 3118 etsi
1224 3068 1283 3114 non
1302 3064 1347 3110 ue-

266 3155 417 3237 cessario,
440 3163 526 3224 certe
541 3164 649 3224 tamen
671 3157 757 3223 etad
769 3158 964 3224 seutentiam
986 3165 1019 3226 et
1033 3158 1076 3224 ad
1091 3161 1247 3226 sermonis
1268 3174 1347 3224 usum

265 3265 538 3332 accommodatius
567 3267 726 3350 particula
749 3259 842 3354 libis
866 3266 1017 3352 ponenda
1038 3269 1163 3336 luisset.
1186 3269 1252 3338 Sed
1270 3284 1346 3334 aeoe

266 3374 346 3440 dunt
367 3376 432 3442 alia
458 3383 658 3459 argumenta,
687 3377 813 3460 quibus,
843 3380 1054 3461 posteriorem
1082 3381 1239 3447 rationem
1258 3378 1345 3446 solam

265 3503 374 3550 veram
398 3504 480 3568 esse,
503 3481 591 3553 e'erto
613 3479 859 3553 demonstratur.

362 3595 555 3661 Aristoteles
577 3601 645 3662 toto
667 3595 750 3677 loeo,
771 3597 862 3662 euius
884 3599 923 3678 is,
945 3596 986 3663 de
1009 3615 1073 3680 quo
1094 3598 1230 3681 agimus,
1256 3600 1346 3680 poste·

264 3705 329 3768 rior
351 3723 427 3788 pars
450 3710 508 3799 est,
529 3704 562 3770 id
584 3707 661 3788 agit,
689 3710 734 3789 nt,
756 3712 926 3790 postquam
949 3725 1039 3772 suam
1061 3704 1102 3772 de
1124 3726 1202 3773 uua
1224 3707 1358 3774 omnium¹

264 3831 370 3877 rerum
390 3812 527 3879 materia
547 3815 742 3880 senteutiam
765 3816 923 3899 exposuit,
947 3815 1082 3882 aliorum
1097 3815 1344 3900 philosophorum

265 3923 450 4000 sententias,
487 3925 542 4004 qui
582 3925 705 4008 pariter
738 3945 852 3990 unam
888 3945 993 3991 rerum
1031 3925 1198 3992 materiam
1230 3927 1345 4010 ponant

264 4051 396 4114 prorsus
423 4031 560 4116 refellat,
594 4038 691 4117 utque
723 4034 854 4100 easdem
891 4034 1019 4117 quidem
1051 4035 1189 4101 aliorum
1221 4033 1344 4120 philoso·

264 4138 400 4224 phorum
423 4140 609 4224 sententias,
630 4162 711 4224 quas
745 4143 817 4227 ipse
848 4143 1076 4229 disputationis
1102 4144 1195 4212 initio
1223 4144 1346 4212 breuiter

263 4251 422 4317 recensuit
443 4256 476 4314 et
508 4253 540 4316 in
563 4249 626 4317 duo
647 4272 768 4336 genera
790 4252 965 4321 distribuit.
1008 4253 1058 4320 Ac
1090 4255 1198 4339 priore
1230 4251 1344 4338 quidem
