<?xml version="1.0" encoding="UTF-8"?>
<!DOCTYPE html PUBLIC "-//W3C//DTD XHTML 1.0 Transitional//EN"
    "http://www.w3.org/TR/xhtml1/DTD/xhtml1-transitional.dtd">
<html xmlns="http://www.w3.org/1999/xhtml" xml:lang="en" lang="en">
 <head>
  <title>
</title>
<meta http-equiv="Content-Type" content="text/html;charset=utf-8" />
  <meta name='ocr-system' content='tesseract 3.04.00' />
  <meta name='ocr-capabilities' content='ocr_page ocr_carea ocr_par ocr_line ocrx_word'/>
</head>
<body>
  <div class='ocr_page' id='page_1' title='image "./anaximandermile00neuhgoog/anaximandermile00neuhgoog_0350.png"; bbox 0 0 2862 4910; ppageno 0'>
   <div class='ocr_carea' id='block_1_1' title="bbox 640 369 692 424">
    <p class='ocr_par' dir='ltr' id='par_1_1' title="bbox 640 369 692 424">
     <span class='ocr_line' id='line_1_1' title="bbox 640 369 692 424; baseline 0 -1"><span class='ocrx_word' id='word_1_1' title='bbox 640 369 692 424; x_wconf 74' lang='lat'><strong>825</strong></span> 
     </span>
    </p>
   </div>
   <div class='ocr_carea' id='block_1_2' title="bbox 97 539 1288 1829">
    <p class='ocr_par' dir='ltr' id='par_1_2' title="bbox 97 539 1288 952">
     <span class='ocr_line' id='line_1_2' title="bbox 213 539 1215 626; baseline 0.011 -22"><span class='ocrx_word' id='word_1_2' title='bbox 213 539 282 604; x_wconf 90' lang='lat' dir='ltr'><strong>Iam</strong></span> <span class='ocrx_word' id='word_1_3' title='bbox 303 539 410 623; x_wconf 85' lang='lat' dir='ltr'><strong>igitur,</strong></span> <span class='ocrx_word' id='word_1_4' title='bbox 441 539 470 606; x_wconf 91' lang='lat' dir='ltr'><strong>si</strong></span> <span class='ocrx_word' id='word_1_5' title='bbox 495 539 577 606; x_wconf 87' lang='lat' dir='ltr'><strong>haee</strong></span> <span class='ocrx_word' id='word_1_6' title='bbox 604 561 679 607; x_wconf 88' lang='lat' dir='ltr'><strong>vere</strong></span> <span class='ocrx_word' id='word_1_7' title='bbox 703 541 963 626; x_wconf 73' lang='lat' dir='ltr'><strong>disputavimus,</strong></span> <span class='ocrx_word' id='word_1_8' title='bbox 978 545 1215 614; x_wconf 83' lang='lat' dir='ltr'><strong>Anaximandri</strong></span> 
     </span>
     <span class='ocr_line' id='line_1_3' title="bbox 97 649 1288 739; baseline 0.006 -26"><span class='ocrx_word' id='word_1_9' title='bbox 97 650 275 715; x_wconf 88' lang='lat' dir='ltr'><strong>sententia</strong></span> <span class='ocrx_word' id='word_1_10' title='bbox 297 649 377 715; x_wconf 90' lang='lat' dir='ltr'><strong>duos</strong></span> <span class='ocrx_word' id='word_1_11' title='bbox 393 657 528 734; x_wconf 87' lang='lat' dir='ltr'><strong>apparet</strong></span> <span class='ocrx_word' id='word_1_12' title='bbox 543 670 615 716; x_wconf 86' lang='lat' dir='ltr'><strong>esse</strong></span> <span class='ocrx_word' id='word_1_13' title='bbox 625 650 765 734; x_wconf 89' lang='lat' dir='ltr'><strong>ordines,</strong></span> <span class='ocrx_word' id='word_1_14' title='bbox 788 652 905 734; x_wconf 90' lang='lat' dir='ltr'><strong>quibus</strong></span> <span class='ocrx_word' id='word_1_15' title='bbox 926 674 1031 720; x_wconf 90' lang='lat' dir='ltr'><strong>rerum</strong></span> <span class='ocrx_word' id='word_1_16' title='bbox 1048 659 1215 739; x_wconf 85' lang='lat' dir='ltr'><strong>generatio</strong></span> <span class='ocrx_word' id='word_1_17' title='bbox 1286 713 1288 720; x_wconf 80' lang='grc'>,</span> 
     </span>
     <span class='ocr_line' id='line_1_4' title="bbox 97 759 1216 844; baseline 0.009 -22"><span class='ocrx_word' id='word_1_18' title='bbox 97 761 256 837; x_wconf 86' lang='lat' dir='ltr'><strong>eveniat;</strong></span> <span class='ocrx_word' id='word_1_19' title='bbox 279 761 359 824; x_wconf 89' lang='lat' dir='ltr'><strong>alter</strong></span> <span class='ocrx_word' id='word_1_20' title='bbox 374 767 423 824; x_wconf 91' lang='lat' dir='ltr'><strong>est</strong></span> <span class='ocrx_word' id='word_1_21' title='bbox 437 759 541 825; x_wconf 88' lang='lat' dir='ltr'><strong>hiooe:</strong></span> <span class='ocrx_word' id='word_1_22' title='bbox 564 767 708 826; x_wconf 85' lang='lat' dir='ltr'><strong>natura</strong></span> <span class='ocrx_word' id='word_1_23' title='bbox 724 760 893 844; x_wconf 91' lang='lat' dir='ltr'><strong>humida,</strong></span> <span class='ocrx_word' id='word_1_24' title='bbox 909 783 952 829; x_wconf 89' lang='lat' dir='ltr'><strong>ae</strong></span> <span class='ocrx_word' id='word_1_25' title='bbox 962 785 986 841; x_wconf 92' lang='lat' dir='ltr'><strong>r;</strong></span> <span class='ocrx_word' id='word_1_26' title='bbox 1009 764 1092 831; x_wconf 88' lang='lat' dir='ltr'><strong>alter</strong></span> <span class='ocrx_word' id='word_1_27' title='bbox 1107 765 1216 832; x_wconf 88' lang='lat' dir='ltr'><strong>hieoe:</strong></span> 
     </span>
     <span class='ocr_line' id='line_1_5' title="bbox 97 868 954 952; baseline 0.007 -21"><span class='ocrx_word' id='word_1_28' title='bbox 97 873 252 933; x_wconf 87' lang='lat' dir='ltr'><strong>natura</strong></span> <span class='ocrx_word' id='word_1_29' title='bbox 273 868 443 950; x_wconf 88' lang='lat' dir='ltr'><strong>humida,</strong></span> <span class='ocrx_word' id='word_1_30' title='bbox 465 889 569 934; x_wconf 85' lang='lat' dir='ltr'><strong>mare</strong></span> <span class='ocrx_word' id='word_1_31' title='bbox 592 870 677 935; x_wconf 84' lang='lat' dir='ltr'><strong>sive</strong></span> <span class='ocrx_word' id='word_1_32' title='bbox 698 889 811 952; x_wconf 87' lang='lat' dir='ltr'><strong>aqua,</strong></span> <span class='ocrx_word' id='word_1_33' title='bbox 836 878 954 936; x_wconf 85' lang='lat' dir='ltr'><strong>terra.</strong></span> 
     </span>
    </p>

    <p class='ocr_par' dir='ltr' id='par_1_3' title="bbox 98 976 1216 1829">
     <span class='ocr_line' id='line_1_6' title="bbox 212 976 1215 1066; baseline 0.006 -24"><span class='ocrx_word' id='word_1_34' title='bbox 212 976 308 1056; x_wconf 78' lang='lat' dir='ltr'><strong>Quod</strong></span> <span class='ocrx_word' id='word_1_35' title='bbox 329 977 372 1043; x_wconf 89' lang='lat' dir='ltr'><strong>ad</strong></span> <span class='ocrx_word' id='word_1_36' title='bbox 393 984 527 1043; x_wconf 83' lang='lat' dir='ltr'><strong>naturae</strong></span> <span class='ocrx_word' id='word_1_37' title='bbox 549 977 700 1044; x_wconf 82' lang='lat' dir='ltr'><strong>humidae</strong></span> <span class='ocrx_word' id='word_1_38' title='bbox 723 981 758 1044; x_wconf 94' lang='lat' dir='ltr'><strong>in</strong></span> <span class='ocrx_word' id='word_1_39' title='bbox 779 978 974 1066; x_wconf 77' lang='lat' dir='ltr'><strong>principium</strong></span> <span class='ocrx_word' id='word_1_40' title='bbox 995 983 1215 1048; x_wconf 82' lang='lat' dir='ltr'>reversionem</span> 
     </span>
     <span class='ocr_line' id='line_1_7' title="bbox 98 1087 1216 1175; baseline 0.008 -25"><span class='ocrx_word' id='word_1_41' title='bbox 98 1087 237 1170; x_wconf 82' lang='lat' dir='ltr'>attinet,</span> <span class='ocrx_word' id='word_1_42' title='bbox 256 1108 296 1153; x_wconf 89' lang='lat' dir='ltr'><strong>ea</strong></span> <span class='ocrx_word' id='word_1_43' title='bbox 320 1087 555 1154; x_wconf 85' lang='lat' dir='ltr'><strong>Anaximandri</strong></span> <span class='ocrx_word' id='word_1_44' title='bbox 579 1089 738 1154; x_wconf 91' lang='lat' dir='ltr'><strong>sententia</strong></span> <span class='ocrx_word' id='word_1_45' title='bbox 759 1110 823 1155; x_wconf 94' lang='lat' dir='ltr'><strong>non</strong></span> <span class='ocrx_word' id='word_1_46' title='bbox 845 1090 915 1156; x_wconf 81' lang='lat' dir='ltr'><strong>lieri</strong></span> <span class='ocrx_word' id='word_1_47' title='bbox 932 1098 1038 1174; x_wconf 87' lang='lat' dir='ltr'><strong>potest</strong></span> <span class='ocrx_word' id='word_1_48' title='bbox 1060 1092 1124 1157; x_wconf 93' lang='lat' dir='ltr'><strong>nisi</strong></span> <span class='ocrx_word' id='word_1_49' title='bbox 1147 1113 1216 1175; x_wconf 93' lang='lat' dir='ltr'><strong>per</strong></span> 
     </span>
     <span class='ocr_line' id='line_1_8' title="bbox 98 1198 1214 1282; baseline 0.005 -21"><span class='ocrx_word' id='word_1_50' title='bbox 98 1217 248 1262; x_wconf 90' lang='lat' dir='ltr'><strong>aerem.</strong></span> <span class='ocrx_word' id='word_1_51' title='bbox 290 1198 417 1264; x_wconf 80' lang='lat' dir='ltr'><strong>Etenim</strong></span> <span class='ocrx_word' id='word_1_52' title='bbox 436 1199 575 1282; x_wconf 89' lang='lat' dir='ltr'><strong>primum</strong></span> <span class='ocrx_word' id='word_1_53' title='bbox 598 1200 668 1264; x_wconf 88' lang='lat' dir='ltr'><strong>eius</strong></span> <span class='ocrx_word' id='word_1_54' title='bbox 685 1201 849 1265; x_wconf 86' lang='lat' dir='ltr'><strong>sententia</strong></span> <span class='ocrx_word' id='word_1_55' title='bbox 871 1201 1132 1267; x_wconf 86' lang='lat' dir='ltr'><strong>naturahnmida</strong></span> <span class='ocrx_word' id='word_1_56' title='bbox 1153 1222 1214 1268; x_wconf 90' lang='lat' dir='ltr'><strong>nee</strong></span> 
     </span>
     <span class='ocr_line' id='line_1_9' title="bbox 99 1307 1214 1395; baseline 0.005 -25"><span class='ocrx_word' id='word_1_57' title='bbox 99 1307 184 1389; x_wconf 90' lang='lat' dir='ltr'><strong>ipsa</strong></span> <span class='ocrx_word' id='word_1_58' title='bbox 207 1326 267 1372; x_wconf 89' lang='lat' dir='ltr'><strong>neo</strong></span> <span class='ocrx_word' id='word_1_59' title='bbox 287 1327 346 1390; x_wconf 87' lang='lat' dir='ltr'><strong>per</strong></span> <span class='ocrx_word' id='word_1_60' title='bbox 367 1308 465 1373; x_wconf 88' lang='lat' dir='ltr'><strong>aliam</strong></span> <span class='ocrx_word' id='word_1_61' title='bbox 491 1313 641 1373; x_wconf 90' lang='lat' dir='ltr'><strong>naturam</strong></span> <span class='ocrx_word' id='word_1_62' title='bbox 663 1327 703 1373; x_wconf 88' lang='lat' dir='ltr'><strong>ex</strong></span> <span class='ocrx_word' id='word_1_63' title='bbox 725 1311 797 1392; x_wconf 91' lang='lat' dir='ltr'><strong>ipsa</strong></span> <span class='ocrx_word' id='word_1_64' title='bbox 818 1316 919 1375; x_wconf 88' lang='lat' dir='ltr'><strong>ortam</strong></span> <span class='ocrx_word' id='word_1_65' title='bbox 943 1311 1025 1375; x_wconf 88' lang='lat' dir='ltr'><strong>verti</strong></span> <span class='ocrx_word' id='word_1_66' title='bbox 1048 1318 1155 1395; x_wconf 87' lang='lat' dir='ltr'><strong>potest</strong></span> <span class='ocrx_word' id='word_1_67' title='bbox 1181 1313 1214 1376; x_wconf 93' lang='lat' dir='ltr'><strong>in</strong></span> 
     </span>
     <span class='ocr_line' id='line_1_10' title="bbox 99 1416 1215 1502; baseline 0.004 -24"><span class='ocrx_word' id='word_1_68' title='bbox 99 1421 294 1480; x_wconf 87' lang='lat' dir='ltr'><strong>naturam</strong></span> <span class='ocrx_word' id='word_1_69' title='bbox 318 1416 490 1498; x_wconf 86' lang='lat' dir='ltr'><strong>igneam,</strong></span> <span class='ocrx_word' id='word_1_70' title='bbox 512 1416 576 1480; x_wconf 87' lang='lat' dir='ltr'><strong>nisi</strong></span> <span class='ocrx_word' id='word_1_71' title='bbox 598 1417 680 1482; x_wconf 83' lang='lat' dir='ltr'><strong>forte</strong></span> <span class='ocrx_word' id='word_1_72' title='bbox 703 1419 757 1498; x_wconf 91' lang='lat' dir='ltr'><strong>ita,</strong></span> <span class='ocrx_word' id='word_1_73' title='bbox 780 1423 814 1482; x_wconf 88' lang='lat' dir='ltr'><strong>ut</strong></span> <span class='ocrx_word' id='word_1_74' title='bbox 836 1423 933 1482; x_wconf 89' lang='lat' dir='ltr'><strong>antea</strong></span> <span class='ocrx_word' id='word_1_75' title='bbox 951 1416 1064 1484; x_wconf 84' lang='lat' dir='ltr'><strong>redeat</strong></span> <span class='ocrx_word' id='word_1_76' title='bbox 1076 1419 1110 1483; x_wconf 94' lang='lat' dir='ltr'><strong>in</strong></span> <span class='ocrx_word' id='word_1_77' title='bbox 1127 1419 1215 1502; x_wconf 91' lang='lat' dir='ltr'><strong>prin-</strong></span> 
     </span>
     <span class='ocr_line' id='line_1_11' title="bbox 100 1523 1213 1610; baseline 0.003 -20"><span class='ocrx_word' id='word_1_78' title='bbox 100 1525 231 1608; x_wconf 89' lang='lat' dir='ltr'><strong>eipium</strong></span> <span class='ocrx_word' id='word_1_79' title='bbox 255 1524 340 1589; x_wconf 89' lang='lat' dir='ltr'><strong>inter</strong></span> <span class='ocrx_word' id='word_1_80' title='bbox 366 1523 426 1590; x_wconf 88' lang='lat' dir='ltr'><strong>has</strong></span> <span class='ocrx_word' id='word_1_81' title='bbox 451 1531 586 1591; x_wconf 86' lang='lat' dir='ltr'><strong>naturas</strong></span> <span class='ocrx_word' id='word_1_82' title='bbox 614 1526 799 1609; x_wconf 82' lang='lat' dir='ltr'><strong>medium1),</strong></span> <span class='ocrx_word' id='word_1_83' title='bbox 833 1533 1013 1610; x_wconf 81' lang='lat' dir='ltr'><strong>propterea,</strong></span> <span class='ocrx_word' id='word_1_84' title='bbox 1043 1527 1130 1609; x_wconf 87' lang='lat' dir='ltr'><strong>quod</strong></span> <span class='ocrx_word' id='word_1_85' title='bbox 1152 1525 1213 1594; x_wconf 85' lang='lat' dir='ltr'><strong>hae</strong></span> 
     </span>
     <span class='ocr_line' id='line_1_12' title="bbox 98 1634 1213 1720; baseline 0.004 -23"><span class='ocrx_word' id='word_1_86' title='bbox 98 1640 243 1698; x_wconf 87' lang='lat' dir='ltr'><strong>naturae</strong></span> <span class='ocrx_word' id='word_1_87' title='bbox 266 1634 350 1698; x_wconf 88' lang='lat' dir='ltr'><strong>inter</strong></span> <span class='ocrx_word' id='word_1_88' title='bbox 373 1653 407 1698; x_wconf 91' lang='lat' dir='ltr'><strong>se</strong></span> <span class='ocrx_word' id='word_1_89' title='bbox 430 1635 609 1699; x_wconf 81' lang='lat' dir='ltr'><strong>contrariae</strong></span> <span class='ocrx_word' id='word_1_90' title='bbox 621 1641 705 1699; x_wconf 86' lang='lat' dir='ltr'><strong>sunt.</strong></span> <span class='ocrx_word' id='word_1_91' title='bbox 750 1634 897 1716; x_wconf 86' lang='lat' dir='ltr'><strong>Namque</strong></span> <span class='ocrx_word' id='word_1_92' title='bbox 914 1654 987 1700; x_wconf 91' lang='lat' dir='ltr'><strong>eum</strong></span> <span class='ocrx_word' id='word_1_93' title='bbox 1002 1636 1085 1701; x_wconf 91' lang='lat' dir='ltr'><strong>hano</strong></span> <span class='ocrx_word' id='word_1_94' title='bbox 1106 1636 1213 1720; x_wconf 86' lang='lat' dir='ltr'><strong>ipsam</strong></span> 
     </span>
     <span class='ocr_line' id='line_1_13' title="bbox 100 1730 1213 1829; baseline 0.004 -21"><span class='ocrx_word' id='word_1_95' title='bbox 100 1742 147 1808; x_wconf 95' lang='lat' dir='ltr'><strong>ob</strong></span> <span class='ocrx_word' id='word_1_96' title='bbox 172 1762 322 1808; x_wconf 87' lang='lat' dir='ltr'><strong>eaussam</strong></span> <span class='ocrx_word' id='word_1_97' title='bbox 345 1743 483 1809; x_wconf 88' lang='lat' dir='ltr'><strong>vidimus</strong></span> <span class='ocrx_word' id='word_1_98' title='bbox 505 1744 682 1827; x_wconf 86' lang='lat' dir='ltr'><strong>putavisse,</strong></span> <span class='ocrx_word' id='word_1_99' title='bbox 704 1765 811 1810; x_wconf 90' lang='lat' dir='ltr'><strong>rerum</strong></span> <span class='ocrx_word' id='word_1_100' title='bbox 833 1730 1022 1829; x_wconf 87' lang='lat' dir='ltr'><strong>prinoipium</strong></span> <span class='ocrx_word' id='word_1_101' title='bbox 1044 1765 1213 1829; x_wconf 89' lang='lat' dir='ltr'><strong>nonposse</strong></span> 
     </span>
    </p>
   </div>
   <div class='ocr_carea' id='block_1_3' title="bbox 99 2007 1213 4295">
    <p class='ocr_par' dir='ltr' id='par_1_4' title="bbox 99 2007 1213 3629">
     <span class='ocr_line' id='line_1_14' title="bbox 100 2007 1213 2079; baseline 0.003 -17"><span class='ocrx_word' id='word_1_102' title='bbox 100 2009 216 2063; x_wconf 77' lang='lat' dir='ltr'><strong>tentiae</strong></span> <span class='ocrx_word' id='word_1_103' title='bbox 235 2007 387 2079; x_wconf 87' lang='lat' dir='ltr'><strong>vestigium</strong></span> <span class='ocrx_word' id='word_1_104' title='bbox 401 2008 478 2062; x_wconf 89' lang='lat' dir='ltr'><strong>eredi</strong></span> <span class='ocrx_word' id='word_1_105' title='bbox 496 2008 586 2077; x_wconf 88' lang='lat' dir='ltr'><strong>possit</strong></span> <span class='ocrx_word' id='word_1_106' title='bbox 604 2009 648 2062; x_wconf 86' lang='lat' dir='ltr'><strong>his</strong></span> <span class='ocrx_word' id='word_1_107' title='bbox 666 2007 823 2078; x_wconf 87' lang='lat' dir='ltr'><strong>Hippolyti,</strong></span> <span class='ocrx_word' id='word_1_108' title='bbox 844 2007 954 2063; x_wconf 89' lang='lat' dir='ltr'><strong>Refutt.</strong></span> <span class='ocrx_word' id='word_1_109' title='bbox 967 2008 978 2061; x_wconf 95' lang='lat' dir='ltr'>I</span> <span class='ocrx_word' id='word_1_110' title='bbox 993 2013 1018 2078; x_wconf 88' lang='lat'><strong>6,</strong></span> <span class='ocrx_word' id='word_1_111' title='bbox 1037 2008 1130 2063; x_wconf 86' lang='lat' dir='ltr'><strong>verbis</strong></span> <span class='ocrx_word' id='word_1_112' title='bbox 1150 2027 1213 2064; x_wconf 88' lang='lat' dir='ltr'><strong>eon·</strong></span> 
     </span>
     <span class='ocr_line' id='line_1_15' title="bbox 100 2100 1212 2176; baseline 0.001 -16"><span class='ocrx_word' id='word_1_113' title='bbox 100 2106 203 2160; x_wconf 82' lang='lat' dir='ltr'><strong>tineri:</strong></span> <span class='ocrx_word' id='word_1_114' title='bbox 229 2103 276 2175; x_wconf 84' lang='lat' dir='ltr'><strong>„rd</strong></span> <span class='ocrx_word' id='word_1_115' title='bbox 296 2105 328 2159; x_wconf 78' lang='grc' dir='ltr'><strong>δὲ</strong></span> <span class='ocrx_word' id='word_1_116' title='bbox 348 2107 445 2176; x_wconf 78' lang='grc' dir='ltr'><em>σχῆμα</em></span> <span class='ocrx_word' id='word_1_117' title='bbox 469 2101 550 2172; x_wconf 78' lang='grc' dir='ltr'><em>αὐτῆς</em></span> <span class='ocrx_word' id='word_1_118' title='bbox 573 2105 631 2175; x_wconf 80' lang='grc' dir='ltr'><strong>(τῆς</strong></span> <span class='ocrx_word' id='word_1_119' title='bbox 648 2107 707 2174; x_wconf 85' lang='grc' dir='ltr'>γῆς)</span> <span class='ocrx_word' id='word_1_120' title='bbox 726 2100 839 2175; x_wconf 81' lang='grc' dir='ltr'><strong><em>ὑγρόν,</em></strong></span> <span class='ocrx_word' id='word_1_121' title='bbox 867 2100 1019 2175; x_wconf 78' lang='grc' dir='ltr'><strong>στογγὺλον</strong></span> <span class='ocrx_word' id='word_1_122' title='bbox 1045 2106 1120 2160; x_wconf 78' lang='grc' dir='ltr'><strong><em>κτλ.“</em></strong></span> <span class='ocrx_word' id='word_1_123' title='bbox 1157 2107 1212 2161; x_wconf 91' lang='lat' dir='ltr'><strong>Pro</strong></span> 
     </span>
     <span class='ocr_line' id='line_1_16' title="bbox 99 2197 1211 2273; baseline 0.001 -17"><span class='ocrx_word' id='word_1_124' title='bbox 99 2197 229 2273; x_wconf 71' lang='lat' dir='ltr'><strong>‘dypdo’,</strong></span> <span class='ocrx_word' id='word_1_125' title='bbox 258 2201 333 2272; x_wconf 90' lang='lat' dir='ltr'><strong>quod</strong></span> <span class='ocrx_word' id='word_1_126' title='bbox 351 2202 419 2256; x_wconf 88' lang='lat' dir='ltr'><strong>libri</strong></span> <span class='ocrx_word' id='word_1_127' title='bbox 438 2202 554 2270; x_wconf 85' lang='lat' dir='ltr'><strong>habent,</strong></span> <span class='ocrx_word' id='word_1_128' title='bbox 585 2204 614 2256; x_wconf 90' lang='lat' dir='ltr'><strong>in</strong></span> <span class='ocrx_word' id='word_1_129' title='bbox 633 2203 757 2258; x_wconf 87' lang='lat' dir='ltr'><strong>editione</strong></span> <span class='ocrx_word' id='word_1_130' title='bbox 776 2203 902 2272; x_wconf 81' lang='lat' dir='ltr'><strong>Gotting.</strong></span> <span class='ocrx_word' id='word_1_131' title='bbox 931 2203 1065 2256; x_wconf 84' lang='lat' dir='ltr'><strong>suadente</strong></span> <span class='ocrx_word' id='word_1_132' title='bbox 1084 2203 1211 2273; x_wconf 90' lang='lat' dir='ltr'><strong>Roepero</strong></span> 
     </span>
     <span class='ocr_line' id='line_1_17' title="bbox 102 2289 1213 2368; baseline 0 -14"><span class='ocrx_word' id='word_1_133' title='bbox 102 2300 242 2366; x_wconf 80' lang='lat' dir='ltr'><strong>scribitur</strong></span> <span class='ocrx_word' id='word_1_134' title='bbox 260 2294 383 2368; x_wconf 65' lang='lat' dir='ltr'><strong>‘yvodv&#39;,</strong></span> <span class='ocrx_word' id='word_1_135' title='bbox 403 2317 475 2368; x_wconf 90' lang='lat' dir='ltr'><strong>quae</strong></span> <span class='ocrx_word' id='word_1_136' title='bbox 493 2289 614 2353; x_wconf 85' lang='lat' dir='ltr'><strong>mutatio</strong></span> <span class='ocrx_word' id='word_1_137' title='bbox 634 2304 663 2353; x_wconf 88' lang='lat' dir='ltr'><strong>et</strong></span> <span class='ocrx_word' id='word_1_138' title='bbox 683 2299 774 2354; x_wconf 84' lang='lat' dir='ltr'><strong>facilis</strong></span> <span class='ocrx_word' id='word_1_139' title='bbox 793 2303 835 2353; x_wconf 85' lang='lat' dir='ltr'><strong>est</strong></span> <span class='ocrx_word' id='word_1_140' title='bbox 855 2303 884 2353; x_wconf 90' lang='lat' dir='ltr'><strong>et</strong></span> <span class='ocrx_word' id='word_1_141' title='bbox 901 2299 938 2354; x_wconf 86' lang='lat' dir='ltr'><strong>ad</strong></span> <span class='ocrx_word' id='word_1_142' title='bbox 952 2298 1159 2354; x_wconf 78' lang='lat' dir='ltr'><strong>Anaximandri</strong></span> <span class='ocrx_word' id='word_1_143' title='bbox 1178 2299 1213 2354; x_wconf 91' lang='lat' dir='ltr'><strong>de</strong></span> 
     </span>
     <span class='ocr_line' id='line_1_18' title="bbox 102 2394 1212 2464; baseline -0.002 -12"><span class='ocrx_word' id='word_1_144' title='bbox 102 2401 201 2452; x_wconf 87' lang='lat' dir='ltr'><strong>terrae</strong></span> <span class='ocrx_word' id='word_1_145' title='bbox 223 2396 316 2450; x_wconf 83' lang='lat' dir='ltr'><strong>forma</strong></span> <span class='ocrx_word' id='word_1_146' title='bbox 343 2396 505 2464; x_wconf 87' lang='lat' dir='ltr'><strong>opinionem</strong></span> <span class='ocrx_word' id='word_1_147' title='bbox 528 2395 717 2450; x_wconf 81' lang='lat' dir='ltr'><strong>accomoda-ta.</strong></span> <span class='ocrx_word' id='word_1_148' title='bbox 749 2394 803 2450; x_wconf 87' lang='lat' dir='ltr'><strong>Sed</strong></span> <span class='ocrx_word' id='word_1_149' title='bbox 825 2400 921 2450; x_wconf 86' lang='lat' dir='ltr'><strong>tamen</strong></span> <span class='ocrx_word' id='word_1_150' title='bbox 951 2413 1007 2450; x_wconf 92' lang='lat' dir='ltr'><strong>non</strong></span> <span class='ocrx_word' id='word_1_151' title='bbox 1034 2400 1129 2464; x_wconf 81' lang='lat' dir='ltr'><strong>potest</strong></span> <span class='ocrx_word' id='word_1_152' title='bbox 1156 2413 1212 2450; x_wconf 90' lang='lat' dir='ltr'><strong>non</strong></span> 
     </span>
     <span class='ocr_line' id='line_1_19' title="bbox 102 2491 1211 2561; baseline 0 -14"><span class='ocrx_word' id='word_1_153' title='bbox 102 2494 210 2547; x_wconf 86' lang='lat' dir='ltr'><strong>mirum</strong></span> <span class='ocrx_word' id='word_1_154' title='bbox 228 2493 326 2557; x_wconf 88' lang='lat' dir='ltr'><strong>videri,</strong></span> <span class='ocrx_word' id='word_1_155' title='bbox 350 2509 399 2546; x_wconf 86' lang='lat' dir='ltr'><strong>our</strong></span> <span class='ocrx_word' id='word_1_156' title='bbox 422 2492 451 2545; x_wconf 90' lang='lat' dir='ltr'><strong>in</strong></span> <span class='ocrx_word' id='word_1_157' title='bbox 474 2491 527 2546; x_wconf 89' lang='lat' dir='ltr'><strong>hae</strong></span> <span class='ocrx_word' id='word_1_158' title='bbox 544 2492 625 2546; x_wconf 92' lang='lat' dir='ltr'><strong>brevi</strong></span> <span class='ocrx_word' id='word_1_159' title='bbox 644 2491 833 2561; x_wconf 77' lang='lat' dir='ltr'><strong>descriptione</strong></span> <span class='ocrx_word' id='word_1_160' title='bbox 856 2492 979 2547; x_wconf 88' lang='lat' dir='ltr'><strong>rotunda</strong></span> <span class='ocrx_word' id='word_1_161' title='bbox 1003 2497 1096 2546; x_wconf 88' lang='lat' dir='ltr'><strong>terrae</strong></span> <span class='ocrx_word' id='word_1_162' title='bbox 1120 2493 1211 2548; x_wconf 83' lang='lat' dir='ltr'><strong>forma</strong></span> 
     </span>
     <span class='ocr_line' id='line_1_20' title="bbox 103 2587 1210 2659; baseline -0.001 -15"><span class='ocrx_word' id='word_1_163' title='bbox 103 2591 217 2644; x_wconf 90' lang='lat' dir='ltr'><strong>duobus</strong></span> <span class='ocrx_word' id='word_1_164' title='bbox 236 2587 410 2659; x_wconf 79' lang='lat' dir='ltr'><strong>significetur</strong></span> <span class='ocrx_word' id='word_1_165' title='bbox 428 2588 580 2656; x_wconf 81' lang='lat' dir='ltr'><strong>vocabulis,</strong></span> <span class='ocrx_word' id='word_1_166' title='bbox 609 2605 689 2658; x_wconf 88' lang='lat' dir='ltr'><strong>quae,</strong></span> <span class='ocrx_word' id='word_1_167' title='bbox 713 2589 766 2643; x_wconf 87' lang='lat' dir='ltr'><strong>hoe</strong></span> <span class='ocrx_word' id='word_1_168' title='bbox 791 2589 958 2657; x_wconf 86' lang='lat' dir='ltr'><strong>praesertim</strong></span> <span class='ocrx_word' id='word_1_169' title='bbox 977 2590 1046 2657; x_wconf 89' lang='lat' dir='ltr'><strong>loeo,</strong></span> <span class='ocrx_word' id='word_1_170' title='bbox 1072 2588 1210 2658; x_wconf 79' lang='lat' dir='ltr'><strong>signifiea-</strong></span> 
     </span>
     <span class='ocr_line' id='line_1_21' title="bbox 103 2681 1208 2755; baseline 0 -17"><span class='ocrx_word' id='word_1_171' title='bbox 103 2686 184 2738; x_wconf 87' lang='lat' dir='ltr'><strong>tione</strong></span> <span class='ocrx_word' id='word_1_172' title='bbox 204 2683 355 2738; x_wconf 87' lang='lat' dir='ltr'><strong>videantur</strong></span> <span class='ocrx_word' id='word_1_173' title='bbox 373 2684 486 2737; x_wconf 90' lang='lat' dir='ltr'><strong>omniuo</strong></span> <span class='ocrx_word' id='word_1_174' title='bbox 506 2701 562 2737; x_wconf 89' lang='lat' dir='ltr'><strong>non</strong></span> <span class='ocrx_word' id='word_1_175' title='bbox 581 2682 703 2736; x_wconf 84' lang='lat' dir='ltr'><strong>differre.</strong></span> <span class='ocrx_word' id='word_1_176' title='bbox 743 2683 835 2750; x_wconf 79' lang='lat' dir='ltr'><strong>Quare</strong></span> <span class='ocrx_word' id='word_1_177' title='bbox 854 2683 967 2738; x_wconf 85' lang='lat' dir='ltr'><strong>eredere</strong></span> <span class='ocrx_word' id='word_1_178' title='bbox 987 2684 1075 2752; x_wconf 84' lang='lat' dir='ltr'><strong>possis</strong></span> <span class='ocrx_word' id='word_1_179' title='bbox 1094 2681 1208 2755; x_wconf 74' lang='lat' dir='ltr'><strong>‘dypdv&#39;</strong></span> 
     </span>
     <span class='ocr_line' id='line_1_22' title="bbox 103 2779 1210 2850; baseline 0.001 -15"><span class='ocrx_word' id='word_1_180' title='bbox 103 2780 288 2835; x_wconf 89' lang='lat' dir='ltr'><strong>retinendum</strong></span> <span class='ocrx_word' id='word_1_181' title='bbox 306 2785 335 2834; x_wconf 89' lang='lat' dir='ltr'><strong>et</strong></span> <span class='ocrx_word' id='word_1_182' title='bbox 360 2780 401 2834; x_wconf 89' lang='lat' dir='ltr'><strong>ita</strong></span> <span class='ocrx_word' id='word_1_183' title='bbox 421 2780 617 2849; x_wconf 87' lang='lat' dir='ltr'><strong>explicandum</strong></span> <span class='ocrx_word' id='word_1_184' title='bbox 635 2797 703 2847; x_wconf 89' lang='lat' dir='ltr'><strong>esse,</strong></span> <span class='ocrx_word' id='word_1_185' title='bbox 727 2785 759 2848; x_wconf 86' lang='lat' dir='ltr'><strong>nt</strong></span> <span class='ocrx_word' id='word_1_186' title='bbox 777 2779 956 2850; x_wconf 77' lang='lat' dir='ltr'><strong>Hippolytus,</strong></span> <span class='ocrx_word' id='word_1_187' title='bbox 982 2781 1058 2848; x_wconf 91' lang='lat' dir='ltr'><strong>quod</strong></span> <span class='ocrx_word' id='word_1_188' title='bbox 1081 2800 1137 2836; x_wconf 91' lang='lat' dir='ltr'><strong>non</strong></span> <span class='ocrx_word' id='word_1_189' title='bbox 1155 2783 1210 2836; x_wconf 90' lang='lat' dir='ltr'><strong>nisi</strong></span> 
     </span>
     <span class='ocr_line' id='line_1_23' title="bbox 104 2877 1211 2949; baseline 0.002 -17"><span class='ocrx_word' id='word_1_190' title='bbox 104 2878 285 2946; x_wconf 84' lang='lat' dir='ltr'><strong>ad&#39;primum</strong></span> <span class='ocrx_word' id='word_1_191' title='bbox 304 2882 398 2931; x_wconf 87' lang='lat' dir='ltr'><strong>terrae</strong></span> <span class='ocrx_word' id='word_1_192' title='bbox 418 2881 523 2931; x_wconf 85' lang='lat' dir='ltr'><strong>statum</strong></span> <span class='ocrx_word' id='word_1_193' title='bbox 541 2877 708 2946; x_wconf 87' lang='lat' dir='ltr'><strong>pertineret,</strong></span> <span class='ocrx_word' id='word_1_194' title='bbox 727 2881 776 2930; x_wconf 88' lang='lat' dir='ltr'><strong>aut</strong></span> <span class='ocrx_word' id='word_1_195' title='bbox 795 2877 942 2931; x_wconf 80' lang='lat' dir='ltr'><strong>inscientia</strong></span> <span class='ocrx_word' id='word_1_196' title='bbox 964 2881 1013 2931; x_wconf 88' lang='lat' dir='ltr'><strong>aut</strong></span> <span class='ocrx_word' id='word_1_197' title='bbox 1031 2879 1211 2949; x_wconf 83' lang='lat' dir='ltr'><strong>neglegentia</strong></span> 
     </span>
     <span class='ocr_line' id='line_1_24' title="bbox 104 2973 1212 3034; baseline 0.004 -5"><span class='ocrx_word' id='word_1_198' title='bbox 104 2981 155 3030; x_wconf 86' lang='lat' dir='ltr'><strong>aut</strong></span> <span class='ocrx_word' id='word_1_199' title='bbox 181 2975 331 3028; x_wconf 84' lang='lat' dir='ltr'><strong>brevitatis</strong></span> <span class='ocrx_word' id='word_1_200' title='bbox 357 2990 454 3028; x_wconf 84' lang='lat' dir='ltr'><strong>caussa</strong></span> <span class='ocrx_word' id='word_1_201' title='bbox 477 2974 530 3028; x_wconf 89' lang='lat' dir='ltr'><strong>hoo</strong></span> <span class='ocrx_word' id='word_1_202' title='bbox 556 2975 617 3028; x_wconf 86' lang='lat' dir='ltr'><strong>loeo</strong></span> <span class='ocrx_word' id='word_1_203' title='bbox 641 2974 800 3028; x_wconf 77' lang='lat' dir='ltr'><strong>inseruerit,</strong></span> <span class='ocrx_word' id='word_1_204' title='bbox 837 2973 932 3028; x_wconf 84' lang='lat' dir='ltr'><strong>Facile</strong></span> <span class='ocrx_word' id='word_1_205' title='bbox 962 2979 1057 3028; x_wconf 89' lang='lat' dir='ltr'><strong>autem</strong></span> <span class='ocrx_word' id='word_1_206' title='bbox 1080 2977 1212 3034; x_wconf 82' lang='lat' dir='ltr'><strong>concedo.</strong></span> 
     </span>
     <span class='ocr_line' id='line_1_25' title="bbox 104 3068 1208 3144; baseline -0.001 -20"><span class='ocrx_word' id='word_1_207' title='bbox 104 3073 172 3126; x_wconf 87' lang='lat' dir='ltr'><strong>huie</strong></span> <span class='ocrx_word' id='word_1_208' title='bbox 193 3072 280 3125; x_wconf 89' lang='lat' dir='ltr'><strong>etiarn</strong></span> <span class='ocrx_word' id='word_1_209' title='bbox 308 3072 491 3144; x_wconf 80' lang='lat' dir='ltr'><strong>explicationi</strong></span> <span class='ocrx_word' id='word_1_210' title='bbox 519 3073 602 3140; x_wconf 86' lang='lat' dir='ltr'><strong>plura</strong></span> <span class='ocrx_word' id='word_1_211' title='bbox 630 3071 748 3140; x_wconf 59' lang='lat' dir='ltr'><strong>obesse,</strong></span> <span class='ocrx_word' id='word_1_212' title='bbox 772 3074 905 3139; x_wconf 89' lang='lat' dir='ltr'><strong>primurn,</strong></span> <span class='ocrx_word' id='word_1_213' title='bbox 933 3071 1009 3140; x_wconf 88' lang='lat' dir='ltr'><strong>quod</strong></span> <span class='ocrx_word' id='word_1_214' title='bbox 1031 3068 1075 3124; x_wconf 81' lang='grc' dir='ltr'><strong>ιτὸ</strong></span> <span class='ocrx_word' id='word_1_215' title='bbox 1100 3069 1208 3142; x_wconf 80' lang='grc' dir='ltr'><em>σχῆμα’</em></span> 
     </span>
     <span class='ocr_line' id='line_1_26' title="bbox 104 3163 1209 3238; baseline -0.001 -16"><span class='ocrx_word' id='word_1_216' title='bbox 104 3169 221 3238; x_wconf 89' lang='lat' dir='ltr'><strong>proprie</strong></span> <span class='ocrx_word' id='word_1_217' title='bbox 240 3185 297 3221; x_wconf 90' lang='lat' dir='ltr'><strong>non</strong></span> <span class='ocrx_word' id='word_1_218' title='bbox 320 3172 414 3236; x_wconf 86' lang='lat' dir='ltr'><strong>potest</strong></span> <span class='ocrx_word' id='word_1_219' title='bbox 432 3168 488 3223; x_wconf 87' lang='lat' dir='ltr'><strong>diei</strong></span> <span class='ocrx_word' id='word_1_220' title='bbox 506 3163 630 3236; x_wconf 74' lang='grc' dir='ltr'><strong>’ὑγρόν’,</strong></span> <span class='ocrx_word' id='word_1_221' title='bbox 658 3186 825 3237; x_wconf 90' lang='lat' dir='ltr'><strong>quamquam</strong></span> <span class='ocrx_word' id='word_1_222' title='bbox 848 3169 917 3223; x_wconf 84' lang='lat' dir='ltr'><strong>heee</strong></span> <span class='ocrx_word' id='word_1_223' title='bbox 942 3168 1092 3222; x_wconf 88' lang='lat' dir='ltr'><strong>verborum</strong></span> <span class='ocrx_word' id='word_1_224' title='bbox 1115 3169 1209 3222; x_wconf 92' lang='lat' dir='ltr'><strong>inoon-</strong></span> 
     </span>
     <span class='ocr_line' id='line_1_27' title="bbox 105 3264 1209 3334; baseline 0.001 -16"><span class='ocrx_word' id='word_1_225' title='bbox 105 3265 250 3320; x_wconf 86' lang='lat' dir='ltr'><strong>venientia</strong></span> <span class='ocrx_word' id='word_1_226' title='bbox 268 3282 325 3318; x_wconf 92' lang='lat' dir='ltr'><strong>non</strong></span> <span class='ocrx_word' id='word_1_227' title='bbox 350 3265 433 3318; x_wconf 89' lang='lat' dir='ltr'><strong>nimis</strong></span> <span class='ocrx_word' id='word_1_228' title='bbox 451 3265 564 3319; x_wconf 89' lang='lat' dir='ltr'><strong>videtur</strong></span> <span class='ocrx_word' id='word_1_229' title='bbox 588 3266 741 3334; x_wconf 84' lang='lat' dir='ltr'><strong>premenda</strong></span> <span class='ocrx_word' id='word_1_230' title='bbox 760 3283 830 3334; x_wconf 81' lang='lat' dir='ltr'><strong>esse3</strong></span> <span class='ocrx_word' id='word_1_231' title='bbox 854 3264 955 3319; x_wconf 90' lang='lat' dir='ltr'><strong>deinde</strong></span> <span class='ocrx_word' id='word_1_232' title='bbox 979 3264 1053 3333; x_wconf 90' lang='lat' dir='ltr'><strong>quod</strong></span> <span class='ocrx_word' id='word_1_233' title='bbox 1077 3265 1209 3319; x_wconf 79' lang='lat' dir='ltr'><strong>continuo</strong></span> 
     </span>
     <span class='ocr_line' id='line_1_28' title="bbox 106 3357 1210 3432; baseline 0 -16"><span class='ocrx_word' id='word_1_234' title='bbox 106 3366 175 3431; x_wconf 89' lang='lat' dir='ltr'><strong>post</strong></span> <span class='ocrx_word' id='word_1_235' title='bbox 193 3367 271 3415; x_wconf 89' lang='lat' dir='ltr'><strong>terra</strong></span> <span class='ocrx_word' id='word_1_236' title='bbox 291 3361 391 3415; x_wconf 87' lang='lat' dir='ltr'><strong>similis</strong></span> <span class='ocrx_word' id='word_1_237' title='bbox 411 3377 469 3414; x_wconf 83' lang='lat' dir='ltr'><strong>esse</strong></span> <span class='ocrx_word' id='word_1_238' title='bbox 488 3361 593 3416; x_wconf 84' lang='lat' dir='ltr'><strong>dieitur</strong></span> <span class='ocrx_word' id='word_1_239' title='bbox 609 3359 695 3415; x_wconf 76' lang='lat' dir='ltr'><strong>‘ntum</strong></span> <span class='ocrx_word' id='word_1_240' title='bbox 709 3357 785 3432; x_wconf 75' lang='grc' dir='ltr'><em>λίθῳ’</em></span> <span class='ocrx_word' id='word_1_241' title='bbox 808 3363 854 3429; x_wconf 88' lang='lat' dir='ltr'><strong>(de</strong></span> <span class='ocrx_word' id='word_1_242' title='bbox 871 3380 927 3430; x_wconf 86' lang='lat' dir='ltr'><strong>qua</strong></span> <span class='ocrx_word' id='word_1_243' title='bbox 944 3363 1040 3416; x_wconf 87' lang='lat' dir='ltr'><strong>realio</strong></span> <span class='ocrx_word' id='word_1_244' title='bbox 1053 3362 1115 3418; x_wconf 88' lang='lat' dir='ltr'><strong>loeo</strong></span> <span class='ocrx_word' id='word_1_245' title='bbox 1128 3362 1210 3430; x_wconf 89' lang='lat' dir='ltr'><strong>plura</strong></span> 
     </span>
     <span class='ocr_line' id='line_1_29' title="bbox 104 3458 1209 3528; baseline -0.001 -14"><span class='ocrx_word' id='word_1_246' title='bbox 104 3460 256 3524; x_wconf 88' lang='lat' dir='ltr'><strong>dicentur),</strong></span> <span class='ocrx_word' id='word_1_247' title='bbox 275 3458 452 3512; x_wconf 83' lang='lat' dir='ltr'><strong>humiditatis</strong></span> <span class='ocrx_word' id='word_1_248' title='bbox 471 3463 565 3512; x_wconf 87' lang='lat' dir='ltr'><strong>autern</strong></span> <span class='ocrx_word' id='word_1_249' title='bbox 584 3459 706 3527; x_wconf 87' lang='lat' dir='ltr'><strong>qualitas</strong></span> <span class='ocrx_word' id='word_1_250' title='bbox 726 3459 767 3512; x_wconf 87' lang='lat' dir='ltr'><strong>ita</strong></span> <span class='ocrx_word' id='word_1_251' title='bbox 786 3458 900 3513; x_wconf 90' lang='lat' dir='ltr'><strong>videtur</strong></span> <span class='ocrx_word' id='word_1_252' title='bbox 919 3476 981 3513; x_wconf 87' lang='lat' dir='ltr'><strong>oum</strong></span> <span class='ocrx_word' id='word_1_253' title='bbox 994 3459 1095 3528; x_wconf 86' lang='lat' dir='ltr'><strong>lapidis</strong></span> <span class='ocrx_word' id='word_1_254' title='bbox 1106 3464 1209 3513; x_wconf 86' lang='lat' dir='ltr'><strong>natura</strong></span> 
     </span>
     <span class='ocr_line' id='line_1_30' title="bbox 104 3556 1084 3629; baseline -0.002 -17"><span class='ocrx_word' id='word_1_255' title='bbox 104 3568 242 3629; x_wconf 81' lang='lat' dir='ltr'><strong>pugnare,</strong></span> <span class='ocrx_word' id='word_1_256' title='bbox 261 3563 293 3612; x_wconf 90' lang='lat' dir='ltr'><strong>nt</strong></span> <span class='ocrx_word' id='word_1_257' title='bbox 313 3558 382 3612; x_wconf 85' lang='lat' dir='ltr'><strong>haee</strong></span> <span class='ocrx_word' id='word_1_258' title='bbox 399 3559 587 3628; x_wconf 84' lang='lat' dir='ltr'><strong>repugnantia</strong></span> <span class='ocrx_word' id='word_1_259' title='bbox 605 3558 652 3611; x_wconf 89' lang='lat' dir='ltr'><strong>vix</strong></span> <span class='ocrx_word' id='word_1_260' title='bbox 670 3558 796 3627; x_wconf 88' lang='lat' dir='ltr'><strong>potuerit</strong></span> <span class='ocrx_word' id='word_1_261' title='bbox 815 3575 871 3612; x_wconf 92' lang='lat' dir='ltr'><strong>non</strong></span> <span class='ocrx_word' id='word_1_262' title='bbox 891 3556 1084 3611; x_wconf 85' lang='lat' dir='ltr'><strong>animadverti.</strong></span> 
     </span>
    </p>

    <p class='ocr_par' dir='ltr' id='par_1_5' title="bbox 104 3653 1209 4295">
     <span class='ocr_line' id='line_1_31' title="bbox 210 3653 1209 3723; baseline -0.003 -14"><span class='ocrx_word' id='word_1_263' title='bbox 210 3659 234 3720; x_wconf 83' lang='lat' dir='ltr'><strong>l)</strong></span> <span class='ocrx_word' id='word_1_264' title='bbox 251 3655 359 3709; x_wconf 84' lang='lat' dir='ltr'><strong>Eodem</strong></span> <span class='ocrx_word' id='word_1_265' title='bbox 382 3654 465 3708; x_wconf 89' lang='lat' dir='ltr'><strong>modo</strong></span> <span class='ocrx_word' id='word_1_266' title='bbox 484 3654 651 3708; x_wconf 88' lang='lat' dir='ltr'><strong>Aristoteles</strong></span> <span class='ocrx_word' id='word_1_267' title='bbox 672 3653 831 3720; x_wconf 81' lang='lat' dir='ltr'><strong>condendit,</strong></span> <span class='ocrx_word' id='word_1_268' title='bbox 856 3670 925 3723; x_wconf 89' lang='lat' dir='ltr'><strong>rem,</strong></span> <span class='ocrx_word' id='word_1_269' title='bbox 955 3670 1025 3721; x_wconf 86' lang='lat' dir='ltr'><strong>quae</strong></span> <span class='ocrx_word' id='word_1_270' title='bbox 1047 3670 1097 3706; x_wconf 83' lang='lat' dir='ltr'><strong>sua</strong></span> <span class='ocrx_word' id='word_1_271' title='bbox 1120 3653 1209 3721; x_wconf 87' lang='lat' dir='ltr'><strong>quali·</strong></span> 
     </span>
     <span class='ocr_line' id='line_1_32' title="bbox 104 3749 1209 3821; baseline -0.002 -15"><span class='ocrx_word' id='word_1_272' title='bbox 104 3753 161 3806; x_wconf 86' lang='lat' dir='ltr'><strong>tati</strong></span> <span class='ocrx_word' id='word_1_273' title='bbox 179 3753 228 3806; x_wconf 85' lang='lat' dir='ltr'><strong>alii</strong></span> <span class='ocrx_word' id='word_1_274' title='bbox 247 3753 288 3806; x_wconf 89' lang='lat' dir='ltr'><strong>rei</strong></span> <span class='ocrx_word' id='word_1_275' title='bbox 307 3769 406 3821; x_wconf 84' lang='lat' dir='ltr'><strong>prosus</strong></span> <span class='ocrx_word' id='word_1_276' title='bbox 419 3751 561 3805; x_wconf 84' lang='lat' dir='ltr'><strong>contraria</strong></span> <span class='ocrx_word' id='word_1_277' title='bbox 574 3751 620 3813; x_wconf 87' lang='lat' dir='ltr'><strong>sit,</strong></span> <span class='ocrx_word' id='word_1_278' title='bbox 638 3751 668 3803; x_wconf 93' lang='lat' dir='ltr'><strong>in</strong></span> <span class='ocrx_word' id='word_1_279' title='bbox 688 3750 759 3804; x_wconf 90' lang='lat' dir='ltr'><strong>hanc</strong></span> <span class='ocrx_word' id='word_1_280' title='bbox 778 3767 833 3802; x_wconf 91' lang='lat' dir='ltr'><strong>non</strong></span> <span class='ocrx_word' id='word_1_281' title='bbox 852 3767 932 3818; x_wconf 87' lang='lat' dir='ltr'><strong>posse</strong></span> <span class='ocrx_word' id='word_1_282' title='bbox 950 3749 1071 3803; x_wconf 85' lang='lat' dir='ltr'><strong>transire</strong></span> <span class='ocrx_word' id='word_1_283' title='bbox 1089 3749 1144 3803; x_wconf 76' lang='lat' dir='ltr'><strong>nisi</strong></span> <span class='ocrx_word' id='word_1_284' title='bbox 1161 3750 1209 3813; x_wconf 89' lang='lat' dir='ltr'><strong>ita,</strong></span> 
     </span>
     <span class='ocr_line' id='line_1_33' title="bbox 106 3845 1208 3916; baseline -0.003 -12"><span class='ocrx_word' id='word_1_285' title='bbox 106 3855 140 3904; x_wconf 88' lang='lat' dir='ltr'><strong>ut</strong></span> <span class='ocrx_word' id='word_1_286' title='bbox 164 3855 247 3904; x_wconf 86' lang='lat' dir='ltr'><strong>antea</strong></span> <span class='ocrx_word' id='word_1_287' title='bbox 274 3853 434 3903; x_wconf 89' lang='lat' dir='ltr'><strong>revertatur</strong></span> <span class='ocrx_word' id='word_1_288' title='bbox 461 3849 491 3901; x_wconf 89' lang='lat' dir='ltr'><strong>in</strong></span> <span class='ocrx_word' id='word_1_289' title='bbox 518 3848 666 3904; x_wconf 86' lang='lat' dir='ltr'><strong>materiam</strong></span> <span class='ocrx_word' id='word_1_290' title='bbox 689 3848 818 3916; x_wconf 89' lang='lat' dir='ltr'><strong>primam.</strong></span> <span class='ocrx_word' id='word_1_291' title='bbox 861 3845 924 3900; x_wconf 90' lang='lat' dir='ltr'><strong>Vid.</strong></span> <span class='ocrx_word' id='word_1_292' title='bbox 953 3845 1077 3914; x_wconf 84' lang='lat' dir='ltr'><strong>Metaph.</strong></span> <span class='ocrx_word' id='word_1_293' title='bbox 1096 3847 1163 3900; x_wconf 88' lang='lat' dir='ltr'>VIII</span> <span class='ocrx_word' id='word_1_294' title='bbox 1183 3850 1208 3901; x_wconf 82' lang='lat'><strong>5.</strong></span> 
     </span>
     <span class='ocr_line' id='line_1_34' title="bbox 108 3943 1208 4014; baseline 0 -15"><span class='ocrx_word' id='word_1_295' title='bbox 108 3947 198 4000; x_wconf 76' lang='lat'>104412</span> <span class='ocrx_word' id='word_1_296' title='bbox 212 3948 246 4000; x_wconf 81' lang='lat'><strong>29</strong></span> <span class='ocrx_word' id='word_1_297' title='bbox 266 3963 306 4014; x_wconf 88' lang='lat' dir='ltr'><strong>sq.</strong></span> <span class='ocrx_word' id='word_1_298' title='bbox 334 3945 508 4014; x_wconf 76' lang='lat' dir='ltr'><strong>Quamquam</strong></span> <span class='ocrx_word' id='word_1_299' title='bbox 527 3946 556 3998; x_wconf 93' lang='lat' dir='ltr'><strong>id</strong></span> <span class='ocrx_word' id='word_1_300' title='bbox 576 3945 660 3998; x_wconf 89' lang='lat' dir='ltr'><strong>etiam</strong></span> <span class='ocrx_word' id='word_1_301' title='bbox 689 3945 719 3997; x_wconf 89' lang='lat' dir='ltr'><strong>in</strong></span> <span class='ocrx_word' id='word_1_302' title='bbox 742 3943 953 3998; x_wconf 88' lang='lat' dir='ltr'><strong>Anaximandro</strong></span> <span class='ocrx_word' id='word_1_303' title='bbox 977 3943 1099 3997; x_wconf 86' lang='lat' dir='ltr'><strong>maximo</strong></span> <span class='ocrx_word' id='word_1_304' title='bbox 1124 3962 1208 4013; x_wconf 90' lang='lat' dir='ltr'><strong>opere</strong></span> 
     </span>
     <span class='ocr_line' id='line_1_35' title="bbox 106 4042 1208 4114; baseline -0.005 -15"><span class='ocrx_word' id='word_1_305' title='bbox 106 4046 222 4099; x_wconf 89' lang='lat' dir='ltr'><strong>dubium</strong></span> <span class='ocrx_word' id='word_1_306' title='bbox 243 4049 298 4113; x_wconf 73' lang='lat' dir='ltr'><strong>est,</strong></span> <span class='ocrx_word' id='word_1_307' title='bbox 319 4045 422 4114; x_wconf 91' lang='lat' dir='ltr'><strong>quippe</strong></span> <span class='ocrx_word' id='word_1_308' title='bbox 442 4045 489 4112; x_wconf 91' lang='lat' dir='ltr'><strong>qui</strong></span> <span class='ocrx_word' id='word_1_309' title='bbox 509 4045 638 4097; x_wconf 87' lang='lat' dir='ltr'><strong>videatur</strong></span> <span class='ocrx_word' id='word_1_310' title='bbox 657 4043 808 4111; x_wconf 86' lang='lat' dir='ltr'><strong>putavisse,</strong></span> <span class='ocrx_word' id='word_1_311' title='bbox 827 4042 855 4095; x_wconf 91' lang='lat' dir='ltr'><strong>in</strong></span> <span class='ocrx_word' id='word_1_312' title='bbox 875 4045 1011 4111; x_wconf 88' lang='lat' dir='ltr'><strong>perpetuo</strong></span> <span class='ocrx_word' id='word_1_313' title='bbox 1030 4057 1125 4094; x_wconf 87' lang='lat' dir='ltr'><strong>rerum</strong></span> <span class='ocrx_word' id='word_1_314' title='bbox 1144 4045 1208 4095; x_wconf 88' lang='lat' dir='ltr'><strong>ortu</strong></span> 
     </span>
     <span class='ocr_line' id='line_1_36' title="bbox 106 4137 1208 4210; baseline -0.005 -14"><span class='ocrx_word' id='word_1_315' title='bbox 106 4142 281 4210; x_wconf 88' lang='lat' dir='ltr'><strong>interituque</strong></span> <span class='ocrx_word' id='word_1_316' title='bbox 305 4159 360 4196; x_wconf 92' lang='lat' dir='ltr'><strong>non</strong></span> <span class='ocrx_word' id='word_1_317' title='bbox 379 4141 422 4195; x_wconf 91' lang='lat' dir='ltr'><strong>bis</strong></span> <span class='ocrx_word' id='word_1_318' title='bbox 441 4141 549 4195; x_wconf 84' lang='lat' dir='ltr'><strong>eusdem</strong></span> <span class='ocrx_word' id='word_1_319' title='bbox 570 4140 617 4194; x_wconf 90' lang='lat' dir='ltr'><strong>sed</strong></span> <span class='ocrx_word' id='word_1_320' title='bbox 637 4157 745 4210; x_wconf 81' lang='lat' dir='ltr'><strong>semper</strong></span> <span class='ocrx_word' id='word_1_321' title='bbox 766 4139 835 4193; x_wconf 85' lang='lat' dir='ltr'><strong>alias</strong></span> <span class='ocrx_word' id='word_1_322' title='bbox 854 4137 957 4192; x_wconf 85' lang='lat' dir='ltr'><strong>infiniti</strong></span> <span class='ocrx_word' id='word_1_323' title='bbox 975 4142 1068 4207; x_wconf 86' lang='lat' dir='ltr'><strong>partes</strong></span> <span class='ocrx_word' id='word_1_324' title='bbox 1087 4138 1117 4190; x_wconf 89' lang='lat' dir='ltr'><strong>in</strong></span> <span class='ocrx_word' id='word_1_325' title='bbox 1129 4155 1208 4191; x_wconf 90' lang='lat' dir='ltr'><strong>mun·</strong></span> 
     </span>
     <span class='ocr_line' id='line_1_37' title="bbox 107 4240 308 4295; baseline -0.01 -1"><span class='ocrx_word' id='word_1_326' title='bbox 107 4240 173 4295; x_wconf 90' lang='lat' dir='ltr'><strong>dum</strong></span> <span class='ocrx_word' id='word_1_327' title='bbox 193 4240 308 4295; x_wconf 79' lang='lat' dir='ltr'><strong>secerni.</strong></span> 
     </span>
    </p>
   </div>
   <div class='ocr_carea' id='block_1_4' title="bbox 0 0 1442 4910">
    <p class='ocr_par' dir='ltr' id='par_1_6' title="bbox 0 0 1442 4910">
     <span class='ocr_line' id='line_1_38' title="bbox 0 0 1442 4910; baseline 0 0"><span class='ocrx_word' id='word_1_328' title='bbox 0 0 1442 4910; x_wconf 95' lang='lat' dir='ltr'><strong> </strong></span> 
     </span>
    </p>
   </div>
  </div>
 </body>
</html>
