2882 4902
739 377 777 431 VI

212 563 308 622 antea
328 555 491 637 latuerint,
516 553 674 640 simulque
697 550 844 635 dignosci
866 550 994 633 poterit,
1022 568 1105 631 quae
1126 550 1167 614 ab
1189 548 1315 614 Aristo-

212 667 275 733 tele
306 665 394 730 dicta
423 665 526 748 ipsam
553 664 710 745 cuiusque
738 659 924 746 philosophi
949 660 1141 725 sententiam
1165 678 1316 742 quaeque

212 796 276 841 non
297 774 363 840 nisi
388 774 489 859 ipsius
505 772 546 838 de
561 772 620 838 hac
632 773 792 837 sententia
807 763 962 836 iudicium
978 768 1173 835 contineant.
1206 768 1316 850 Atque

213 905 274 967 ego
302 883 433 966 quidem
456 902 578 963 vereor,
612 891 647 947 ut
676 881 773 946 ullius
798 877 984 962 philosophi
1015 877 1209 960 antiquioris
1238 876 1316 942 doc·

213 993 299 1058 trina
328 998 415 1056 recte
442 991 594 1073 cognosci
627 991 738 1074 possit,
772 989 835 1054 nisi
859 987 920 1053 hoc
942 986 1038 1054 modo
1060 987 1169 1052 omnia
1190 987 1316 1053 Aristo-

214 1103 289 1167 telis
311 1102 494 1167 testimonia
516 1099 761 1182 investigentur.

314 1209 499 1291 Sequuntur
521 1208 707 1274 Aristotelis
731 1208 932 1291 interpretes,
957 1227 983 1271 a
1005 1206 1122 1289 quibus
1144 1205 1223 1271 solis
1245 1205 1317 1270 fere

215 1325 432 1384 memorantur
454 1317 552 1383 etiam
575 1317 736 1400 quaedam
759 1337 878 1394 eorum,
907 1336 990 1398 quae
1013 1314 1256 1398 Theophrastus
1278 1313 1317 1378 in

215 1429 351 1494 historia
380 1427 420 1492 de
443 1426 676 1510 antiquioribus
704 1426 909 1513 philosophis
938 1425 1122 1508 scripserat,
1145 1425 1178 1489 in
1200 1422 1318 1509 primis

217 1536 410 1618 Alexander,
444 1535 651 1618 Themistius,
685 1535 878 1621 Simplicius,
916 1534 1122 1618 Philoponus.
1176 1534 1318 1600 Possunt

216 1653 324 1712 autern
349 1665 396 1728 aa,
430 1665 513 1728 quae
534 1645 575 1711 de
599 1645 837 1728 antiquioribus
861 1642 1064 1728 philosophis
1095 1642 1234 1720 tradunt,
1269 1643 1317 1716 hi·
1429 1630 1430 1647 ¹

217 1864 384 1950 plicandos
407 1864 489 1928 tales
504 1861 688 1930 Aristotelis
711 1863 809 1944 locos,
822 1862 950 1945 quibus
973 1862 1001 1928 is
1023 1867 1134 1945 aperte
1158 1859 1318 1943 quasdam

217 1973 435 2056 antiquiorum
459 1973 636 2036 sententias
661 1977 826 2054 memorat,
853 1971 937 2036 etin
961 1991 1011 2047 ea,
1034 1989 1117 2053 quae
1139 1989 1199 2035 sua
1221 1969 1318 2050 quasi

218 2089 331 2167 sponte
354 2083 506 2164 nullaque
530 2080 714 2165 explicandi
736 2081 928 2146 necessitate
945 2080 1049 2166 coacti
1064 2084 1224 2174 enarrant.
1247 2078 1317 2143 Pri-

207 2179 304 2257 ⁴mum
333 2191 428 2269 anim,
463 2191 518 2257 ubi
539 2191 728 2256 Aristoteles
760 2189 922 2273 quandam
952 2190 1095 2274 priorum
1123 2187 1319 2254 sententiam
1429 2186 1430 2241 l

218 2302 289 2366 sine
318 2300 460 2366 auctoris
480 2301 609 2365 nomine
635 2306 799 2374 memorat,
829 2301 905 2382 ipsi,
937 2298 1029 2364 cuius
1053 2298 1134 2364 haec
1156 2299 1319 2364 sententia

218 2409 270 2487 sit,
306 2409 438 2486 addunt,
471 2415 512 2488 et,
547 2409 604 2475 ubi
633 2409 687 2474 ille
716 2409 903 2494 philosophi
926 2407 1094 2474 cuiusdam
1124 2408 1317 2474 sententiam
1429 2430 1430 2505 j

219 2521 360 2586 breviter
390 2525 513 2584 tantum
543 2539 582 2583 ac
613 2518 681 2584 suis
709 2518 818 2584 verbis
850 2518 982 2609 indicat,
1015 2517 1100 2583 hanc
1124 2518 1317 2582 sententiam
1428 2529 1429 2594 ζ

218 2629 401 2694 accuratius
424 2634 596 2711 exponunt.
640 2627 767 2693 Deinde
790 2634 897 2692 autem
919 2626 1050 2709 saepius
1067 2626 1173 2707 etiam,
1196 2632 1231 2691 ut
1245 2645 1318 2691 sen·
1428 2703 1429 2706 Ἴ

218 2738 337 2803 tentias
372 2739 412 2802 ab
443 2738 617 2810 Aristotele
649 2738 834 2821 propositas
867 2758 885 2803 e
920 2735 1147 2820 philosophiae
1182 2735 1319 2812 historia

105 2911 107 2916 .
219 2848 390 2926 illustrent,
427 2846 527 2912 multa
552 2845 592 2910 de
619 2845 839 2929 antiquiorum
870 2844 1135 2929 philosophorum
1159 2844 1316 2911 doctrinis

219 2958 380 3036 adferunt,
413 2975 498 3040 quae
524 2955 611 3041 apud
634 2956 840 3023 Aristotelem
868 2977 932 3046 non
956 2956 1168 3052 reperiuntur.
1211 2954 1318 3038 Atque

219 3065 301 3132 haec
322 3067 431 3131 omnia
452 3065 495 3130 ad
519 3064 797 3130 Anaximandrum·
815 3085 943 3148 quoque
966 3065 1137 3149 pertinent.

319 3175 385 3241 Sed
408 3176 478 3242 iure
500 3177 674 3260 quaeritur,
696 3196 781 3254 num,
806 3195 888 3258 quae
910 3177 952 3240 ab
968 3175 1009 3241 iis
1025 3175 1065 3241 de
1080 3173 1318 3240 Anaximandri

220 3284 368 3350 doctrina
390 3319 430 3332 -·
455 3306 529 3350 nam
553 3284 594 3351 de
616 3285 678 3351 hac
701 3287 771 3350 sola
791 3305 878 3350 nunc
904 3285 969 3350 iam
992 3287 1105 3369 loquar
1127 3321 1167 3330 -
1190 3291 1328 3368 praeter.

219 3414 268 3475 ea,
291 3414 374 3477 quae
397 3415 437 3459 ex
458 3395 631 3461 Aristotele
654 3394 777 3460 hauriri
801 3402 945 3478 possunt,
968 3395 1156 3478 referuntur,
1187 3416 1208 3460 a
1229 3401 1318 3461 certa

220 3504 267 3569 rei
294 3504 479 3587 cognitione
507 3504 652 3587 profecta
679 3525 720 3568 an
743 3505 992 3569 ratiocinatione
1023 3505 1248 3570 coniecturave
1271 3503 1317 3567 in-

219 3619 317 3678 venta
338 3613 412 3689 sint,
438 3615 628 3696 praesertim
648 3634 719 3679 cum
737 3613 895 3680 interdurn
912 3612 953 3680 dc
969 3614 1082 3680 eadem
1099 3633 1133 3678 re
1148 3613 1319 3679 videantur

220 3721 348 3787 diverso
383 3720 477 3787 modo
510 3722 609 3804 loqui,
644 3729 739 3806 prout
764 3721 885 3788 diversi
908 3723 1095 3788 Aristotelis
1127 3703 1318 3804 loci'expli-

221 3829 317 3896 candi
339 3839 422 3896 sunt.
466 3831 515 3894 De
546 3830 608 3896 hac
637 3831 737 3914 igitur
769 3833 958 3913 quaestione
990 3838 1025 3897 ut
1056 3837 1144 3896 recte
1176 3829 1317 3895 iudicari

220 3941 332 4022 possit,
355 3938 398 4003 ad
419 3940 602 4004 Aristotelis
624 3940 818 4023 interpretes
840 3939 952 4006 eadem
968 3939 1154 4007 adhibenda
1176 3945 1225 4005 est
1244 3931 1318 4004 dili-

153 4065 155 4069 ·
221 4049 332 4132 gentia
364 4055 462 4131 atque
495 4049 537 4114 ad
572 4050 676 4132 ipsum
711 4047 941 4116 Aristotelem'
984 4051 1131 4132 Namque
1168 4067 1316 4114 omnes

220 4160 373 4223 omniuo
396 4158 468 4242 loci,
499 4160 555 4241 qui
576 4158 619 4223 ad
641 4160 711 4236 eius
735 4158 914 4224 doctrinam
938 4161 1107 4242 pertinent,
1141 4157 1316 4242 colligendi
1389 4151 1391 4158 ’

221 4274 303 4354 sunt,
328 4268 548 4354 unusquisque
566 4287 674 4333 eorum
691 4270 866 4350 separatim
879 4267 1102 4352 explicandus,
1126 4267 1181 4350 ita,
1203 4273 1239 4332 ut
1259 4286 1317 4351 pro
