2882 4902
616 393 648 446 17

60 564 145 649 ipse
172 584 300 648 quoque
325 564 513 650 Simplicius
537 564 625 650 louis,
648 585 781 648 quorum
804 567 887 633 ratio
905 567 1018 634 eadem
1041 568 1109 636 fere
1131 576 1180 637 est

60 681 176 758 atque
198 675 277 755 eius,
303 673 344 740 de
364 695 427 758 quo
451 695 535 742 nune
554 675 691 760 agimus,
713 696 811 762 saepe
828 677 899 743 sine
918 678 1054 745 artiuulo
1078 680 1178 764 ponit,

61 785 178 861 velut,
209 784 265 850 ubi
297 785 434 868 primum
456 784 496 852 de
518 785 762 852 Anaximandro
782 785 947 868 disserit1)
971 778 1180 872 ᾖἈναξίμαν-

61 892 189 976 ‹ipos-⁰,
211 894 326 979 inquit,
346 888 489 979 ,οἶρχήν
513 917 554 961 τε
582 893 651 960 καὶ
677 899 890 978 στοιχεῖον
912 891 1019 984 εἴρηκε
1041 900 1108 962 σῶν
1130 887 1180 963 ὅν-

61 1025 143 1066 των
168 998 207 1067 τό
230 993 383 1088 ἔπειρον
412 1025 606 1088 quamquam
628 1007 758 1092 saepius
786 1007 886 1074 etiam
907 1008 1044 1074 artieulo
1071 1008 1180 1075 utitur.

64 1111 128 1176 Illi
153 1120 263 1179 autem
286 1120 442 1197 auctores,
464 1115 520 1197 qui
543 1115 655 1181 brevia
672 1116 730 1180 illa
749 1108 1029 1201 ‘philosophorum
1045 1107 1181 1202 plauita'

64 1221 349 1309 conscripserunt,
383 1224 733 1310 Pseudo-Plutarchus,
766 1225 937 1312 Stobeeus,
972 1227 1180 1312 Hippolytae,

65 1331 255 1416 Eusebius,
277 1334 461 1416 pariterque
484 1333 647 1418 Diogenes
669 1334 834 1416 Laertius,
858 1335 927 1416 ubi,
952 1335 987 1402 in
1009 1357 1073 1420 qua
1093 1337 1180 1420 quis·

66 1462 139 1526 que
185 1463 220 1509 re
250 1463 408 1508 summum
437 1442 633 1529 prineipium
656 1445 816 1529 posuerit,
857 1444 995 1512 breviter
1025 1447 1180 1533 indieaut,

68 1571 208 1636 semper
230 1552 298 1618 l'ere
319 1571 429 1618 vouem
449 1542 581 1636 ‘nippis'
604 1573 739 1637 eamque
754 1555 885 1638 quidem
904 1555 1041 1622 subiecti
1056 1557 1181 1624 ratione

70 1668 233 1745 utentem,
256 1663 328 1728 sine
349 1663 485 1728 articulo
506 1663 671 1744 adhibent,
693 1665 757 1731 nisi
776 1667 817 1731 ob
833 1665 1077 1751 praeeedentem
1091 1668 1181 1751 geni·

68 1773 182 1838 tivum
205 1771 360 1839 artieulus
381 1773 604 1857 postulaturi).
636 1775 685 1839 Ex
706 1775 795 1841 hisce
810 1776 958 1856 omnibus
977 1783 1084 1844 autem
1107 1797 1183 1844 eon-

70 1883 228 1966 spieuum
250 1889 307 1965 est,
330 1883 363 1949 in
387 1883 494 1949 verbis
522 1877 677 1967 ,μιρῶτος
697 1876 799 1962 αὐτὸς
820 1875 920 1973 ἀρχὴν
948 1880 1114 1971 ὀνομάσας
1142 1883 1181 1953 τὸ

73 1985 318 2074 ὑποκείμενον(
347 1992 640 2076 graeuisermonis
667 2013 760 2060 usum
786 1997 916 2062 omnino
943 2016 1008 2063 non
1041 1998 1177 2077 obstare,

72 2171 188 2247 ἀρχὴν
212 2171 356 2230 ἀνελθεῖνι
382 2179 543 2248 pariterque
568 2179 636 2234 ibid.
660 2180 681 2232 B
707 2181 781 2242 ,inl
800 2176 956 2248 τελευτὴν
973 2185 1182 2248 καταβαίνειν.

74 2273 161 2340 Quod
179 2273 273 2343 paullo
293 2278 375 2354 ante,
385 2274 452 2329 ibid.
467 2276 496 2344 B,
515 2275 620 2330 dieitur
638 2277 699 2343 ,eu
716 2274 774 2342 τὴν
793 2278 840 2329 τοῦ
859 2274 961 2338 παντὸς
979 2274 1068 2349 ἀρχὴν
1086 2281 1181 2345 iered,

74 2369 107 2424 id
126 2371 164 2424 ab
183 2371 352 2440 interposito
371 2371 495 2441 genitivo
514 2372 626 2441 pendet.

184 2468 211 2535 1)
228 2466 308 2536 Phys.
329 2486 355 2537 p.
375 2469 392 2522 6
410 2485 426 2522 a
447 2471 511 2538 post
529 2469 600 2524 med.

181 2564 211 2633 2)
230 2561 270 2619 Of.
290 2563 363 2618 Plut.
386 2563 459 2620 Plau.
479 2566 500 2634 l,
519 2568 548 2623 3:
578 2569 681 2633 ,Ouios
699 2563 808 2638 ἀρχὴν
835 2567 890 2622 τῶν
913 2561 1000 2622 ὄντων
1019 2559 1182 2637 ἀπεφήνατο
1233 2596 1235 2598 -

76 2658 108 2715 τὸ
134 2658 210 2730 ὕδωρ
311 2657 485 2732 Ἀναξιμένης
567 2658 674 2733 ἀρχὴν
694 2664 749 2717 τῶν
767 2657 854 2717 ὄντων
872 2659 940 2732 depo
958 2658 1120 2734 ἀπεφήνατο

73 2753 290 2828 Ἀναξαγόρας.
311 2799 317 2811 .
337 2755 441 2829 ἀρχὰς
463 2761 519 2813 τῶν
542 2753 630 2814 ὄντων
653 2756 699 2818 τὰς
726 2757 920 2832 ὁμοιομερείας
943 2754 1105 2832 ἀπεφήνατο
1124 2800 1130 2812 .
1150 2799 1182 2814 ..

73 2850 251 2924 Ἡράκλειτος
335 2853 366 2910 τὸ
386 2857 440 2925 πῦρ
459 2843 527 2910 κτλζ“
554 2855 665 2926 Hippoi.
686 2854 778 2911 Relue.
799 2856 820 2922 l,
841 2860 864 2925 l,
883 2857 918 2912 de
936 2856 1064 2912 Thalete:
1091 2839 1182 2919 „uiroc

77 2953 136 3024 ἔφη
159 2948 274 3022 ἀρχὴν
294 2953 343 3006 τοῦ
363 2950 467 3011 παντὸς
493 2952 559 3007 εἶναι
584 2956 629 3006 καὶ
650 2955 726 3012 τέλος
748 2948 779 3006 τό
810 2949 905 3023 tempe
934 2953 955 3020 l,
973 2953 998 3019 6,
1027 2952 1061 3006 (le
1080 2951 1183 3006 Anaxi·

77 3033 212 3104 mandroz
246 3033 339 3115 „odrae
356 3046 462 3120 ἀρχὴν
480 3050 535 3121 ἔφη
558 3051 613 3104 τῶν
632 3044 720 3105 ὄντων
738 3043 825 3121 φύσιν
843 3046 902 3104 τινὰ
927 3051 974 3102 τοῦ
992 3045 1131 3118 ἀπείρου“,
1155 3054 1184 3102 et

79 3147 162 3200 brevi
180 3150 257 3214 post:
282 3129 373 3205 ,οὗτος
394 3146 450 3217 μὲν
473 3142 578 3217 ἀρχὴν
596 3151 649 3199 καὶ
675 3152 847 3218 στοιχεῖον
867 3152 954 3216 εἴρηκε
974 3147 1029 3199 τῶν
1047 3138 1134 3198 ὄντων
1151 3141 1181 3198 τὸ

78 3235 221 3311 «inrepere.
252 3241 351 3296 Euseb.
364 3242 462 3312 Praep.
476 3242 527 3298 Ev.
546 3242 567 3310 Ι,
586 3245 612 3311 Β,
633 3247 659 3297 1:
680 3245 802 3310 Ι,Θαλῆτα
821 3285 827 3298 .
900 3247 989 3315 φασὶν
1006 3238 1113 3313 ἀρχὴν
1131 3243 1185 3320 τῶν

79 3332 169 3394 ὄντων
183 3333 396 3405 ὑποστήσασθαι
408 3338 438 3392 τὸ
455 3336 550 3410 ῧδωρ“.
582 3341 691 3396 Ibide:
710 3338 897 3410 Ἥρίστιιιπος
915 3381 940 3395 ..
958 3342 1058 3398 τέλος
1070 3338 1185 3408 αγιιθῶν

79 3433 130 3503 τὴν
148 3429 277 3502 viduvio)
317 3435 397 3506 Diog.
419 3435 510 3491 Luert.
536 3435 557 3505 1,
572 3439 616 3505 27,
635 3435 669 3490 de
689 3435 816 3491 Thalete:
848 3432 965 3507 ,ἀρχὴν
991 3437 1046 3490 τῶν
1072 3431 1185 3490 πάντων

79 3529 155 3602 ὕδωρ
180 3525 374 3599 interdixerat
410 3532 444 3601 ll,
466 3536 488 3602 l,
512 3532 546 3588 de
565 3533 785 3588 Anaximandro:
816 3518 908 3596 ,οὗτος
935 3534 1060 3605 ἔφασκεν
1078 3529 1185 3604 ἀρχὴν

80 3632 138 3682 καὶ
158 3634 333 3698 στοιχεῖον
349 3626 380 3682 τὸ
399 3622 542 3700 ἄνειρον“.
578 3607 648 3684 ibid.
663 3632 688 3696 3,
706 3630 741 3684 de
760 3631 945 3685 Anaximene:
964 3615 1060 3698 ,οὗτος
1078 3626 1185 3700 ἀρχὴν

80 3722 150 3794 ιἰἐρα
167 3729 214 3778 καὶ
232 3723 263 3779 τὸ
289 3719 429 3796 ἄπειρονι.
472 3726 520 3781 Sin
548 3730 641 3781 autem
665 3728 815 3795 genitivus,
845 3744 900 3797 quo
930 3724 1001 3798 ἀρχὴ
1027 3725 1185 3796 definietur,

81 3821 237 3894 praeeedit,
257 3820 405 3876 articulum
419 3821 541 3891 addunt;
560 3822 636 3878 velut
650 3823 722 3876 Plut.
735 3822 808 3878 Plau.
823 3823 845 3890 Ι,
856 3825 884 3876 3:
905 3820 1163 3894 ,,’.1ναξίμανδρος.
1177 3862 1184 3876 .

81 3922 154 3991 φησι
180 3918 236 3971 τῶν
254 3911 343 3972 ὄντων
360 3915 418 3985 τὴν
436 3913 543 3990 ἆρχὴν
561 3918 629 3973 εἶναι
648 3915 678 3972 τὸ
698 3912 834 3990 ἄπειρον.
872 3917 983 3989 Hippol.
998 3919 1020 3986 1,
1032 3921 1056 3985 3,
1074 3917 1108 3971 de
1121 3917 1184 3972 Em·

81 4013 213 4084 peducle:
239 3999 332 4081 „oinos
349 4017 408 4080 τὴν
425 4016 485 4069 τοῦ
503 4014 635 4075 παντὸς
652 4013 767 4087 ἀρχὴν
795 4022 883 4074 νεῖκος
912 4019 957 4068 καὶ
981 4018 1077 4087 φιλίαν
1105 4014 1185 4085 idmst

82 4111 154 4167 lbid.
172 4115 199 4181 8,
215 4111 250 4167 de
262 4113 443 4181 Anaxagora:
463 4099 540 4173 οὗτος
557 4115 613 4186 ἔφη
633 4110 692 4181 τὴν
708 4114 766 4166 τοῦ
784 4109 912 4171 παντὸς
930 4107 1038 4183 ἀρχὴν
1056 4111 1122 4166 νοῦν
1140 4113 1186 4162 καὶ

82 4205 173 4276 ispe
205 4207 304 4264 Euseb.
323 4208 422 4279 Preep.
442 4209 494 4265 Eu.
515 4210 536 4279 1,
558 4211 584 4280 8,
603 4213 633 4264 3:
662 4207 860 4282 πἈναξιμένην
886 4209 920 4262 dd
942 4223 1013 4281 φασι
1037 4205 1096 4272 τὴν
1119 4207 1163 4260 τῶ
1171 4225 1186 4260 ν

82 4301 170 4360 ὅλων
189 4302 299 4378 ἀρχὴν
316 4302 365 4360 τὸν
385 4309 453 4379 αέρα
474 4309 585 4363 εἰπεῖν.“

981 4395 1003 4446 2
