2862 4910
761 359 813 418 352

243 538 406 606 ximandri
428 538 590 604 sententia
611 545 729 604 terram
752 543 785 603 et
807 557 845 604 eo
868 538 902 602 in
918 557 977 602 sua
999 537 1076 602 sede
1092 555 1235 612 manere,
1261 535 1344 618 quod

242 650 289 714 ab
313 668 405 716 aere
427 649 682 725 sustineatur,
706 654 738 712 ot
762 667 810 727 eo,
833 646 921 729 quod
943 646 1062 728 ubique
1077 647 1150 730 pari
1171 644 1344 710 intervallo

242 758 419 824 acireuitu
449 758 534 822 absit
542 758 574 834 ¹).
620 756 662 820 At
689 755 880 822 incredibile
902 755 1039 837 videtur,
1067 754 1343 820 Anaximandrum

242 866 285 932 ad
304 868 392 936 illam
415 886 562 932 oaussam
582 886 602 930 a
625 865 696 949 pari
720 864 878 932 distantia
899 855 1034 949 petitam
1055 865 1225 948 putavisse
1248 864 1343 928 aliam

242 977 341 1043 etiarn
356 975 541 1042 addendum
558 995 641 1058 esse,
665 975 758 1058 quasi
774 971 984 1056 dubitantem,
1007 995 1082 1040 num
1106 975 1161 1040 illa
1173 973 1343 1039 sufficeret

242 1085 358 1165 Quare,
381 1107 452 1152 oum
475 1086 664 1152 Aristoteles
687 1086 786 1150 etiam
801 1106 865 1150 non
888 1084 953 1150 nisi
977 1085 1067 1150 illam
1082 1105 1178 1150 unam
1194 1103 1342 1149 eaussam

241 1201 404 1278 memoret,
425 1201 524 1278 atque
546 1195 593 1260 ita
615 1195 756 1277 quidem,
780 1201 814 1260 ut
837 1193 922 1260 hane
943 1196 1046 1260 solam
1060 1194 1208 1260 videatur
1223 1211 1342 1276 eogno-

240 1303 336 1382 visse,
371 1304 428 1369 illa
450 1304 628 1370 Alexandri
659 1305 802 1370 narratio
823 1305 970 1389 putanda
1002 1303 1063 1369 erit
1095 1324 1137 1370 ex
1159 1303 1271 1386 aliquo
1296 1323 1341 1367 er-

240 1433 312 1479 rore
333 1419 411 1478 nata
433 1433 515 1496 esse,
537 1415 637 1481 veluti
659 1413 745 1494 inde,
780 1412 867 1497 quod
900 1419 955 1479 aut
988 1415 1057 1497 ipse
1080 1419 1136 1478 aut
1170 1412 1208 1494 is,
1245 1430 1339 1493 quem

239 1523 442 1605 sequebatur,
467 1523 600 1606 sciebat,
623 1522 859 1589 Anaximandri
882 1523 1043 1588 sententia
1065 1528 1171 1587 torrae
1196 1520 1340 1602 undique

239 1632 465 1698 oironmlnsum
488 1652 560 1698 esse
592 1652 699 1698 aerem
732 1631 807 1697 inde
829 1652 849 1697 a
870 1639 956 1698 terra
984 1651 1086 1714 usque
1113 1629 1157 1696 ad
1179 1631 1263 1695 ooeli
1283 1629 1339 1692 air·

239 1742 356 1808 auitum
380 1741 634 1826 pertinentemb.
1418 1825 1419 1832 ἵ

208 1837 211 1844 “
339 1850 388 1914 [tx
409 1851 464 1914 illo
486 1855 594 1915 autem
610 1849 798 1916 Aristotelis
814 1852 884 1916 looo
905 1851 999 1916 simul
1021 1855 1119 1934 patet,
1142 1849 1336 1913 Anaximan·
1418 1833 1419 1876 l

238 1958 287 2024 dri
308 1960 467 2024 sententia
489 1959 614 2024 eoelum
636 1961 799 2042 ingentem
821 1979 893 2026 esse
916 1958 1095 2044 sphaeram,
1119 1978 1204 2041 quae
1218 1963 1336 2023 terram

237 2068 333 2150 eique
366 2067 592 2134 eironmiusum
625 2088 734 2133 aerem
767 2068 808 2132 ab
836 2069 982 2135 omnibus
1016 2068 1164 2152 partibus
1198 2067 1336 2150 ample·
1418 2109 1419 2152 3

237 2182 369 2242 etatur
390 2177 580 2259 aequalique
615 2178 782 2242 intervallo
819 2183 855 2243 et
886 2179 1129 2262 asnperiore
1151 2175 1257 2242 etab
1281 2176 1335 2239 in·
1418 2153 1419 2172 ³

237 2286 387 2352 feriore
409 2291 538 2351 terrae
562 2286 731 2370 planitie
754 2285 865 2366 distet;
894 2307 990 2369 quam
1012 2286 1144 2369 quidem
1171 2307 1237 2351 rem
1262 2305 1333 2369 pro·

236 2400 348 2478 pterea
369 2413 493 2466 moneo.
516 2395 594 2477 quia
611 2396 692 2460 alias
714 2401 903 2480 nonaporte
924 2395 1068 2480 traditur,
1095 2395 1204 2479 magni
1227 2401 1333 2461 autem
1418 2435 1419 2446 κ

136 2515 137 2521 ’
236 2505 388 2568 momenti
410 2509 459 2568 est
481 2506 513 2569 in
535 2504 645 2586 aliqua
667 2506 866 2588 quaestione,
898 2504 939 2571 de
969 2525 1034 2588 qua
1060 2513 1174 2589 postea
1195 2511 1333 2570 traotan-

237 2609 313 2676 dum
334 2611 401 2676 erit.

336 2718 431 2798 Quod
465 2718 507 2784 ad
539 2718 645 2802 ipsam
676 2721 765 2786 illam
788 2723 1021 2788 Anaximandri
1054 2723 1332 2788 ratioeinationem
1418 2703 1419 2790 i

234 2829 349 2893 attinet
372 2829 413 2894 ab
435 2829 606 2894 Aristotele
628 2832 773 2907 relatam,
804 2833 964 2897 sententia
987 2832 1100 2915 prima,
1132 2853 1152 2897 a
1174 2852 1240 2914 qua
1261 2833 1331 2898 reli·

233 2957 297 3019 qua
320 2937 470 3021 pendent,
491 2936 572 3003 haee
598 2945 660 3004 est:
690 2960 761 3005 eam
784 2960 862 3029 rem,
893 2961 976 3023 quae
999 2942 1120 3024 ubique
1142 2943 1213 3027 pari
1237 2943 1331 3007 inter-

236 3101 431 3110 .—.-——-—

232 3193 371 3244 sententia
388 3192 514 3248 breviter
532 3193 654 3248 refertur
673 3194 708 3248 ab
728 3193 890 3262 Hippolyto,
916 3194 1025 3250 Relutt.
1044 3195 1066 3262 l,
1086 3197 1116 3249 6:
1144 3192 1211 3263 „ripa
1228 3195 1261 3248 ot
1279 3196 1330 3265 γῆν

232 3288 299 3342 εἶναι
319 3293 489 3358 μετέωρον
506 3286 552 3342 ὑπ’
574 3285 687 3350 οὓδενὸς
706 3295 902 3363 κρατουμένην,
925 3296 1067 3364 μένουσαν
1090 3290 1136 3344 διὰ
1162 3289 1211 3359 τὴν
1228 3291 1331 3363 ὁμοίαν

232 3377 344 3436 πάντων
361 3378 544 3440 tuleramus

333 3479 360 3550 l)
378 3482 539 3536 Alexander
563 3484 638 3552 apud
656 3483 778 3554 Simplio.
807 3485 881 3539 Coei.
899 3487 973 3540 238Ε
990 3486 1021 3540 13
1046 3487 1174 3542 Garsten:
1200 3485 1331 3556 ,ζΑναξι-

232 3568 348 3645 μάνιῑρῳ
368 3577 393 3628 d’
414 3573 501 3630 ἐδόκει
516 3583 560 3632 rol
580 3579 635 3632 διὰ
653 3578 711 3634 τὸν
730 3577 811 3650 ἀέρα
830 3579 890 3635 τὸν
908 3575 1074 3653 ἅνέχοντα
1092 3589 1188 3654 μένειν
1206 3582 1267 3652 ἡγῇ
1286 3587 1331 3636 ard

231 3668 276 3721 διὰ
295 3673 343 3736 τὴν
363 3676 526 3743 ἰσορροπίαν
545 3680 590 3728 καὶ
607 3673 784 3747 ὀμοιότητα“.

331 3768 359 3838 2)
379 3769 496 3825 Possunt
515 3773 628 3840 quidem
647 3775 703 3828 alia
722 3775 808 3828 etiam
832 3776 937 3830 erroris
957 3777 1038 3830 initia
1057 3777 1221 3847 excogitari,
1239 3777 1330 3830 veluti

230 3861 268 3927 id,
289 3864 364 3930 quod
383 3867 600 3936 Anaximander,
620 3863 780 3938 ostendens,
808 3876 923 3960 terram‘
938 3889 1047 3942 semper
1066 3874 1095 3927 in
1114 3891 1165 3927 sua
1183 3874 1248 3927 sede
1271 3893 1330 3928 ma·

229 3975 304 4025 nere,
333 3977 403 4013 enm
434 3964 659 4020 adiunctione
687 3967 799 4036 dixerit,
828 3970 852 4023 si
878 3970 940 4037 quis
968 3970 1041 4024 forte
1069 3988 1126 4024 non
1150 3972 1329 4040 eoncesserit,
1418 4023 1419 4030 ,

230 4058 336 4108 terram
354 4064 471 4126 propter
490 4078 585 4129 parem
607 4063 685 4117 illam
704 4064 868 4119 distantiam
887 4084 1008 4135 manere,
1028 4085 1088 4120 eam
1108 4068 1164 4121 iam
1177 4074 1330 4137 propterea
1418 4051 1419 4082 ³

229 4167 285 4202 non
303 4168 383 4219 posse
403 4172 481 4210 suam
501 4159 594 4213 sedem
613 4160 780 4229 relinquere,
800 4163 876 4230 qnod
887 4163 922 4216 ab
942 4164 1139 4232 aereundiqua
1158 4164 1331 4220 oimuminso

228 4253 397 4306 coerceatur.
