2864 4910
691 357 744 410 422

272 524 338 591 Sed
361 544 534 608 quamnam
556 523 642 588 iilius
664 522 798 590 vorticis
820 541 969 588 caussam
990 523 1140 588 statuisse
1160 530 1279 606 putan-

172 637 232 701 dus
256 634 329 701 est?
365 635 415 699 De
430 653 494 715 qua
515 653 551 698 re
566 631 649 697 duae
672 639 808 716 possunt
831 632 1000 715 opiniones
1025 630 1279 698 esse'Primnm

172 746 256 810 enim
281 744 352 810 fieri
374 749 489 827 potest,
513 749 548 808 ut
571 744 739 826 putaverit,
763 762 871 807 aerem
894 762 912 806 e
934 746 1051 806 natura
1071 739 1206 806 humida
1225 760 1279 805 or·

171 861 247 936 tum,
271 855 495 938 cumprimum
516 873 636 935 magna
649 853 681 916 vi
698 871 733 916 se
749 851 927 918 extendens
949 848 1119 934 sphaeram
1141 849 1277 932 igneam

172 971 340 1047 premeret,
365 961 446 1028 huno
470 963 561 1027 initio
589 982 650 1027 non
673 961 818 1045 potuisse
841 961 1024 1044 dirumpere
1052 957 1109 1024 sed
1131 960 1202 1024 eius
1225 979 1277 1023 re-

112 1103 113 1106 *
171 1092 324 1156 percussu
356 1073 391 1136 In
423 1073 577 1138 vorticem
610 1079 715 1136 aetum
750 1089 831 1136 esse.
880 1070 969 1136 Haeo
1001 1088 1117 1134 oaussa
1150 1069 1275 1132 nullam

172 1181 303 1264 quidem
337 1184 477 1247 eontinet
498 1181 734 1261 necessitatem,
762 1181 803 1244 ob
834 1200 933 1263 quam
968 1177 1101 1242 vortiois
1131 1177 1205 1241 axis
1238 1177 1276 1240 in

170 1297 275 1356 terrae
298 1287 433 1374 planitie
456 1291 597 1356 direotus
617 1290 673 1362 sit;
703 1289 882 1355 sedetiam
911 1287 1033 1353 nullam
1057 1287 1208 1366 eontinet,
1231 1286 1276 1350 ob

172 1419 268 1481 quam
292 1420 357 1466 non
377 1403 419 1465 sit
434 1400 585 1466 direotus.
630 1399 697 1464 Sed
713 1405 808 1464 antea
824 1398 974 1478 vidimus,
1000 1393 1276 1461 Anaximandrum

173 1508 332 1575 infinitum
343 1503 535 1594 principium
547 1509 655 1574 dioere
675 1502 856 1588 ‘mancipem
870 1501 999 1570 ἅπαντα
1023 1503 1076 1568 καὶ
1098 1497 1207 1566 πάντα
1218 1527 1273 1566 κυ-

172 1609 314 1698 ptspaiv’,
348 1619 507 1698 κυβερνᾶν
531 1623 636 1683 autem
671 1617 862 1682 naturaiiter
891 1615 932 1680 de
967 1614 1110 1698 regendo
1140 1613 1278 1679 navium

174 1746 269 1791 eursu
292 1726 365 1803 diei,
396 1733 428 1791 et
450 1726 618 1809 probabile
648 1745 729 1798 esse,
753 1714 1029 1789 Anaximandrum
1057 1723 1118 1788 boo
1139 1723 1277 1788 verbum

174 1837 307 1919 propria
329 1856 389 1901 sua
410 1835 647 1919 significatione
670 1835 866 1918 intellegere.
900 1833 1035 1911 Quodsi
1050 1834 1096 1897 ita
1119 1830 1278 1913 sehabet,

174 1946 242 2009 iure
271 1945 457 2020 oonioimus‚
493 1943 768 2009 Anaximandrum
795 1943 899 2008 omnis
923 1949 1038 2023 motus,
1071 1942 1135 2006 nisi
1170 1943 1278 2024 ipsam

175 2056 310 2138 primam
323 2074 482 2130 caussam,
494 2059 603 2119 tamen
618 2053 867 2118 moderationem
881 2058 913 2118 et
927 2051 1193 2134 gubernationem
1210 2050 1279 2133 ipsi

175 2163 550 2249 principio'tribuisse¹).

280 2274 329 2352 ll)
352 2274 400 2338 De
423 2273 463 2337 iis
481 2271 585 2349 rebus,
609 2290 692 2353 quae
714 2278 855 2336 meteora
879 2277 1043 2344 vooantur,
1066 2276 1190 2352 paneae
1204 2276 1278 2334 tan-

174 2391 241 2447 tum
263 2381 496 2446 Anaximandri
517 2380 696 2445 sententiae
711 2379 884 2445 memoriae
905 2378 1052 2462 proditae
1077 2383 1158 2444 sunt.
1182 2375 1278 2456 Quae

175 2490 353 2557 sententiae
366 2497 538 2575 propterea
551 2495 726 2554 memoratu
739 2488 950 2572 dignissimae
962 2498 1044 2563 sunt,
1069 2487 1155 2569 quod
1167 2493 1277 2553 osten-

176 2601 265 2682 dunt,
287 2599 563 2664 Anaximandrum
586 2598 628 2664 ad
650 2599 709 2664 bas
733 2600 830 2663 etiarn
852 2617 903 2664 res
920 2598 1129 2681 explioandas
1151 2597 1280 2680 insigni

175 2708 380 2792 eogitationis
402 2710 615 2792 perpetuitate
639 2713 670 2773 et
684 2708 866 2772 constantia
888 2708 1003 2773 eadem
1021 2707 1088 2772 duo
1111 2707 1280 2791 principia

177 2818 374 2898 adhibuisse,
397 2818 515 2899 quibus
538 2824 638 2882 totum
661 2817 813 2882 mundum
830 2823 972 2900 generat,
995 2825 1144 2882 naturam
1169 2814 1280 2880 hnmi-

177 2926 250 2992 dam
273 2948 311 2992 ao
334 2927 488 3009 frigidam
509 2925 580 2991 dieo
603 2933 634 2992 et
656 2933 803 2992 naturam
822 2928 951 3010 igneam
972 2945 1010 2990 ao
1033 2923 1182 2990 oalidam.

277 3037 324 3100 Ao
345 3043 457 3101 ventos
480 3035 611 3117 quidem
641 3036 687 3100 ita
709 3036 867 3119 explieat:
896 3041 1026 3100 ventum
1053 3053 1124 3099 esse
1152 3032 1280 3098 fluxum

177 3147 271 3225 aeris,
295 3145 349 3228 qni
373 3165 410 3210 eo
434 3145 601 3223 efficiatur,
624 3145 720 3228 quod,
745 3147 883 3227 quaein
906 3165 981 3211 aere
998 3151 1107 3230 partes
1130 3144 1198 3209 sint
1220 3143 1280 3208 hu·

176 3255 377 3322 midissimae
401 3262 432 3320 et
454 3256 673 3337 tenuissimae,
697 3256 801 3321 asoie
824 3262 978 3338 cogantur
1000 3261 1032 3320 et
1055 3255 1281 3320 dissolvantur

178 3386 279 3450 eoque
300 3367 526 3447 moveantnr2).
571 3366 718 3431 Efficitur
741 3364 841 3448 igitur
861 3372 976 3430 ventus
998 3385 1046 3444 eo,
1075 3361 1162 3446 quod
1188 3363 1280 3428 aeris

279 3585 304 3653 l)
323 3585 499 3654 Augustinus
519 3583 633 3651 quidem
654 3583 684 3636 Ο.
707 3582 740 3636 D.
761 3582 835 3650 VIII,
859 3585 874 3634 2
904 3583 945 3636 ait
968 3581 1197 3650 „Anaximander
1217 3622 1223 3634 .
1243 3622 1250 3634 .
1272 3623 1279 3637 .

178 3700 271 3736 rerum
290 3682 429 3750 principia
449 3681 622 3749 singularum
656 3698 712 3734 esse
733 3678 851 3734 eredidit
878 3678 988 3733 infinita
1011 3683 1039 3732 et
1057 3677 1280 3732 innumerabiles

178 3779 294 3832 mundos
320 3778 435 3848 gignere
459 3782 487 3832 et
513 3794 692 3846 quaeeunque
715 3777 744 3830 in
767 3776 801 3828 iis
825 3775 980 3830 oriuntur.
1002 3817 1007 3828 .
1032 3793 1094 3830 neo
1117 3777 1191 3844 ipse
1215 3775 1278 3828 ali·

179 3875 259 3944 quid
291 3875 439 3928 divinae
473 3875 579 3927 menti
606 3875 639 3926 in
668 3874 721 3927 his
743 3877 857 3926 rerum
886 3873 1065 3940 operibus
1085 3873 1277 3928 tribuens.“

179 3972 232 4026 Sed
253 3972 304 4025 hae
323 3972 474 4040 Augustini
492 3970 654 4024 narratione
673 3989 728 4024 non
740 3970 830 4024 refelli
844 3973 938 4038 potest
956 3969 994 4036 id,
1013 3969 1088 4037 quod
1099 3970 1187 4039 ipsius
1200 3973 1279 4026 Ana·

179 4069 288 4123 mandri
317 4069 409 4122 verbis
437 4069 604 4134 continetur,
633 4067 800 4136 praesertim
828 4085 889 4120 eum
918 4067 1091 4136 Augustinus
1120 4071 1218 4136 aperte
1242 4069 1279 4124 de

179 4172 270 4220 mente
288 4165 420 4232 quuatur
439 4182 455 4216 a
475 4165 578 4218 mundo
597 4168 733 4232 separata.

279 4263 307 4331 2)
326 4260 402 4327 Quae
421 4260 551 4328 diximus,
575 4279 609 4314 ex
627 4261 702 4315 hisce
722 4259 879 4314 efficienter
903 4261 979 4314 loeis.
1001 4258 1076 4314 Plut.
1094 4260 1170 4315 Piae.
1188 4261 1242 4328 111,
1261 4266 1279 4316 7
