2864 4904
637 363 704 430 rao'

94 547 275 631 principio
298 548 446 630 loquitur.
490 547 644 629 Namque
661 545 813 614 tredecim
835 546 916 612 locis
939 549 1158 614 commentarii
1181 549 1213 613 in
1280 555 1283 562 '

92 662 263 738 quattuor
285 657 411 740 priores
433 656 616 722 Aristotelis
639 656 740 721 libros
760 653 913 740 physicos
936 662 968 721 et
988 662 1112 740 septem
1133 658 1213 722 locis

93 765 331 832 commentarii
359 767 391 830 in
413 765 557 832 eiusdem
588 764 687 830 libros
714 765 755 830 de
778 763 993 831 Generatione
1022 771 1054 832 et
1077 763 1213 849 Gomnp-

90 875 193 942 tione
217 875 282 944 hoc
304 874 500 959 principium
523 883 590 940 tum
607 873 740 942 brevius
763 879 921 942 memorat
942 879 1009 940 tum
1025 873 1213 958 diligentius

91 984 264 1070 explicat3
299 984 419 1067 ubique
451 991 560 1050 autem
590 984 637 1050 ita
671 983 712 1051 de
741 985 956 1068 comuniter,
988 990 1025 1051 ut
1046 990 1212 1068 appareat,

92 1115 176 1160 eum
200 1100 377 1177 antequam
408 1095 480 1160 illos
512 1094 761 1160 commentarios
791 1093 957 1177 scriberet,
990 1099 1111 1160 certam
1144 1096 1213 1161 eins

90 1203 130 1270 in
156 1211 272 1271 mente
298 1203 502 1298 informatam
524 1202 678 1270 habuisse
700 1204 872 1286 notionem,
903 1223 999 1285 qnam
1029 1209 1212 1270 constanter

91 1313 264 1398 sequitur.
322 1311 403 1378 Sunt
443 1318 560 1394 autem,
597 1332 680 1395 quae
712 1332 733 1378 a
763 1311 943 1396 Philopono
977 1312 1138 1394 dicuntur,
1169 1312 1212 1379 ad

92 1429 252 1490 nostram
275 1422 497 1504 quaestionem
521 1422 652 1488 maximi
674 1423 840 1500 momenti;
863 1441 1002 1504 namque
1024 1442 1088 1488 non
1110 1423 1211 1488 solum

91 1665 185 1736 Phys.
206 1668 270 1735 257,
289 1669 315 1729 6,
334 1666 408 1722 circa
426 1685 462 1722 m.
481 1667 523 1733 (in
536 1667 654 1722 Aristot.
673 1667 755 1736 Phys.
769 1666 882 1736 VIII,1,
901 1666 963 1722 init.
983 1665 1211 1722 uhiAristoteles

94 1765 151 1833 ait,
174 1763 317 1833 physicos,
337 1763 386 1832 qni
407 1764 543 1819 mundum
554 1765 683 1836 gignant,
701 1764 754 1820 hac
765 1765 827 1834 ipsa
846 1781 877 1818 re
896 1763 1011 1833 aliquod
1020 1768 1112 1820 motus
1125 1781 1212 1834 genus

93 1862 234 1930 ponere):
263 1891 313 1930 „-
333 1855 403 1914 οὕτω
421 1858 476 1932 γὰρ
494 1857 711 1933 Δημόκριτος
735 1867 902 1934 acupenseri
924 1865 970 1915 καὶ
986 1861 1212 1933 Ἐμπεδοκλῆς

93 1952 416 2028 κα1’Λραξαγόρας,
437 1960 464 2010 οἱ
482 1957 538 2030 μὲν
557 1962 763 2028 συγκρίνεσθαι,
783 1961 830 2012 καὶ
853 1949 1043 2028 oaaipeacsm
1065 1954 1098 2010 τὰ
1120 1951 1210 2028 ἄτομα

94 2049 222 2126 σώματα
242 2056 287 2106 καὶ
309 2049 341 2105 τὰ
359 2056 481 2123 τέσσαρα
506 2059 628 2124 στοιχεῖα
647 2055 780 2123 λέγοντες,
800 2048 1034 2124 ’Λναξειγόρας
1052 2053 1088 2107 ol
1107 2054 1211 2125 ἐκκρί-

93 2156 228 2205 νεσθαι
258 2146 315 2208 τὰς
346 2145 598 2220 ὁμοιομερείας
628 2147 693 2202 ἀπὸ
721 2155 892 2222 μίγματος
918 2149 1049 2218 terrast
1095 2149 1210 2219 Saepius

93 2251 198 2302 antem
217 2246 249 2300 in
262 2245 399 2315 Simplicii
417 2245 497 2299 libris
517 2264 533 2300 a
552 2245 675 2300 librariis
693 2247 814 2300 maxime
833 2247 862 2299 in
880 2245 1111 2315 philosophorum
1121 2246 1209 2300 nomi-

93 2343 186 2398 nibus
207 2346 259 2396 ant
277 2341 441 2398 omittendis
460 2345 509 2397 aut
532 2341 666 2396 addendis
689 2347 739 2397 aut
757 2342 899 2398 mutandis
916 2347 1041 2398 erratum
1059 2359 1125 2412 esse,
1148 2342 1208 2412 plu·

94 2441 180 2494 ribus
199 2438 335 2508 exemplis
353 2438 520 2494 ostenditur.
561 2437 654 2494 Unum
667 2439 824 2508 exemplum
834 2439 929 2508 paullo
942 2442 1007 2493 ante
1019 2425 1226 2510 eognovimus.¹

94 2536 191 2592 Aliud
215 2536 375 2604 exemplum
402 2553 477 2590 nuno
494 2535 628 2590 recordor
646 2534 768 2590 inveniri
785 2534 867 2606 Phys.
887 2552 913 2604 p.
933 2537 977 2604 41,
996 2552 1021 2602 a,
1039 2535 1110 2590 med.
1148 2535 1210 2590 Hoc

95 2634 178 2689 anim
196 2633 261 2688 loco
289 2649 352 2686 cum
370 2635 533 2700 quaeratur,
561 2631 624 2700 quis
648 2628 678 2684 τὸ
698 2627 779 2701 ξηρὸν
800 2634 846 2684 καὶ
869 2628 954 2700 ὑγρὸν
971 2631 1141 2702 principium
1160 2649 1208 2701 po·

95 2730 202 2797 suerit,
222 2727 291 2783 haec
308 2728 452 2798 leguntur:
482 2725 515 2797 ,d
538 2731 634 2799 μέντοι
653 2719 814 2800 Πορφὺριος
841 2720 1005 2798 ο1κειόπερον
1027 2731 1065 2788 εἰς
1084 2728 1209 2788 'Aucta-

94 2831 212 2900 μένην
230 2821 279 2890 τὴν
291 2817 374 2884 δόξαν
392 2815 547 2896 ἀνέπεμψε
559 2818 658 2891 ταύτην
675 2817 789 2878 eludare
802 2823 884 2892 mm,
904 2824 953 2878 ubi
969 2824 1209 2895 Xenophanem

95 2920 284 2979 scribendum
307 2938 365 2976 esse
384 2924 413 2976 et
432 2937 476 2976 res
497 2921 559 2991 ipsa
587 2923 615 2976 et
638 2921 788 2976 verborum
809 2921 984 2990 sequentium
1011 2921 1103 2975 forma
1130 2919 1216 2991 spica

96 3019 194 3076 docet.
233 3017 275 3074 ef.
293 3016 417 3072 Mullach
444 3017 527 3088 frgnn
550 3017 619 3087 phil.
639 3015 686 3071 Gr.
709 3035 737 3087 p.
760 3018 819 3086 103,
841 3019 881 3072 10.
918 3015 951 3070 ln
969 3016 1068 3072 Dialsii
1092 3017 1153 3072 eod.
1177 3016 1209 3072 F.

96 3117 190 3172 verba
208 3110 266 3173 ‘cis
281 3109 413 3184 Ἀναξίμ.
432 3117 478 3167 acl
493 3110 625 3183 ’Δναξαμ
645 3113 759 3168 omnino
769 3113 879 3184 desunt,
896 3113 982 3183 idque
994 3113 1113 3169 fortasse
1123 3131 1210 3168 unum

95 3211 284 3284 probandum
303 3215 353 3266 est.

206 3307 310 3362 Primis
330 3306 447 3375 duobus,
466 3323 535 3376 quos
554 3306 709 3375 attulimus,
728 3305 865 3376 Simplicii
883 3306 951 3362 locis
970 3324 1084 3377 prorsus
1102 3307 1209 3362 refelli·

96 3410 148 3460 tnr
171 3404 260 3460 etiam
282 3421 315 3458 ea
332 3404 422 3458 nostri
441 3403 495 3458 loci
514 3403 674 3473 explicatio,
692 3403 876 3474 quamLiitze
895 3404 924 3473 (l.
935 3403 952 3457 l.
962 3421 989 3473 p.
1001 3403 1048 3473 75)
1066 3405 1209 3474 proponit,

29 3517 36 3526 ·
97 3502 150 3571 qui
168 3504 264 3570 putat,
283 3500 526 3555 Anaximandrum
545 3501 705 3570 exemplum
723 3501 792 3570 poni
810 3500 895 3571 primi
913 3499 1144 3572 philosophorum
1162 3519 1209 3572 ge·

97 3598 186 3667 neris,
206 3613 314 3666 eornm,
332 3596 381 3666 qni
399 3595 431 3652 ἓν
448 3594 479 3650 τὸ
499 3590 533 3651 ὃν
551 3600 596 3649 καὶ
614 3597 692 3650 τοῦτο
710 3593 845 3666 ἀγένητον
864 3614 923 3652 asse
941 3597 1039 3653 velint.
1076 3597 1114 3651 Hi
1134 3597 1209 3652 enim

100 3716 119 3752 a
139 3697 289 3766 Simplicio
317 3696 448 3752 dicuntur
476 3696 599 3766 primum
625 3713 712 3767 genus
734 3714 840 3759 eornm,
869 3696 918 3765 qui
945 3696 1209 3767 generationem

99 3809 179 3847 esse
197 3795 346 3862 negent5
373 3790 583 3846 Anaximander
601 3807 667 3844 vero
684 3790 719 3844 ab
738 3807 770 3844 eo
789 3789 897 3845 duobus
909 3790 965 3844 illis
983 3790 1051 3846 locis
1069 3791 1099 3846 in
1113 3791 1147 3846 iis
1160 3809 1209 3846 nu·

97 3893 236 3955 meretur,
265 3887 314 3956 qui
337 3886 596 3958 generationem
621 3903 695 3942 esse
719 3886 927 3942 adfirment.
965 3885 1020 3942 sed
1037 3886 1081 3942 his
1099 3887 1221 3943 omissis.

100 3983 151 4038 illa
169 3983 324 4052 explicatio
348 3983 485 4038 suetiam
508 3983 688 4052 reprobatur,
715 3982 791 4051 quod
818 3986 936 4053 propter
960 3983 1050 4052 ipsam
1073 3983 1209 4038 orationis

100 4080 223 4135 formam
239 4079 450 4134 Anaximander
468 4079 638 4135 naturaliter
665 4083 741 4134 certe
766 4079 802 4133 sd
820 4079 927 4148 primos
946 4080 1010 4134 illos
1028 4078 1209 4150 philosophos

100 4177 207 4232 referri
225 4194 282 4232 non
298 4181 400 4247 potest,
422 4177 561 4247 quodque,
590 4177 614 4232 si
642 4195 724 4247 posse
746 4177 926 4240 concedatur,
954 4178 984 4232 id
1002 4178 1106 4242 obstat,
1135 4176 1216 4245 quod

100 4273 144 4332 illi
165 4273 336 4344 philosophi,
355 4278 388 4329 ut
410 4291 445 4330 ex
463 4274 618 4329 Aristotele
636 4278 726 4344 patet,
747 4277 843 4344 aperte
862 4273 1067 4344 intelleguntur
1084 4273 1209 4328 Eleatae.
