2850 4904
760 379 811 433 tlt

234 541 392 634 ἀόριστον
421 549 489 616 κατ’
523 541 612 628 εἶδος
643 548 696 616 καὶ
738 545 820 614 κατα
863 547 1006 633 μέγεθος
1017 539 1036 633 ',
1076 550 1164 614 illum
1206 549 1239 613 in
1270 567 1340 612 oon-

235 661 408 729 stituendis
444 661 613 728 elementis
650 660 814 745 corporeis
857 660 993 726 similem
1035 677 1106 726 esse
1143 658 1340 723 Anaximan-

239 771 328 838 dro.“
373 770 497 850 Quodsi
531 769 773 855 Theophrastus
808 769 1036 852 Anaxagoram
1073 787 1112 832 ea
1149 767 1340 834 eondioione
1417 847 1418 854 ρ

240 880 318 948 dioit
349 881 486 946 similem
517 879 589 946 lieri
622 877 872 954 Anaximandro,
905 880 932 944 si
963 879 1035 944 eins
1067 877 1177 942 mixtio
1209 883 1341 960 putetur

237 1009 310 1056 esse
337 983 416 1070 ‘ain
437 988 535 1074 φύσις
563 977 718 1070 ἀόριστος
748 988 817 1050 κατ’
854 977 943 1062 εἶδος
978 984 1033 1050 καὶ
1063 986 1144 1048 κατὰ
1174 982 1339 1068 μένε-Μ’,

238 1118 312 1164 eum
333 1105 461 1183 oportet
484 1098 515 1162 in
544 1099 651 1182 priore
676 1096 816 1181 quadam
852 1095 1079 1181 disputationis
1112 1101 1203 1180 parte
1235 1095 1340 1178 ipsios
1418 1137 1419 1142 κ

238 1206 477 1272 Anaximandri
505 1205 698 1290 principium
725 1203 821 1288 ιμίαν
847 1202 946 1292 φύσιν
967 1204 1123 1288 ἀόριστον
1144 1202 1212 1268 κατ’
1236 1195 1340 1279 εἶδσς’

240 1317 466 1400 appellavisse.
511 1314 605 1381 Certe
629 1321 734 1381 antem
769 1317 815 1380 ita
850 1316 1025 1400 appellavit
1056 1335 1120 1380 nou
1151 1313 1240 1397 qaod
1272 1315 1340 1397 ipse

239 1423 479 1490 Anaximander
522 1443 613 1490 suum
651 1425 844 1508 prinoipiom
888 1424 949 1490 hoo
991 1423 1087 1490 modo
1129 1423 1340 1498 definivisset,
1419 1475 1420 1480 ,

239 1532 300 1598 sed
330 1532 419 1616 quod
450 1534 555 1617 ipsine
574 1531 809 1599 'Anaximandri
845 1533 990 1600 delinitio
1023 1521 1095 1612 hoe
1120 1532 1215 1599 modo
1243 1531 1341 1597 inter-

241 1641 401 1728 pretanda
428 1649 524 1708 osset.
567 1643 714 1726 Naruque
741 1644 932 1710 voeabulum
953 1635 1071 1728 ‘pinta
1096 1631 1254 1724 ἀόριστον
1272 1640 1339 1704 κατ’

241 1741 348 1827 eidog’
381 1771 445 1816 non
468 1771 540 1818 esse
570 1751 634 1818 nisi
668 1751 829 1834 quandam
873 1751 1167 1835 interpretationem
1196 1751 1240 1818 ah
1271 1752 1340 1834 ipso

241 1858 463 1945 Theophrasto
480 1862 668 1945 protentam,
692 1862 756 1926 iam
777 1861 848 1946 ipso
862 1860 1052 1945 Simplicius
1074 1862 1154 1927 satis
1169 1866 1282 1943 aperte
1302 1877 1340 1923 eo

241 1969 412 2052 signifieat,
435 1969 522 2052 quod
552 1970 617 2038 alio
638 1971 717 2047 looo,
749 1990 816 2053 qno
836 1971 951 2037 iterum
985 1969 1098 2036 eadem
1126 1968 1338 2052 Theophrasti

241 2077 341 2144 verba
373 2077 489 2162 adfert,
524 2079 606 2145 hune
628 2099 691 2147 non
714 2082 782 2146 sino
803 2080 1036 2163 vituperatione
1069 2077 1150 2145 dioit
1171 2078 1338 2160 Anaxago·
1421 2153 1422 2156 Ἴ

242 2206 395 2254 ramnum
410 2187 651 2254 Anaximandro
666 2187 700 2254 in
715 2207 812 2255 unum
828 2188 975 2254 oouioere
983 2189 1017 2269 ¹),
1039 2187 1188 2271 quodque
1203 2189 1271 2272 ipse
1286 2187 1340 2250 illo

242 2297 401 2364 voeabula
416 2295 577 2380 nunqdam
600 2298 635 2363 in
657 2297 841 2366 deliniendo
857 2297 1093 2364 Anaximandri
1110 2296 1339 2380 prinoipio'uti-

347 2518 373 2584 1)
391 2515 473 2584 Phys.
492 2518 536 2581 83,
557 2535 582 2585 a,
601 2522 672 2586 post.
692 2535 728 2572 m.
747 2518 808 2584 (uhi
830 2518 864 2573 de
886 2519 1054 2589 Anaxagora
1072 2515 1254 2587 disputatur):
1278 2517 1338 2583 „nal

243 2609 258 2664 ὁ
278 2607 458 2684 Θεόφραστος
484 2612 516 2665 δὲ
539 2610 588 2667 τὸν
603 2609 802 2685 Ἀναξαγόραν
820 2618 858 2675 εἰς
876 2611 924 2670 τὸν
940 2612 1168 2686 Ἀναξίμανδρον
1186 2612 1340 2668 συνωθῶν

246 2710 290 2759 acal
310 2704 393 2765 οὕτως
411 2705 574 2779 ἐκλαμβάνει
596 2707 628 2762 rui
649 2708 703 2764 ὑπὸ
724 2713 771 2764 τοῦ
787 2706 977 2781 Ἀναξαγόρου
995 2705 1140 2782 λεγόμενα,
1160 2705 1195 2770 ὠς
1207 2705 1338 2762 δύνασθαι

246 2808 316 2874 μίαν
334 2799 417 2857 αὐτὸν
438 2799 524 2877 φύσιν
542 2809 632 2876 λέγειν
650 2805 680 2859 τὸ
701 2805 891 2880 ὑποκείμενον.
910 2802 1012 2880 γράφει
1030 2804 1084 2878 γὰρ
1095 2801 1179 2866 οὕτως
1198 2806 1227 2860 ἐν
1242 2805 1270 2878 'i
1286 2823 1340 2873 ‹pv-

248 2900 310 2973 σινῇ
328 2901 434 2970 ἱστορίᾳ
451 2901 524 2955 art.“
537 2931 567 2942 —
581 2897 707 2973 sequitur
726 2899 905 2973 idem'loous,
924 2879 1005 2973 quem
1024 2901 1335 2973 proximelaodavimua.

244 2993 420 3065 vituperatio
430 2998 591 3053 continetur
603 2999 687 3053 verbo
706 2996 884 3068 ‘ovvwduiv’;
903 2999 932 3053 id
944 2998 1019 3053 enim
1028 2999 1198 3054 naturaliter
1206 2997 1337 3054 actionem

244 3091 393 3163 signifieat,
418 3093 447 3146 in
475 3111 531 3162 qua
558 3093 727 3164 perficienda
746 3095 798 3150 via
823 3095 1018 3150 adhibenda
1037 3095 1093 3163 sit,
1117 3111 1205 3164 qnae
1230 3094 1337 3164 igitur

244 3185 315 3255 ipsi
333 3203 446 3243 rerum
465 3195 619 3246 naturae
639 3196 823 3262 repugnet;
842 3190 984 3262 signifieat
1002 3191 1090 3262 igitur
1108 3191 1162 3247 hoe
1180 3192 1239 3247 loeo
1258 3190 1336 3244 talem

247 3283 387 3351 quandam
408 3285 679 3356 interpretationem,
708 3305 764 3358 qna
790 3289 862 3344 duae
890 3288 1045 3344 sententiae
1071 3289 1199 3344 diversae
1217 3305 1265 3358 per
1283 3285 1336 3340 uim

248 3379 284 3432 ad
302 3397 384 3434 unam
404 3382 581 3439 reducantur.
619 3383 778 3454 Simplicius
797 3384 850 3440 hoo
872 3386 933 3440 looo
952 3385 1045 3440 verbis
1063 3385 1178 3454 quidem
1197 3385 1282 3439 solum
1296 3380 1335 3435 di·

245 3477 293 3538 oit.
321 3475 544 3546 Theophrastum
572 3497 613 3543 eo,
650 3481 725 3549 qood
755 3483 940 3552 Anaxagorae
969 3481 1134 3537 mixtionem
1161 3485 1231 3553 plur
1259 3472 1336 3550 pluo

242 3568 376 3640 ἀόριστον
394 3575 451 3627 κατ’
469 3576 542 3636 εἶδος
560 3577 774 3648 interpretetur,
792 3578 874 3632 huius
893 3578 1060 3634 sententiam
1077 3595 1128 3648 per
1143 3577 1204 3642 ,vim
1222 3575 1256 3631 ad
1269 3573 1334 3630 Ana·

245 3670 385 3725 ximandri
414 3673 579 3727 sententiam
610 3674 755 3742 rednoere;
789 3674 855 3729 inde
885 3678 979 3729 autem
1003 3691 1055 3743 per
1078 3691 1107 3728 ee
1130 3691 1187 3728 non
1211 3670 1333 3742 sequitur.

244 3770 278 3820 ut
305 3767 392 3822 etiam
409 3768 614 3824 Anaximandri
642 3769 813 3840 principium
839 3787 896 3824 non
923 3770 977 3824 nisi
1007 3786 1059 3840 per
1082 3768 1333 3840 interpretationem

248 3864 388 3934 quandam
416 3864 451 3919 ab
479 3865 566 3934 ipsius
597 3866 736 3921 sententia
764 3866 883 3922 alienam
910 3865 1139 3935 aTheophrasto
1164 3859 1249 3938 φύσιν
1268 3857 1334 3928 ἀόρι-

246 3976 311 4014 σιον
329 3962 386 4016 κατ’
415 3961 487 4021 eidos
515 3963 651 4032 appellari
673 3963 832 4033 putaverit;
859 3963 907 4018 sed
930 3963 1002 4018 hano
1019 3980 1078 4018 esse
1096 3963 1155 4018 eius
1173 3961 1329 4032 opinionem,

246 4062 279 4112 ut
297 4073 354 4112 nnn
364 4063 506 4129 repugnat
525 4059 578 4114 looi
591 4059 692 4129 verbis,
711 4061 752 4114 ita
770 4077 803 4114 eo
816 4059 962 4130 probatur,
981 4059 1064 4129 quod,
1082 4060 1224 4115 eumalias
1235 4069 1333 4124 semper

249 4151 308 4208 fere
327 4151 551 4224 Theophrastum
580 4162 721 4226 sequatur,
749 4156 803 4210 hoo
821 4157 988 4211 vocabulum
1016 4159 1160 4225 nunquam
1188 4155 1222 4210 de
1239 4148 1332 4207 Anaxi·

245 4250 357 4304 mandri
375 4251 515 4321 prinoipio
535 4251 660 4307 adhibet.
