2860 4906
82 543 219 604 nonest
245 577 280 588 -
305 538 363 604 sed
384 539 463 622 poni
488 558 605 622 eorpus
631 536 795 620 quoddam
821 538 855 601 iu
876 537 1070 614 universum,
1098 530 1191 598 ouius

84 646 228 730 speeiem
250 669 314 712 non
337 646 480 729 definiat,
513 649 546 712 iu
574 649 696 713 inuento
722 647 876 713 videlieet
899 643 1093 727 relinquens,
1116 664 1192 710 num

83 755 170 836 ignis
193 776 235 821 an
258 775 315 821 aer
335 775 376 820 an
396 775 482 838 aqua
497 756 548 822 sit.
592 757 662 822 Hoo
676 761 784 822 autem
807 756 850 822 ab
870 756 925 820 illo
937 754 1078 820 maximo
1093 774 1191 837 opere

83 863 200 930 differt.
246 863 310 943 Qui
344 864 430 930 enim
463 864 661 949 prinoipium
694 864 775 931 dieit
809 884 925 949 eorpus
959 863 1123 948 quoddam
1158 865 1192 929 in

84 973 280 1056 universum,
301 995 366 1040 non
386 973 543 1040 definiens
559 975 629 1041 eius
642 975 796 1059 speeiem,
818 974 857 1058 is,
880 974 1032 1057 quoniam
1047 975 1190 1059 eorporis

83 1083 171 1148 notio
194 1103 253 1168 per
277 1102 313 1149 se
334 1083 499 1150 notionem
521 1084 715 1167 qualitatum
738 1083 904 1151 sensilium
927 1085 1081 1169 eontinet,
1104 1085 1191 1168 prin-

84 1193 203 1274 cipium
227 1191 308 1258 dioit
332 1199 481 1259 naturam
503 1213 575 1266 esse
599 1213 659 1259 sua
684 1193 826 1276 quadam
848 1213 950 1276 eaque
972 1193 1086 1260 sensili
1111 1213 1192 1277 qua·

83 1302 175 1368 litate
199 1308 352 1385 utentem,
383 1323 444 1369 nee
476 1323 553 1369 vero
592 1309 739 1384 naturam
771 1302 914 1370 ouiusvis
947 1304 1113 1387 qualitatis
1138 1324 1191 1369 ex-

85 1418 220 1494 pertem,
252 1418 351 1495 atque
385 1433 424 1479 ea
455 1414 557 1480 solum
589 1420 684 1496 parte
720 1433 784 1479 non
815 1411 990 1492 delinitam,
1024 1419 1192 1520 quatenus,

84 1540 166 1603 quae
196 1522 252 1587 illa
280 1522 350 1588 eius
385 1523 527 1605 qualitas
559 1522 612 1605 sit,
643 1543 707 1588 non
741 1523 842 1608 possit
876 1521 1014 1588 definiri.
1068 1519 1190 1588 Eodem

84 1631 177 1696 modo
214 1632 254 1696 D.
282 1632 430 1698 Laertius
441 1631 464 1713 ¹)
492 1637 524 1698 et
556 1631 922 1711 Pseudo-Plutarchusl)
955 1630 1190 1697 Anaximandri

84 1739 277 1824 principium
301 1739 470 1824 definiunt,
492 1742 549 1824 qui
570 1740 681 1807 verbis
705 1741 804 1806 etiam
825 1742 893 1807 fere
913 1760 985 1807 uum
1008 1740 1191 1826 Porphyrio

84 1847 286 1916 consentiunt
315 1854 346 1914 et
369 1847 508 1914 maxime
537 1870 577 1915 ea
602 1850 704 1914 solum
727 1869 762 1914 re
790 1849 831 1914 ab
855 1868 893 1915 eo
917 1848 1080 1933 differunt,
1103 1849 1191 1934 quod

86 1957 112 2024 is
130 1965 195 2025 tres
208 1959 312 2024 solum
334 1957 480 2042 eorporis
492 1959 629 2042 speeies,
654 1957 718 2023 tria
740 1957 815 2024 dieo
831 1959 1000 2041 elementa,
1016 1965 1190 2039 enumerat,

87 2087 219 2150 quorum
246 2067 333 2152 quod
356 2066 552 2152 principium
575 2068 628 2147 sit,
652 2068 693 2133 ab
708 2067 953 2133 Anaximandro
974 2088 1039 2134 uon
1060 2068 1191 2134 definia-

86 2183 144 2254 tur,
169 2176 201 2241 hi
224 2184 333 2244 autem
356 2178 455 2242 aliam
477 2179 576 2244 etiam
595 2177 738 2261 speeiem
754 2185 942 2261 memorant,
965 2185 1038 2263 post
1053 2180 1190 2248 elemen-

85 2296 186 2354 torum
203 2288 478 2362 enumerationem
493 2287 652 2354 addentes
671 2279 710 2375 ίἢ
730 2275 811 2352 ἄλλο
833 2279 879 2354 uu'
902 2288 956 2353 vel
975 2279 1010 2374 ’ἢ
1025 2276 1106 2352 ἄλλα
1120 2289 1191 2353 τινὰ

83 2397 246 2480 σώματα’,
278 2397 395 2482 quibus
422 2398 529 2464 verbis
557 2397 685 2464 videtur
710 2396 871 2480 quaedam
900 2398 987 2464 illius
1018 2399 1077 2462 τοῦ
1100 2393 1190 2480 παρὰ

84 2500 123 2569 τὰ
143 2511 291 2587 στοιχεῖα
307 2506 502 2590 significatio
525 2506 643 2574 inesse.
687 2508 802 2590 Itaque
818 2505 967 2573 omnibus
989 2507 1080 2573 hisee
1102 2507 1190 2574 testi·

87 2617 201 2682 moniis
237 2616 368 2684 omnino
402 2637 466 2682 non
501 2617 696 2700 continetur,
728 2616 963 2682 Anaximandri
996 2615 1190 2701 principium

84 2731 228 2792 naturam
251 2745 323 2792 esse
346 2727 493 2791 cuiusvis
510 2724 677 2809 qualitatis
700 2731 872 2810 expertem.
895 2725 1069 2792 Praeterea
1082 2733 1190 2791 autern

85 2835 177 2900 facile
201 2835 261 2902 tibi
284 2837 492 2919 persuaseris,
522 2835 682 2920 neglectis
704 2825 802 2901 etiam
826 2835 876 2918 iis,
902 2855 987 2918 quae
1007 2835 1048 2902 de
1069 2835 1191 2901 Anaxi·

87 2943 209 3010 mandri
242 2944 402 3030 prinuipio
425 2943 674 3029 disputavimuS,
708 2943 801 3009 illam
824 2943 1046 3012 definitionem
1069 2967 1090 3011 a
1112 2945 1191 3012 Por·

86 3052 200 3137 phyrio
231 3060 444 3121 memoratam
476 3075 541 3121 non
585 3055 694 3121 verbis
729 3057 832 3120 solum
863 3054 922 3121 sed
954 3073 995 3120 ne
1031 3054 1192 3122 sententia

84 3163 209 3244 quidem
223 3183 328 3248 ‚posse
350 3161 393 3229 ad
415 3163 692 3230 Anaximandrum
726 3165 897 3248 pertinere.
940 3162 1082 3230 Primum
1104 3164 1191 3230 onim

85 3290 122 3336 ea
144 3274 275 3339 omnino
297 3294 362 3339 uon
384 3272 489 3358 potuit
506 3273 654 3359 proponi,
678 3279 854 3355 antequam
869 3273 997 3357 generis
1020 3281 1053 3340 et
1067 3273 1190 3358 speoiei

84 3381 229 3448 notiones
251 3387 387 3466 ooeptae
410 3389 518 3450 essent
541 3383 710 3466 distingui,
745 3402 828 3465 quae
852 3380 1017 3448 distinctio
1039 3383 1081 3450 ab
1103 3383 1190 3450 Ana·

85 3489 240 3555 ximandri
272 3492 473 3574 temporibus
497 3490 626 3558 omniuo
660 3490 770 3557 aliena
797 3498 855 3556 est.
899 3491 1025 3558 Deinde
1056 3492 1190 3576 apertis-

85 3598 160 3666 sime
182 3605 305 3684 pugnat
327 3619 399 3665 oum
422 3598 618 3677 sanatione,
641 3618 706 3681 qua
733 3599 969 3666 Anaximandri
992 3599 1188 3685 principium

90 3777 252 3786 Ἤ.
258 3780 280 3786 -.

183 3878 209 3947 1)
227 3877 262 3932 D.
284 3877 316 3932 L.
336 3877 372 3940 11,
393 3881 419 3931 1:
449 3864 567 3946 ,,οὗτος.
588 3920 594 3934 .
618 3875 707 3950 ἀρχὴν
733 3908 765 3919 -
791 3875 821 3931 τὸ
850 3871 974 3949 ἄπειρον,
1003 3873 1035 3931 ori
1066 3878 1191 3948 διορίζων

86 3966 133 4042 ἀὴρ
152 3967 168 4040 ἢ
186 3969 260 4046 ὕδωρ
278 3967 295 4042 ἢ
313 3969 379 4028 ἄλλο
397 3974 448 4030 u.“

182 4071 212 4141 2)
230 4070 304 4128 Plau.
324 4071 346 4141 l,
365 4074 396 4126 ὃς
420 4068 587 4144 ηάμαρτάνει
605 4073 638 4127 δὲ
657 4060 734 4134 οὗτος
751 4069 792 4146 μὴ
805 4075 893 4144 λέγων
910 4077 938 4126 τί
948 4069 1045 4126 ἔστιτὸ
1064 4066 1189 4143 ἄπειρον,

86 4162 201 4239 πότερον
219 4163 270 4240 ἀήρ
289 4169 365 4224 ἐστιν
383 4163 398 4236 ἢ
417 4164 491 4241 ὕδωρ
509 4165 526 4237 ἢ
545 4171 581 4241 γῆ
605 4163 706 4237 alata
732 4167 793 4225 τινὰ
820 4163 962 4242 adparat
1000 4169 1082 4238 Quod
1101 4168 1189 4225 tertio

85 4259 141 4320 loeo
158 4264 264 4322 dieitur
284 4265 328 4336 γῆ,
348 4266 491 4324 inscientis
511 4271 560 4323 ast.
