2864 4904
783 357 834 412 116

266 528 470 597 ximandrum
479 549 591 596 verum
604 528 648 596 ad
657 528 1082 612 DiogenemApolloniatem
1092 529 1204 610 relcrt3
1220 527 1281 593 sed
1290 527 1355 592 haec

266 657 319 704 res
341 638 376 704 in
390 638 483 704 huius
507 637 736 722 disputationis
751 637 815 702 fine
829 637 1052 721 explicabitur.
1075 636 1169 715 Quod
1184 643 1291 702 autem
1305 636 1353 700 hoc

266 747 338 814 loco
354 748 569 815 conclusimus
585 749 696 832 solum,
709 747 744 813 id
756 748 885 814 omnino
898 747 1102 813 confirmatur
1121 767 1169 826 co,
1185 745 1271 829 quod
1285 745 1353 812 Sim·

266 857 384 941 plicius
408 859 478 942 ipse
493 865 607 943 postea
630 859 663 923 in
677 858 895 943 explicatione
917 857 988 924 eius
1002 855 1187 923 Aristotelis
1209 855 1279 938 loci,
1301 875 1354 939 qno

266 965 302 1034 is⁴
317 967 455 1051 primum
477 968 673 1052 principium
704 967 867 1050 quoddam
900 967 985 1033 inter
1017 985 1145 1033 acrem
1177 974 1216 1032 ct
1236 966 1353 1049 ignem

265 1074 407 1142 medium
429 1083 593 1152 memorat,
626 1076 723 1143 cortis
750 1077 858 1144 verbis
881 1075 1054 1152 contendit,
1085 1075 1148 1142 hoc
1169 1076 1255 1142 idem
1275 1075 1351 1159 prin·

265 1185 388 1270 cipium
410 1188 453 1253 ab
475 1187 646 1254 Aristotele
675 1192 754 1252 tum
776 1186 887 1252 inter
906 1205 1038 1253 aerem
1066 1192 1105 1250 et
1131 1186 1265 1268 ignem,
1286 1191 1351 1250 tum

265 1294 372 1362 inter
392 1315 522 1362 aerem
545 1302 582 1362 ct
604 1315 742 1378 aquam
763 1276 928 1362 medium
944 1285 1011 1360 dici
1023 1295 1068 1378 ¹);
1090 1314 1187 1377 quam
1202 1300 1351 1360 remcerte

265 1423 329 1468 non
352 1403 491 1488 primum
513 1424 551 1470 ex
572 1403 634 1469 hoc
663 1403 846 1469 Aristotelis
868 1404 940 1469 loco
962 1401 1090 1484 didicit,
1121 1402 1180 1468 sed
1202 1401 1349 1486 cognitam

264 1510 381 1592 attulit,
404 1511 666 1596 quandoquidem
684 1512 745 1578 hoc
760 1512 831 1578 loco
844 1532 909 1578 non
923 1511 988 1578 nisi
1003 1510 1146 1577 medium
1157 1511 1241 1576 inter
1254 1529 1348 1575 aerem

265 1629 298 1688 ct
310 1621 428 1706 ignem,
450 1629 483 1688 et
503 1623 597 1688 tertio
620 1621 748 1688 demum
773 1621 855 1687 libro
871 1621 969 1688 ctiam
991 1619 1132 1687 medium
1152 1620 1238 1686 inter
1256 1639 1350 1686 aerem

264 1737 297 1799 et
320 1751 437 1815 aquam
459 1739 662 1797 memoratur.
707 1734 758 1797 Ac
782 1751 896 1798 revera
918 1751 990 1797 cum
1011 1732 1075 1796 iam
1089 1735 1164 1795 ante
1186 1729 1277 1796 huius
1297 1727 1350 1794 loci

265 1839 514 1924 explicationem
532 1839 574 1906 de
596 1847 713 1906 natura
733 1839 791 1905 illa
813 1837 922 1906 media
934 1837 1136 1920 quaesivisse
1159 1844 1191 1904 et
1206 1837 1248 1903 ad
1267 1857 1349 1919 quem

264 1947 493 2035 philosophum
510 1948 680 2015 referenda
698 1939 793 2026 esset,
816 1949 979 2032 cognitum
995 1947 1159 2026 habuisse,
1178 1946 1253 2013 inde
1265 1946 1349 2026 edam

264 2058 483 2142 colligendum
505 2065 564 2142 est,
587 2058 752 2141 quodiam
767 2065 843 2124 ante
865 2058 957 2122 illum
971 2059 1086 2141 locum,
1109 2077 1257 2140 quocum
1268 2053 1349 2120 modo

263 2165 401 2232 vidimus
424 2166 659 2232 Anaximandri
683 2167 880 2251 principium
903 2167 1093 2251 simpliciter
1113 2159 1152 2230 τὰ
1170 2160 1286 2247 peragi
1299 2184 1349 2246 ap·

263 2277 396 2361 pellere,
424 2275 594 2341 Nicolaum
616 2275 862 2355 Damascenum‚
895 2277 952 2359 qui
978 2275 1120 2342 medium
1143 2275 1229 2343 inter
1256 2293 1348 2340 aerem

265 2391 297 2450 et
319 2383 427 2466 ignem
450 2382 571 2450 tribuat
586 2384 728 2468 Diogeni
738 2383 974 2468 Apolloniatae,
997 2389 1030 2450 et
1051 2383 1239 2468 eDiogenis
1253 2381 1343 2466 ipsius

264 2491 359 2558 libris
381 2498 414 2557 et
432 2492 687 2576 eTheophrasto
709 2493 827 2558 refellit
836 2494 872 2572 2).
918 2492 1032 2574 Itaque
1043 2492 1232 2576 Simplicius
1253 2489 1346 2557 statim

261 2599 296 2666 in
319 2600 428 2686 priore
449 2600 507 2665 illa
529 2601 750 2667 commentarii
786 2609 877 2684 parte
910 2620 974 2666 non
1003 2601 1106 2666 solum
1140 2601 1178 2666 td
1202 2595 1287 2684 παρὰ
1311 2592 1343 2660 nd

261 2712 408 2789 στοιχεῖα
428 2729 538 2775 verum
561 2710 658 2775 etiam
680 2703 718 2774 cd
740 2703 860 2791 μεταξὺ
883 2710 1077 2793 generaliter
1099 2711 1292 2777 intellectum
1311 2706 1345 2772 ad

262 2839 359 2885 unum
384 2818 662 2885 Anaximandrum
692 2820 791 2885 rcl'ert
822 2826 854 2884 et
883 2817 922 2884 τό
943 2813 1066 2901 peragi
1098 2819 1164 2885 alio
1187 2821 1346 2889 referentes

261 2927 409 2993 revincit.

364 3194 529 3272 l)Simplic.
548 3195 630 3264 Phys.
649 3199 693 3266 32,
711 3215 736 3251 a
755 3215 791 3251 m.
811 3197 853 3266 (in
865 3197 947 3266 Phys.
966 3196 1028 3262 1,.4
1050 3197 1120 3250 187·
1139 3197 1199 3266 12).
1226 3196 1307 3266 ,τινὲς
1322 3193 1347 3247 dl

197 3354 201 3362 ι
260 3284 326 3342 6λλο
351 3311 376 3342 τι
399 3291 454 3345 τῶν
471 3292 553 3360 τριῶν
571 3289 715 3360 ὑπέθεντο,
741 3315 756 3345 ο
744 3288 832 3346 ἐστι
855 3290 941 3363 πυρὸς
963 3293 1019 3364 μὲν
1044 3289 1213 3362 πυκνότερον
1232 3289 1307 3362 ἀέρος
1322 3291 1346 3342 δὲ

260 3380 468 3456 λεπτότερον,
452 3408 477 3456 η,
501 3386 544 3446 ὠς
562 3389 597 3442 ἔν
619 3381 733 3448 ἅλλοις
753 3395 866 3462 φησίν,
891 3386 970 3459 ἀέρος
993 3389 1048 3460 μὲν
1071 3386 1239 3461 πυκνότερον
1263 3386 1347 3446 numos

260 3481 292 3535 dl
311 3477 498 3554 λεπτότερον.“

363 3579 481 3648 2)1bid.
503 3584 529 3651 6,
548 3601 564 3637 a
588 3581 688 3636 fimt
659 3587 688 3638 et
712 3584 737 3652 6,
756 3585 811 3638 b
802 3584 879 3638 mit:
911 3584 1075 3653 ,καὶταῦτα
1103 3583 1160 3654 μὲν
1182 3581 1347 3657 Θεόφραστος
1414 3625 1415 3648 t

258 3677 363 3745 ἱστορεῖ
378 3679 442 3746 περὶ
467 3697 514 3731 του
532 3683 681 3750 Διογένους
708 3681 807 3750 (intell.
825 3681 995 3750 principium
1018 3681 1077 3735 eiua
1102 3698 1162 3736 esse
1181 3681 1289 3750 aerem).
1272 3681 1346 3750 Μὰ

259 3767 289 3824 τὸ
309 3775 347 3830 εἰς
365 3771 416 3840 ἐμὲ
434 3770 570 3828 ἒλθὸν’
539 3776 622 3828 αυτοῦ
640 3771 812 3848 σύγγραμμα
831 3771 1015 3848 περὶφύσεως
1035 3777 1279 3848 ἐπιγεγραμμένον
1288 3771 1345 3842 aqu
1414 3805 1415 3850 3

259 3868 358 3938 σαφῶς
376 3869 447 3939 λέγει
468 3867 499 3922 τὸ
519 3857 594 3931 ἐξ
564 3891 596 3924 ου
614 3865 704 3926 πάντα
722 3876 825 3942 γίνεται
844 3869 877 3927 τὰ
895 3867 970 3926 αλλα.
999 3869 1136 3930 Νικόλαος
1147 3877 1244 3945 μέντοι
1261 3872 1343 3926 roduna

257 3965 361 4033 ἱστορεῖ
377 3961 498 4035 μεταξὺ
516 3963 619 4037 πυρὸς
637 3971 691 4020 καὶ
709 3963 808 4038 ἀέρος
827 3974 963 4039 στοιχεῖον
974 3973 1129 4022 τίθεσθαι.“
1168 3971 1267 4024 Postea
1283 3967 1344 4033 32,a

257 4062 322 4126 post
340 4077 377 4114 m.
397 4065 425 4114 ct
445 4063 487 4114 32.
506 4061 535 4131 b,
552 4080 579 4131 p.
599 4081 645 4133 m.,
673 4063 722 4117 ubi
749 4064 865 4119 eandem
884 4065 1049 4120 Damasceni
1075 4067 1242 4122 sententiam
1260 4062 1343 4126 refert,

258 4171 342 4222 quam
369 4161 479 4210 secutus
505 4157 677 4228 Porphyrius
705 4178 815 4229 quoque
845 4162 890 4223 sit.
918 4179 979 4216 eam
1011 4162 1175 4232 diligentius
1208 4162 1289 4216 stiam
1314 4173 1341 4208 ex

257 4251 343 4320 ipsius
361 4251 494 4323 Diogenis
512 4254 593 4309 libris
611 4255 724 4310 refellit
