2860 4906
598 377 651 432 285

170 553 222 616 24.
258 550 337 616 Cum
363 551 462 634 igitur
483 549 564 616 baec
587 549 708 632 opinio,
742 569 809 632 qua
829 548 1066 614 Anaximandri
1089 547 1177 631 prin·

71 659 195 744 cipium
230 665 362 744 putatur
396 677 468 725 esse
499 658 635 725 materia
668 657 811 725 cuiusvis
850 657 1017 740 qualitatis
1051 675 1178 740 expers,

69 769 166 834 nullis
199 774 344 834 veterum
371 767 565 834 testimoniis
588 765 720 845 nitatur,
746 765 894 832 omnibns
918 767 997 844 fere,
1032 785 1115 850 quae
1137 765 1178 831 de

69 874 124 942 illo
151 874 314 960 principio
336 875 524 952 referuntur,
545 873 725 941 certissime
748 874 912 958 probatur,
935 871 969 938 id
993 874 1035 940 ab
1058 873 1178 938 Anaxi-

70 984 206 1051 mandro
237 985 314 1068 poni
347 985 605 1050 substantiam
639 1001 864 1067 corpoream
888 982 1057 1065 simplici
1089 1001 1179 1064 qua-

69 1093 153 1160 dam
177 1113 304 1176 eaque
326 1094 479 1178 quidem
501 1092 647 1160 sensili
670 1093 873 1178 qualitate
896 1099 1081 1159 utentem.
1115 1092 1183 1156 Tc·-

70 1203 234 1286 stimonia,
259 1202 535 1287 quaecnnctaiis,
559 1222 639 1286 quos
662 1203 728 1269 iam
742 1202 908 1270 attulimus
930 1209 1076 1270 veterum
1098 1199 1179 1267 locis

74 1315 287 1396 continentur,
310 1319 376 1378 tam
398 1314 499 1380 multa
521 1320 603 1391 sunt,
635 1320 672 1380 ut
693 1314 773 1379 satis
796 1332 869 1379 esse
891 1310 1047 1392 videatur,
1071 1329 1180 1376 eorum

74 1422 253 1501 potissimis
285 1428 410 1488 tantum
442 1423 500 1488 uti.
558 1403 641 1488 Sunt
673 1428 781 1488 autem
813 1421 977 1506 bipartita,
1012 1441 1061 1504 ea,
1095 1440 1179 1502 quae

72 1531 158 1614 apud
180 1532 401 1610 Aristotelem,
425 1538 458 1597 ct
479 1552 528 1615 ea,
556 1552 640 1615 quae
663 1529 843 1616 apud-eius
866 1530 1066 1616 interpretes
1082 1529 1179 1596 alios-

72 1660 130 1722 que
154 1641 332 1726 scriptores
355 1641 569 1708 inveniuntur.

171 1750 374 1816 Testimonia
400 1771 441 1816 ex
463 1750 636 1817 Aristotele
671 1749 775 1835 petita
802 1769 912 1816 rursus
939 1747 1099 1814 trifariam
1127 1747 1178 1813 di·

75 1858 158 1925 vido.
203 1859 298 1926 Initio
314 1861 503 1927 Aristoteles
527 1860 561 1926 in
574 1859 796 1946 disputatione
819 1859 860 1925 de
883 1859 1018 1941 infinito,
1042 1879 1081 1926 eo
1096 1858 1177 1932 loco,

73 1987 143 2051 quo,
166 1969 287 2051 quibus
309 1969 488 2036 rationibus
514 1969 632 2034 infiniti
655 1970 765 2053 opinio
787 1971 914 2046 nitatur,
939 1968 1071 2050 indicat,
1094 1968 1178 2034 hanc

73 2096 201 2160 quoque
223 2079 381 2144 rationem
403 2077 523 2157 laudat,
558 2077 644 2162 quod
675 2078 721 2144 ita
749 2079 851 2144 solum
880 2098 987 2144 rerum
1010 2076 1177 2160 generatio

79 2329 257 2384 Aristotelam
277 2329 481 2384 Anaximandri
500 2330 671 2400 principium
689 2329 844 2400 prominens
863 2335 924 2384 tum
943 2330 1017 2385 inter
1029 2342 1131 2400 aquarn
1149 2334 1178 2385 et

73 2441 170 2488 aerem,
191 2431 253 2481 tum
274 2427 350 2481 inter
369 2445 462 2482 aerem
482 2431 510 2482 et
529 2427 631 2498 ignem,
650 2432 734 2497 atque
759 2428 845 2482 semel
868 2428 953 2482 etiam
979 2426 1054 2482 inter
1074 2445 1177 2496 aquam

77 2527 103 2576 et
120 2522 213 2592 ignem
231 2524 357 2578 medium
376 2524 480 2592 dicere,
506 2524 614 2593 hocque
634 2524 815 2580 statuerimus
839 2522 906 2580 inde
928 2523 1019 2578 videri
1041 2524 1180 2594 explican-

80 2617 142 2674 dum
160 2637 229 2683 esse,
251 2621 327 2690 qnod
347 2620 557 2677 Anaximander
575 2621 635 2691 ipse
653 2621 823 2691 principium
843 2621 883 2675 ita
906 2619 1123 2688 informavisset,
1146 2622 1179 2674 ut

76 2715 134 2782 pari
153 2715 215 2772 iure
234 2722 263 2771 et
281 2717 356 2772 inter
375 2717 444 2772 haec
462 2722 492 2772 et
509 2717 585 2772 inter
604 2718 654 2772 illa
671 2719 810 2772 elementa
822 2715 946 2771 medinm
965 2715 1054 2770 videri
1073 2719 1176 2784 posset,

76 2813 183 2868 omnino
204 2813 338 2868 credibile
358 2818 409 2882 est,
435 2833 452 2868 a
470 2813 664 2884 Theophrasto
689 2831 799 2884 quoqne
827 2813 922 2883 aliquo
947 2812 1030 2866 modo
1054 2829 1177 2881 pronun·

78 2907 173 2964 tiatnm
194 2927 262 2979 esse,
282 2911 524 2966 Anaximandrum
544 2929 600 2966 non
613 2910 773 2966 definivisse
791 2907 841 2982 (μὴ
854 2910 995 2980 διορίσαι),
1014 2909 1089 2963 inter
1108 2926 1178 2977 quae

75 3004 135 3060 bina
160 3006 299 3062 clementa
322 3008 493 3078 principium
519 3009 677 3078 putandum
700 3011 771 3063 esset
794 3007 917 3062 medinm
945 3024 1012 3062 esse.
1055 3005 1136 3074 Quod
1154 3005 1177 3059 si

76 3103 210 3171 ponimus,
229 3103 305 3158 haud
329 3122 396 3160 sane
414 3104 581 3160 incredibile
600 3109 652 3174 est,
676 3105 798 3174 aliquem
824 3103 1000 3172 scriptorem,
1022 3101 1072 3172 qui
1090 3101 1178 3156 Theo-

78 3197 219 3266 phrastnm
237 3206 289 3255 ant
306 3201 397 3255 minna
416 3201 569 3272 diligenter
589 3201 710 3272 legisset,
730 3205 787 3269 aut,
807 3215 879 3270 qnae
892 3199 1016 3270 legisset,
1034 3215 1091 3254 noa
1109 3198 1177 3253 satis

76 3297 251 3362 meminisset,
272 3298 313 3352 ita
331 3315 348 3352 a
366 3297 553 3367 Theophrasti
572 3303 667 3352 mente
683 3297 865 3364 aberravisse,
885 3302 926 3364 ut,
946 3313 1008 3352 cnm
1028 3295 1052 3349 is
1071 3295 1177 3349 Anaxi·

78 3395 223 3450 mandram
242 3394 362 3451 dixisset
378 3413 433 3450 non
455 3395 622 3465 definivisse,
641 3413 708 3450 num
726 3395 813 3465 ipsius
831 3394 1003 3464 principium
1022 3411 1071 3448 sua
1090 3393 1177 3462 ipsius

78 3495 160 3561 specie
179 3495 255 3551 inter
280 3495 349 3552 haee
372 3515 408 3552 aa
426 3497 500 3552 inter
527 3497 576 3552 illa
595 3497 732 3552 elementa
750 3495 873 3552 medium
892 3499 972 3557 esset,
992 3509 1055 3550 enm
1074 3494 1177 3551 dixisse

77 3595 194 3661 putaret,
216 3592 458 3648 Anaximandrum
471 3611 527 3648 non
541 3592 708 3661 definivisse,
728 3609 795 3646 num
809 3591 982 3662 principium
1001 3590 1054 3646 hoe
1072 3589 1186 3645 illudve,

79 3687 238 3744 elementum
265 3707 301 3744 an
322 3689 399 3744 aliud
423 3689 566 3760 quoddam
590 3705 691 3760 corpus
710 3693 790 3758 esset,
819 3688 848 3742 id
868 3692 919 3756 est,
939 3688 1042 3742 dixisse
1065 3687 1177 3756 quidem

78 3781 242 3856 principium
261 3804 361 3856 corpus
381 3787 522 3856 quoddam
541 3804 678 3842 necuere
697 3785 856 3841 definivisse
876 3784 958 3840 huius
978 3784 1103 3854 corporis
1116 3801 1176 3853 spe·

81 3879 150 3937 ciem.
187 3881 252 3937 Non
271 3882 400 3951 equidem
420 3883 473 3938 hoc
491 3887 599 3938 certum
621 3901 679 3938 esse
698 3883 770 3952 dieo,
790 3882 838 3937 sed
857 3883 914 3938 tale
933 3879 1022 3937 solum
1042 3899 1101 3936 esse
1120 3879 1176 3935 exi·

78 3975 160 4048 stimo‚
180 3979 256 4048 quod
279 3983 308 4034 et
336 3997 388 4049 per
411 3998 440 4036 se
463 3981 541 4036 nullo
571 3981 654 4036 modo
677 3981 864 4050 improbabile
888 3980 935 4049 sit,
962 3984 991 4034 et
1010 3997 1065 4048 quc
1088 3979 1177 4034 mirae

78 4068 143 4127 illius
171 4073 328 4129 sententiae
354 4075 433 4146 origo
462 4076 603 4145 probabili
632 4076 716 4131 modo
745 4076 910 4146 explicetur.
949 4075 1054 4145 Quodsi
1082 4079 1176 4131 antem

82 4170 261 4228 coniecturam
280 4173 410 4228 nolumus
431 4174 460 4228 in
479 4175 630 4245 incognitis
650 4175 759 4246 vagari,
776 4174 823 4230 vix
843 4175 930 4232 ullam
950 4174 1035 4231 aliam
1054 4174 1176 4248 expliea-

82 4264 176 4325 ticnem
193 4268 372 4340 reperiemus.
