2864 4910
772 384 825 443 356

254 557 364 641 buant,
386 559 431 624 ita
453 561 550 624 etiam
571 579 681 625 omnes
696 560 865 644 intellegit,
887 561 944 625 illa
965 560 1054 642 prior
1074 560 1157 624 ratio
1178 558 1224 624 ad
1240 559 1349 622 Anaxi-

249 668 418 733 mandrum
442 687 570 750 quoque
592 668 764 734 referenda
786 667 878 751 esu).

348 777 418 841 Iam
441 795 517 842 vero
540 776 570 842 si
591 776 838 843 Anaximander
860 779 927 842 sive
951 777 993 843 iis
1015 798 1096 860 quas
1120 777 1264 843 diximus
1288 775 1348 839 sive

248 887 321 951 aliis
344 885 441 951 etiam
463 885 646 950 rationibus
669 885 730 951 sibi
753 893 970 970 persuaserat,
1004 893 1123 951 terram
1145 887 1253 970 figura
1284 904 1348 949 esse
1411 921 1412 974 ,

249 997 338 1080 plani
360 994 511 1080 cylindri,
544 996 728 1062 necessario
751 996 893 1079 ponebat
914 1016 1073 1078 caussam,
1105 1016 1170 1079 qua
1192 993 1349 1059 efficiente

247 1110 334 1170 terra
360 1106 448 1168 illum
470 1103 607 1186 liguram
629 1104 819 1187 accepisset.
863 1105 913 1168 De
940 1125 1006 1186 qua
1032 1124 1160 1188 caussa,
1191 1123 1265 1168 cum
1292 1122 1349 1165 non
1411 1089 1412 1130 ³

250 1212 381 1279 diversa
403 1233 475 1279 esse
498 1215 602 1298 possit
624 1213 665 1278 ab
689 1233 726 1278 eo
750 1218 849 1294 motu,
872 1232 935 1293 quo
958 1199 1142 1278 universum
1165 1211 1349 1277 hunomnn·

246 1323 326 1388 'dum
351 1325 488 1408 putabat
509 1322 659 1387 effectum
684 1341 766 1404 csse,
788 1327 903 1405 postea
926 1320 1131 1387 disseremus.

348 1450 379 1528 4.
426 1449 588 1530 Sequitur,
613 1455 648 1512 ut
673 1447 713 1512 de
729 1449 894 1513 stellarum
910 1447 1041 1513 orbibus
1057 1447 1242 1512 accuratius
1256 1465 1348 1528 quae·

249 1558 383 1623 rendum
412 1559 463 1623 sit.
507 1560 613 1639 Atque
647 1557 807 1639 originem
840 1555 972 1639 quidem
1004 1577 1111 1622 eorum
1144 1563 1240 1621 antea
1273 1555 1347 1619 satis

250 1667 492 1752 explicavimus,
517 1673 548 1730 et
571 1666 722 1731 universe
756 1668 852 1731 etiam
889 1665 929 1730 dc
963 1687 1073 1732 eorum
1108 1673 1224 1730 natura
1258 1671 1289 1730 et
1319 1665 1347 1726 in

250 1777 340 1842 coelo
362 1776 575 1860 dispositione
599 1774 750 1839 diximus.
796 1774 943 1840 Vidimus
967 1775 1097 1856 enim2),
1123 1772 1348 1840 Anaximandri

248 1888 409 1952 sententia
431 1905 549 1967 aerem,
575 1884 738 1949 efficiente
762 1883 902 1967 sphaera
925 1884 1022 1967 ignea
1044 1905 1062 1949 e
1084 1890 1201 1950 natura
1221 1883 1346 1949 humida

249 2003 364 2071 ortum,
386 1994 469 2060 hano
497 1993 667 2077 sphaeram
701 1994 831 2076 igneam
864 1995 1041 2058 innumeris
1075 1995 1156 2060 locis
1191 1995 1347 2076 dirupisse

181 2108 184 2112 ’
249 2105 453 2189 diruptisque
475 2103 625 2188 partibus
650 2100 792 2185 undique
816 2102 862 2166 ita
884 2123 919 2167 se
942 2105 1212 2182 circumivisse,
1235 2111 1270 2167 ut
1284 2103 1345 2166 exi-

255 2220 376 2280 sterent
399 2214 493 2279 orbes
515 2213 596 2277 aerii
621 2213 733 2295 igneos
757 2211 851 2276 orbes
871 2212 1179 2293 circumcludentes,
1202 2213 1344 2288 vidimus

252 2325 285 2389 in
308 2323 360 2388 his
376 2323 508 2390 orbibus
530 2322 628 2388 aeriis
651 2322 811 2387 foramina
826 2342 898 2386 esse
913 2323 1005 2388 uobis
1022 2323 1172 2406 adversa,
1196 2343 1254 2407 per
1268 2338 1345 2404 quae

354 2644 641 2714 1)IpseAristotelis
670 2645 755 2711 locus,
785 2662 839 2712 quo
865 2645 907 2698 usi
926 2663 1028 2712 sumus,
1058 2662 1113 2698 non
1144 2645 1204 2698 sine
1231 2643 1343 2714 quadam

250 2742 423 2796 obscuritate
450 2746 499 2795 est.
536 2741 656 2794 Videtur
682 2742 756 2794 enim
781 2742 934 2810 dupliciter
957 2742 1085 2811 intellegi
1112 2759 1203 2810 posse,
1231 2743 1344 2810 primum

251 2840 301 2908 ita,
320 2844 351 2892 ut
370 2855 465 2892 omnes
484 2837 653 2907 philosophi,
673 2838 721 2905 qui
735 2842 841 2891 terram
860 2837 974 2906 planam
993 2855 1051 2892 esse
1070 2842 1206 2906 statuant,
1224 2839 1303 2891 simul
1321 2839 1344 2888 ct

248 2936 343 3004 priore
361 2939 390 2988 et
409 2935 499 2988 alt-era
518 2934 636 3002 ratione,
665 2934 765 2988 deinde
785 2935 833 2997 ita,
863 2939 895 2986 ut
914 2935 997 2988 alteri
1016 2935 1119 3004 priore,
1148 2935 1231 2988 alteri
1260 2935 1344 2989 altera

250 3032 295 3086 vel
314 3031 399 3084 etiam
418 3034 538 3099 utraque
557 3031 666 3084 ratione
685 3032 728 3084 uti
745 3031 884 3087 dicantur.
922 3031 951 3084 Si
970 3032 1060 3100 ipsam
1079 3033 1215 3086 orationis
1233 3033 1344 3086 formam

250 3128 423 3197 respicimus
444 3128 512 3182 haec
531 3127 644 3181 omnino
663 3129 787 3196 priorem
812 3129 978 3182 sententiam
999 3130 1187 3194 commendat;
1214 3131 1262 3183 sed
1282 3129 1345 3182 hanc

252 3226 277 3279 si
295 3225 455 3293 accipimus,
473 3225 684 3278 Anaximander
704 3224 817 3278 omnino
842 3242 899 3278 non
927 3218 1054 3298 intellegi
1072 3230 1180 3294 potest3
1210 3227 1239 3279 id
1261 3231 1344 3280 antem

251 3326 360 3393 pugnat
388 3340 450 3375 curn
475 3339 508 3376 ea
536 3340 575 3390 re,
606 3321 681 3390 quod
700 3321 866 3375 Aristoteles
894 3322 953 3390 ipso
983 3323 1037 3375 loci
1069 3322 1151 3376 initio
1178 3322 1344 3392 apertissime

250 3418 390 3490 significat
409 3435 512 3486 omnes,
534 3419 583 3486 qui
601 3422 708 3472 terram
726 3419 839 3487 planam
859 3436 917 3472 esse
935 3419 1024 3472 velint
1043 3420 1173 3488 quodque
1186 3424 1285 3488 postea
1295 3420 1344 3487 ipse

252 3516 495 3569 Anaximandrum
514 3515 543 3568 in
562 3533 659 3570 eornm
678 3533 794 3569 numero
814 3519 958 3570 memorat.
995 3516 1054 3570 Hoc
1071 3517 1095 3569 si
1108 3521 1244 3585 tenemus,
1263 3519 1344 3571 altera

249 3612 389 3666 sententia
408 3610 571 3679 accipienda
582 3615 633 3672 est,
654 3627 734 3679 quae,
753 3627 923 3679 quamquam
934 3611 1025 3664 minus
1040 3628 1100 3664 cum
1113 3612 1249 3665 orationis
1261 3611 1343 3666 forma

250 3709 396 3776 consentit,
415 3712 510 3762 tamen
530 3725 561 3761 ea
579 3724 636 3760 non
656 3707 822 3762 excluditur.
843 3738 874 3746 -
894 3707 922 3760 Si
942 3707 1004 3776 quis
1023 3712 1117 3762 antem
1137 3710 1290 3777 putaverit,
1307 3724 1343 3760 ra·

250 3807 355 3860 tionem
382 3805 458 3858 illam
484 3805 608 3873 priorem
627 3804 740 3856 omnino
759 3804 937 3857 coniunctam
962 3819 1020 3858 esse
1047 3821 1109 3858 oum
1130 3822 1161 3858 ea
1181 3806 1345 3872 quaestione,

251 3907 347 3955 utrum
366 3906 445 3954 terra
463 3900 579 3970 globosa
598 3917 634 3952 an
653 3899 737 3968 plana
757 3899 802 3966 rit,
826 3917 892 3969 ergo
915 3917 976 3952 earn
995 3917 1030 3952 ne
1050 3900 1079 3952 in
1098 3905 1220 3954 mentem
1240 3901 1344 3968 quidem

251 3999 348 4052 venire
366 3999 497 4067 potuisse,
516 4001 665 4065 antequam
683 3996 752 4050 haec
770 3997 896 4065 quaestio
910 3997 1002 4065 posita
1021 4002 1101 4064 esset,
1119 3999 1345 4051 reminiscendum

250 4099 302 4159 est,
321 4093 527 4148 Anaximandri
556 4093 724 4147 sententiam
753 4094 889 4147 eiusmodi
920 4094 1014 4162 fuisse,
1044 4099 1076 4148 ut
1103 4095 1186 4148 facile
1214 4095 1243 4146 in
1272 4096 1344 4148 illam

176 4213 179 4220 ·
249 4193 443 4261 quaestionem
462 4191 588 4259 potuerit
606 4191 737 4247 incidere.

352 4290 377 4358 2)
396 4289 460 4342 Vid.
480 4304 564 4356 supra
583 4306 605 4342 c.
627 4289 652 4340 2.
