2850 4904
637 395 691 448 ,181

212 565 407 647 Priusquam
434 565 648 650 Porphyrium
671 567 845 646 mittamus,
874 565 939 630 iam
962 563 1114 630 hocloco
1136 564 1223 630 vide-

97 679 159 739 tur
182 673 381 738 monendum
405 693 489 755 esse,
509 694 573 757 qno
589 679 705 758 postea
720 679 853 750 utemur,
877 673 1090 758 aPorphyrio
1105 674 1224 739 Anaxi-

98 781 284 848 mandrum
307 803 370 849 non
392 783 455 850 dici
478 803 599 868 ponere
622 802 749 865 corpus,
780 781 883 865 quod
915 784 1039 867 ipsum
1074 801 1143 865 per
1179 802 1221 848 se

98 893 237 957 nullis
259 893 528 974 qualitatibus
552 893 759 959 delinitum
783 894 841 970 sit,
866 891 924 959 sed
950 911 1072 976 ponere
1095 911 1225 976 corpus,

98 1003 225 1066 euius
249 1000 427 1083 speciem
450 1003 538 1068 sive
569 1003 803 1084 qualitatem
826 1001 912 1086 ipsc
939 1021 1012 1066 non
1035 998 1224 1081 celiniae,

99 1110 140 1175 id
166 1109 261 1192 quod
282 1111 459 1176 clarissime
481 1117 619 1194 apparet
652 1133 671 1177 e
708 1111 815 1178 verbis
849 1109 964 1194 „oripo
985 1108 1045 1192 μὲν
1066 1104 1104 1172 τὰ
1127 1103 1224 1178 ὁποι.

97 1199 355 1300 ἀδιορίστως
376 1209 631 1304 Ἀναξίμανδρον
653 1218 756 1303 λέγειν
777 1215 877 1305 φησὶν
898 1206 1047 1300 ἄπειρον,
1072 1208 1117 1282 οὗ
1144 1217 1221 1281 διο-

98 1326 142 1409 ρί
148 1349 277 1393 σαντα
297 1323 341 1394 τὸ
365 1318 488 1406 εἶδος,
511 1321 577 1393 εἴτε
602 1331 668 1412 πῦρ
682 1321 749 1392 εἴτε
764 1322 852 1408 ὕδωρ
869 1319 935 1391 εἴτε
950 1316 1043 1414 οἷὴρ.“
1054 1325 1088 1409 ¹).
1113 1326 1219 1410 Atque

98 1437 136 1503 id
161 1437 295 1518 quidem
329 1437 504 1522 prudenter
533 1437 757 1521 aPorphyrio
787 1437 913 1519 dieitur,
948 1437 1100 1518 quoniam
1134 1437 1222 1501 notio

98 1549 256 1630 eorporis
276 1549 370 1613 nullis
392 1548 601 1630 qualitatibus
625 1547 748 1613 definiti
769 1549 841 1630 ipsa
863 1565 970 1612 secum
986 1550 1122 1629 pugnam
1146 1564 1239 1616 nam,

99 1659 208 1724 etiarn
243 1659 271 1722 si
299 1676 416 1742 corpus
438 1657 633 1740 intellegitur
663 1657 865 1740 generaliter,
898 1656 930 1719 in
962 1652 1055 1719 huius
1092 1655 1221 1720 notione

97 1766 198 1830 notio
221 1766 306 1830 inest
328 1761 528 1846 quarandam
550 1763 748 1846 qualitatum.
793 1761 910 1844 Quare,
947 1763 1002 1845 qui
1023 1763 1221 1828 Anaximan-

100 1872 157 1937 dri
192 1871 352 1940 infinitum
385 1877 501 1957 putant
534 1893 607 1939 esse
638 1875 806 1939 materiam
840 1870 1048 1954 qualitatibus
1077 1871 1218 1938 definitis

100 1988 285 2065 carentem,
308 1981 479 2067 Porphyrii
501 1985 685 2050 testimonio
708 1983 755 2050 uti
777 2005 840 2050 non
863 1989 1007 2067 possunt.

212 2091 261 2158 19.
305 2093 470 2177 Pergimus
495 2093 538 2158 ad
564 2093 772 2180 Simplicium.
818 2093 962 2177 Copiosa
992 2091 1063 2158 eius
1095 2090 1220 2158 dehoc

99 2201 294 2267 Aristotelis
326 2202 397 2267 loco
430 2200 626 2296 diputatio2)
657 2201 896 2285 quadripartita
928 2207 987 2266 est.
1044 2199 1218 2283 Postquam

101 2313 180 2392 ipso
203 2309 432 2394 disputationis
454 2311 545 2377 initio
569 2310 632 2378 duo
656 2331 728 2378 esse
751 2310 835 2377 dixit
857 2310 1063 2394 physicorum
1086 2327 1218 2394 genera,

100 2421 245 2486 alterum
267 2439 386 2501 eorum,
409 2421 465 2502 qui
489 2421 523 2487 id
545 2420 632 2504 quod
655 2427 705 2488 est
728 2401 833 2498 unum,
858 2421 994 2486 alterum
1016 2439 1137 2500 eorum,
1161 2419 1217 2500 qni

101 2526 202 2609 plura
226 2543 299 2591 esse
322 2525 529 2609 statuerent³)
550 2528 732 2594 Aristotelis
771 2526 812 2593 de
842 2528 1002 2610 prioribus
1026 2528 1217 2595 sententiam

102 2633 169 2700 hoc
202 2632 300 2700 modo
336 2637 482 2720 exponit:
519 2635 593 2718 ,,καὶ
626 2637 693 2700 τῶν
724 2631 761 2702 ἓν
790 2631 951 2720 λεγόντων
980 2631 1040 2703 δύο
1070 2631 1218 2718 τρόπους

102 2733 193 2806 εἶναι’
224 2763 307 2826 φησι
338 2745 403 2827 τῆς
426 2741 463 2826 ἐξ
482 2729 521 2809 οὗ
542 2747 610 2809 τῶν
632 2734 737 2808 ὄντων
758 2745 923 2829 γενέσεως.
968 2740 1124 2824 Πάντες
1148 2742 1219 2828 μὲν

102 2845 180 2934 γὰρ
208 2847 446 2932 σωματικόν
468 2877 506 2918 τι
540 2850 583 2920 τὸ
614 2839 661 2920 ἓν
685 2849 950 2920 ὑποτίθενται
981 2857 1120 2932 τοῦτο,
1146 2845 1217 2919 ἄλλ’

105 2954 145 3026 oi
167 2957 238 3041 μὲν
260 2955 296 3024 ἓν
315 2982 348 3025 τι
369 2963 436 3026 τῶν
457 2965 558 3045 τριῶν
579 2962 761 3047 στοιχείων,
796 2957 911 3048 ὥσπερ
937 2965 1047 3050 Θαλῆς
1075 2962 1134 3046 μὲν
1163 2963 1217 3028 καὶ

95 3061 233 3132 Ἵππων
252 3064 292 3132 ad
313 3064 413 3153 ὕδωρ,
443 3061 654 3156 Ἀναξιμένης
681 3070 718 3137 δὲ
741 3123 748 3136 .
773 3124 778 3137 .
803 3123 810 3138 .
834 3124 841 3150 ,
865 3071 970 3150 τινὲς
998 3070 1041 3138 δὲ
1072 3072 1153 3139 ἄλλο
1185 3095 1218 3137 τι
1274 3079 1277 3088 “

102 3178 174 3240 τῶν
203 3179 304 3260 τριιῦν
336 3174 510 3261 ὑπέθεντο,
547 3176 568 3247 ὅ
598 3179 668 3248 ἐστι
689 3178 796 3264 πυρὸς
816 3181 877 3264 μὲν
897 3176 1099 3264 πυκνότερον
1119 3173 1217 3266 οἷὲρος

103 3287 140 3354 δὲ
163 3282 397 3372 λιπιότερον“.
442 3291 479 3355 Ια
513 3289 561 3357 his
590 3293 618 3356 si
652 3292 752 3357 verba
782 3285 950 3369 ‘concep
970 3289 1040 3372 μὲν
1062 3286 1121 3375 γὰρ
1146 3343 1153 3357 .
1176 3337 1214 3356 ..

104 3389 176 3461 ἀλλ’
198 3391 238 3462 oi
260 3394 328 3479 μὲν
360 3431 400 3444 -
433 3396 539 3476 τινὲς
563 3396 633 3465 δὲ.
657 3451 663 3465 .
687 3400 942 3484 consideramus,
974 3403 1118 3486 protinus
1151 3401 1214 3467 duo

104 3513 276 3592 apparent.
318 3507 460 3574 Primum
494 3508 544 3576 lnis
572 3509 678 3576 verbis
700 3510 873 3576 manifesto
897 3512 1069 3596 explicatio
1091 3511 1216 3577 Aristo·

209 3797 235 3864 l)
255 3797 340 3852 Ratio
373 3797 561 3868 grammatica
591 3797 660 3854 haec
693 3802 749 3854 est:
770 3795 986 3870 Ἀναξίμανδρον
1012 3796 1215 3867 ἀδιορίστως

108 3895 219 3963 λέγειν
238 3894 320 3965 σῶμα
342 3891 372 3948 τὸ
388 3893 575 3968 ὑποκείμενον
594 3888 732 3968 ἄπειρον,
751 3896 826 3964 quod
846 3895 958 3965 quidem
978 3891 1155 3964 ‘ddroplororc
1173 3896 1214 3948 ts·

107 3987 178 4058 yerv'
200 3990 358 4059 explicatur
377 3992 484 4046 verbis:
504 3988 557 4046 ‘oi
577 3993 778 4061 διορίσαντα
796 3989 831 4045 τὸ
852 3992 943 4050 εἶδος
962 3996 1014 4044 εἴτε
1033 3987 1099 4044 κτλ)

207 4086 236 4157 2)
255 4087 337 4156 Phys.
357 4090 400 4148 32.
421 4108 446 4158 a,
464 4090 536 4144 med.
557 4088 596 4145 Gi.
617 4108 701 4159 supra
720 4108 748 4159 p.
770 4091 820 4144 117
840 4107 880 4158 rq.

207 4189 235 4257 3)
255 4187 307 4242 Est
317 4188 385 4244 haec
399 4207 432 4244 ea
448 4189 559 4261 divisio,
578 4209 662 4260 quam
672 4191 855 4246 Aristotelem
870 4190 952 4260 Phys.
967 4189 990 4260 1,
1003 4192 1028 4244 2.
1043 4189 1115 4244 leth
1132 4189 1213 4258 resq.

109 4300 265 4353 proponere
283 4283 413 4342 vidimus.
