2860 4906
772 377 824 430 aba

253 549 380 634 dantur,
413 551 500 634 quod
533 554 638 636 ipsam
673 553 809 618 duarum
832 553 960 617 illamm
994 533 1180 618 naturarum
1216 549 1359 634 speeiem

253 662 392 726 omnium
414 663 535 744 optime
558 662 641 745 ipsis
663 662 767 728 oeulis
790 661 962 728 subiciunt.

353 768 488 852 Deinde,
513 791 584 836 oum
617 790 744 836 aerem
768 771 809 836 ab
834 768 1075 835 Anaximandro
1097 768 1163 834 diei
1183 768 1362 832 viderimus

252 885 386 944 naturae
397 881 511 962 igneae
527 879 643 945 effectu
666 901 683 945 e
706 886 850 945 natura
869 877 1035 944 humida
1058 872 1161 943 ortum
1178 897 1266 950 esse,
1291 895 1362 941 eon·

254 1007 392 1070 sequens
414 1006 486 1054 esse
507 987 643 1072 videtur,
667 995 702 1054 ut
721 1008 830 1055 aerem
853 989 958 1071 ipsum
982 1010 1040 1072 per
1062 1008 1097 1053 se
1123 987 1292 1071 putaverit
1314 985 1363 1049 ad

254 1104 434 1164 naturam
457 1097 646 1180 frigidam
669 1100 842 1182 pertinere3
871 1097 1143 1180 quemadmodum
1165 1096 1363 1162 Aristoteles

253 1225 381 1289 quoque
404 1226 452 1285 ea,
475 1227 558 1290 qnae
581 1214 736 1274 enatura
759 1207 880 1291 frigida
906 1215 976 1273 orta
999 1206 1073 1290 sint,
1097 1227 1154 1290 per
1177 1227 1210 1272 se
1236 1203 1365 1288 frigida

254 1334 326 1380 esse
342 1314 553 1396 contendit¹).
595 1317 701 1399 Atque
724 1316 758 1382 id
775 1317 911 1401 primunr
934 1318 1063 1382 omnino
1080 1315 1363 1382 accommodatum

253 1431 302 1488 ost
322 1421 365 1488 ad
388 1424 524 1507 primam
548 1424 775 1510 philosophiae
799 1432 947 1504 aetatem,
983 1431 1164 1511 propterea,
1192 1423 1285 1508 quod
1309 1443 1365 1487 aer

254 1551 403 1598 sensuum
427 1533 611 1600 testimonio
633 1534 760 1601 videtur
783 1556 840 1619 per
863 1555 898 1601 se
913 1533 1049 1619 frigidus
1068 1553 1141 1600 esse
1162 1541 1195 1602 et
1215 1554 1284 1599 non
1301 1533 1363 1597 nisi

256 1641 334 1708 solis
356 1642 471 1709 affeetu
495 1645 642 1712 calefieri.
687 1644 815 1710 Deinde
843 1664 920 1710 vero
947 1645 1043 1709 etiam
1066 1643 1192 1709 duobus
1214 1649 1363 1708 veterum

255 1752 336 1819 loeis
368 1754 530 1837 probatur.
574 1755 716 1820 Primum
740 1754 901 1820 Stobaeus
935 1751 1167 1819 Anaximandri
1200 1750 1365 1818 sententia

256 1864 378 1929 coelum
390 1864 437 1930 ait
459 1870 624 1930 enaturae
641 1863 768 1930 calidae
783 1871 815 1929 et
834 1862 975 1947 frigidae
990 1863 1145 1928 mixtione
1161 1868 1313 1928 constare
1320 1861 1362 1939 Ἲς

256 1993 340 2055 quae
362 1971 491 2056 quidem
517 1980 632 2040 natura
663 1971 784 2056 frigida
807 1973 952 2056 intellegi
985 1994 1050 2039 non
1083 1979 1191 2056 potest
1222 1973 1286 2036 nisi
1310 1971 1362 2034 ille

255 2102 321 2164 aer,
355 2084 409 2165 qui
441 2082 610 2166 sphaeram
646 2082 777 2166 igneam
810 2080 973 2165 dirupisse
1005 2088 1038 2147 et
1071 2089 1180 2165 partes
1212 2081 1361 2164 diruptas

256 2192 386 2258 orbibus
409 2191 603 2274 quibusdam
626 2191 796 2258 inolusisse
818 2190 952 2266 dieitur;
976 2211 1017 2256 ex
1042 2190 1102 2256 hoo
1124 2190 1210 2256 enim
1230 2211 1309 2256 aere
1332 2195 1362 2253 et

256 2301 333 2384 igne
367 2302 408 2366 ab
436 2301 507 2385 ipso
531 2301 655 2368 inoluso
677 2301 910 2368 Anaximandri
933 2302 1094 2367 sententia
1117 2301 1240 2366 eoelum
1265 2305 1299 2364 et
1322 2296 1360 2362 si-

256 2409 334 2476 dera
355 2415 511 2476 constant.
556 2409 682 2475 Deinde
705 2410 894 2476 Aristoteles
917 2431 956 2476 eo
979 2411 1060 2493 loeo,
1084 2429 1147 2492 quo
1171 2410 1298 2491 aliquos
1321 2439 1360 2453 -

256 2517 361 2584 idest
385 2519 658 2586 Anaximandrum
684 2556 723 2564 -
745 2520 823 2585 dioit
857 2519 1054 2603 principium
1092 2519 1252 2584 infinitum
1290 2538 1359 2601 pro-

255 2633 367 2710 pterea
386 2621 440 2692 ‘ri
462 2623 552 2709 παρὰ
573 2623 614 2692 τὰ
635 2629 798 2709 στοιχεῖα’
833 2651 892 2696 neo
916 2650 992 2696 vero
1022 2649 1119 2695 unum
1143 2627 1275 2712 aliquod
1299 2629 1360 2694 ele-

255 2743 395 2802 mentum
418 2740 576 2820 posuisse,
601 2759 641 2804 ne
664 2737 759 2805 huius
783 2738 943 2805 infinitate
969 2739 1166 2820 reliquorum
1189 2744 1279 2804 ortus
1304 2738 1359 2801 im·
1427 2789 1428 2853 p

256 2845 427 2929 pediretur‚
454 2867 525 2913 eam
548 2847 641 2914 huius
664 2851 844 2915 sententiae
866 2847 972 2914 adfert
993 2850 1157 2927 rationem,
1188 2847 1275 2930 qnod
1300 2848 1360 2913 ele·

255 2959 363 3021 menta
385 2956 593 3038 qualitatibus
622 2958 689 3024 suis
716 2960 799 3024 inter
820 2980 855 3025 se
882 2958 1046 3025 contraria
1072 2958 1147 3040 sint,
1177 2958 1265 3024 velut
1296 2975 1361 3022 aar

257 3064 304 3128 lri
312 3064 425 3148 gidus
451 3065 493 3132 sit
515 3087 602 3149 aqna
622 3075 728 3133 antem
749 3066 879 3134 humida
902 3074 934 3133 et
956 3068 1042 3151 ignis
1065 3065 1235 3149 oalidusll.
1282 3065 1360 3132 (inm

358 3411 383 3478 1)
403 3411 520 3467 Aristot.
542 3412 658 3468 Meteor.
679 3412 725 3482 lV,
748 3417 788 3468 11.
808 3415 880 3468 389²
892 3415 927 3469 25
946 3431 985 3482 sq.

356 3509 385 3577 2)
404 3508 481 3565 Stob.
501 3509 650 3580 n01.1,p.
671 3513 737 3565 500:
757 3507 995 3582 „Aaaspavupoc
1013 3507 1073 3580 (τὸν
1093 3506 1214 3580 οὐρανὸν
1232 3511 1313 3578 εἶναι)
1333 3513 1361 3564 br

258 3607 365 3675 deppam]
383 3608 429 3658 καὶ
449 3607 557 3676 ψυχροῦ
574 3607 740 3676 μίγματος.“
776 3606 901 3660 Zellerus
925 3606 957 3674 (1,
980 3607 1030 3659 194
1050 3609 1078 3660 et
1096 3609 1154 3659 not.
1174 3606 1204 3674 2)
1229 3605 1306 3660 hune
1325 3605 1362 3660 lo·

257 3721 318 3756 eum
339 3695 379 3757 ita
398 3702 521 3769 adhibet,
541 3703 620 3771 quasi
645 3721 677 3758 eo
695 3703 840 3757 universus
860 3703 981 3757 mundus
1006 3703 1049 3756 vel
1075 3719 1170 3756 omnes
1199 3701 1298 3756 mundi
1318 3721 1360 3757 res

257 3801 388 3854 dicentur
407 3818 422 3854 e
440 3799 524 3854 oalidi
543 3803 571 3854 et
590 3799 689 3870 frigidi
707 3800 844 3854 mixtione
864 3804 1000 3854 constare.
1020 3801 1060 3853 At
1072 3798 1209 3852 Stobaens
1228 3798 1282 3852 hoo
1301 3797 1360 3854 loeo

258 3900 354 3964 aperte
373 3912 429 3950 non
448 3895 482 3950 de
504 3896 628 3950 universi
647 3897 745 3950 mundi
761 3897 809 3951 sed
828 3897 918 3951 solum
942 3897 978 3950 de
998 3896 1068 3951 coeli
1086 3895 1207 3951 materia
1226 3897 1360 3964 loquitur.
1424 3915 1425 3960 j

357 3992 385 4060 3)
404 3992 521 4046 Aristot.
548 3992 630 4061 Phys.
649 3993 699 4062 ΙΠ,
722 3997 747 4046 5.
773 3993 910 4048 mahte:
938 3995 1051 4063 ,,ἔχουσι
1079 3988 1132 4063 γὰρ
1161 3990 1233 4063 πρὸς
1262 3988 1361 4060 ἄλληλα

258 4087 426 4154 ἐναντίωσιν,
446 4083 505 4144 οἷον
522 4089 537 4143 ὁ
556 4089 611 4159 μὲν
633 4086 694 4159 ἀὴρ
716 4085 854 4161 ψυχρός,
882 4087 911 4144 τὸ
935 4090 968 4143 di
987 4085 1061 4160 ὕδωρ
1081 4083 1175 4159 ὑγρόν,
1198 4087 1229 4142 τὸ
1255 4090 1286 4142 δὲ
1307 4087 1361 4159 nup

259 4181 365 4257 θερμόν
375 4187 388 4240 ¹.
426 4185 454 4240 Si
476 4186 544 4242 haee
561 4204 659 4243 revera
677 4206 711 4242 ex
721 4188 925 4244 Anaximandri
935 4187 1074 4243 sententia
1086 4187 1163 4242 diota
1180 4191 1256 4255 sunt,
1278 4204 1359 4255 quae·

258 4282 375 4338 rendum
395 4291 445 4352 est,
470 4283 536 4352 quid
562 4284 683 4339 sentiens
701 4284 876 4354 Aristoteles,
904 4301 968 4340 eum
987 4283 1192 4340 Anaximandri
1220 4286 1358 4340 sententis
