2864 4910
596 435 647 490 401

79 616 298 702 losophorum
320 613 511 695 lonicorum,
539 614 595 695 qui
619 613 722 679 stellis
754 635 819 680 non
851 622 971 681 motum
1004 609 1194 684 circularem

80 726 246 792 tribuerit.
292 723 342 789 De
363 723 608 806 posterioribus,
630 724 718 787 velut
745 723 786 789 de
808 725 1005 808 Anaxagora
1025 732 1057 790 et
1078 727 1195 793 Demo-

80 837 181 918 crito,
204 855 256 901 res
278 842 356 900 nota
380 838 438 899 est.
474 833 524 897 De
544 833 787 898 Anaximene
811 841 926 918 postea
947 836 1088 900 breviter
1102 835 1195 902 doce·

80 945 188 1010 bitur.
230 945 280 1010 De
303 942 439 1018 Thalete
462 942 604 1007 dubitari
626 942 758 1025 quidem
770 949 894 1028 potest3
918 944 976 1010 sed
999 945 1028 1010 si
1040 947 1118 1011 solis
1140 945 1195 1012 de·

80 1055 210 1120 lectum
233 1053 407 1138 praedixit,
442 1054 502 1117 etsi
524 1051 617 1117 buius
649 1051 696 1118 rei
719 1052 938 1136 cognitionem
961 1054 1031 1119 sine
1054 1053 1154 1120 dubio
1176 1075 1195 1120 e

81 1165 289 1248 temporibus
304 1165 424 1228 notatis
439 1170 617 1246 acceperat,
634 1171 751 1244 tamen,
771 1170 806 1227 ut
820 1162 871 1228 vir
885 1183 991 1228 rerum
1010 1166 1194 1246 coelestium

81 1274 349 1339 studiosissimus
373 1280 405 1337 et
426 1291 544 1354 magno
566 1272 696 1354 ingenio
720 1271 895 1354 praeditus,
918 1292 982 1337 non
1003 1273 1108 1356 potuit
1130 1293 1195 1337 non

82 1403 256 1465 quaerere,
280 1401 362 1464 quae
379 1386 489 1446 tantae
504 1381 706 1446 constantiae
731 1380 877 1446 condicio
900 1402 938 1446 ac
960 1401 1077 1446 caussa
1100 1388 1195 1447 esset.

81 1491 158 1556 Hoc
181 1499 289 1556 autem
313 1509 471 1572 quaereus
493 1491 547 1554 vix
569 1490 674 1571 potuit
695 1509 759 1554 non
782 1488 823 1554 de
840 1496 926 1554 motu
942 1473 1096 1555 'circulari
1110 1493 1194 1573 cogi-

82 1606 157 1665 tare
181 1598 329 1681 huncque
353 1598 556 1663 sentireeum
572 1617 653 1680 esse,
677 1598 732 1679 qui
747 1600 836 1663 solus
859 1604 891 1663 et
900 1600 1016 1664 rationi
1039 1605 1071 1664 01
1088 1619 1195 1665 rerum

84 1709 299 1793 explicationi
323 1707 493 1773 sufficeret.
537 1707 607 1773 Nec
636 1706 671 1771 id
707 1727 746 1772 eo
776 1707 944 1790 refellitur,
977 1708 1064 1791 quod
1090 1714 1195 1774 terrae

84 1819 226 1901 putabat
248 1838 365 1900 aquam
380 1816 560 1882 subiectam
572 1837 659 1891 csse;
682 1817 842 1899 siquidem
859 1817 1073 1902 Anaxagoras
1096 1819 1194 1883 etiam

85 1935 118 1992 et
134 1927 350 2008 Democritus,
373 1927 502 1992 etiamsi
523 1932 627 1992 terrae
651 1927 857 1992 subiciebant
877 1947 994 2012 aerem,
1017 1927 1118 1992 nihilo
1146 1948 1194 1993 se·

85 2038 157 2102 cius
181 2035 291 2102 stellas
314 2036 402 2100 circa
425 2035 537 2101 mundi
561 2055 655 2100 axem
679 2037 860 2101 movebant.

191 2145 269 2211 Cum
304 2147 403 2228 igitur
434 2146 605 2232 stellarum
639 2144 732 2211 orbes
762 2146 999 2212 Anaximandri
1032 2149 1195 2213 sententia
1259 2147 1262 2154 '

86 2256 177 2322 circa
199 2255 312 2320 mundi
335 2275 430 2320 axem
459 2261 695 2338 convertantur,
725 2259 898 2338 quaeritur,
927 2257 1087 2339 quomodo
1113 2256 1195 2322 11000

86 2365 260 2452 conversio
292 2366 380 2429 circa
411 2364 523 2430 mundi
553 2385 648 2430 axem
681 2385 716 2431 se
749 2365 868 2431 babeat
900 2365 949 2430 ad
971 2365 1194 2449 cylindrum

87 2479 230 2538 terrae.
282 2471 362 2538 (lum
390 2479 477 2538 terra
505 2474 622 2555 ubique
650 2474 782 2555 aequali
815 2474 986 2539 intervallo
1012 2495 1033 2539 a
1062 2476 1193 2541 circuitu

87 2581 196 2666 distet,
222 2582 376 2665 sequitur,
410 2589 445 2647 111
476 2582 589 2647 mundi
623 2603 717 2657 axem
750 2590 897 2667 oporteat
920 2605 987 2668 per
1022 2584 1194 2649 medium

88 2699 220 2757 terrae
243 2687 462 2774 cylindrum
483 2697 665 2773 portentum
688 2712 768 2758 esse.
815 2692 894 2758 Oum
921 2699 1027 2758 autem
1052 2693 1193 2758 visibilis

87 2802 182 2884 polus
205 2801 273 2864 eius
295 2799 377 2875 axis,
407 2801 492 2864 circa
514 2820 609 2882 quem
631 2802 742 2867 stellas
765 2803 887 2867 moveri
909 2809 1054 2885 apparet,
1075 2823 1138 2867 non
1160 2803 1192 2867 in

89 2910 173 2976 coeli
197 2911 318 2974 vortice
352 2908 410 2975 sed
441 2910 693 2992 septentrionem
724 2930 836 2976 versus
869 2912 994 2995 positus
1016 2912 1065 2992 sit,
1093 2915 1193 2994 patet,

88 3018 218 3085 mundi
251 3038 362 3083 axem
395 3017 441 3082 ad
474 3025 605 3084 terrae
640 3020 845 3103 planitiem
882 3022 1193 3103 septentrionem

88 3147 227 3194 versus
249 3127 476 3192 inclinatum
499 3147 596 3208 esse,
618 3133 653 3193 ut
675 3128 709 3191 in
731 3128 841 3193 tabula
862 3129 895 3193 in
917 3128 1011 3193 11111110
1033 3129 1106 3193 libri
1129 3128 1192 3194 fine

88 3237 204 3302 addita
226 3237 368 3300 comitur
377 3235 411 3317 ¹).
455 3237 528 3301 Non
550 3236 691 3302 dubitari
714 3242 830 3320 potest,
853 3237 930 3318 quin
953 3236 1192 3302 Anaximander

89 3345 173 3412 hanc
195 3365 263 3411 rem
293 3345 488 3428 cognoverit.
533 3343 567 3409 Si
593 3351 701 3409 autem
730 3343 954 3427 cognoscebat,
984 3347 1135 3428 sequitur,
1158 3349 1193 3410 ut

89 3478 154 3521 non
175 3454 241 3520 nisi
263 3456 407 3537 aliquam
439 3455 604 3520 stellarum
634 3460 759 3537 partem
789 3461 903 3538 putare
925 3461 1037 3537 posset
1058 3455 1195 3520 subter

89 3571 209 3631 terram
231 3563 413 3644 0110111111ος
438 3561 479 3627 de
501 3583 565 3644 qua
585 3582 619 3626 re
641 3569 755 3646 postea
773 3561 907 3628 dicetur.

192 3672 295 3750 Quam
326 3671 395 3738 eius
424 3678 538 3754 motus,
572 3691 666 3754 quem
698 3671 938 3755 descripsimus,
974 3672 1131 3755 originem
1154 3693 1194 3737 ac

90 3804 239 3850 caussam
273 3785 429 3864 statuerit,
463 3782 568 3846 adbuc
598 3783 830 3864 incompertum
863 3788 921 3846 est.
965 3781 1051 3846 Nam
1079 3781 1194 3847 Teich-

90 3892 238 3958 muelleri
262 3891 464 3972 sententiam,
498 3893 553 3972 qni
583 3888 694 3954 mundi
730 3895 849 3954 motum
882 3890 1071 3964 circularem
1101 3895 1194 3973 putat

91 4007 256 4068 aeternum
279 4007 398 4066 motum
421 4000 523 4083 ipsius
552 3998 701 4081 principii
723 4017 803 4074 esse,
832 3999 910 4062 satis
944 3998 1193 4097 reppobavimus.

195 4315 219 4382 1)
237 4311 300 4366 vid.
322 4312 450 4366 tabulam
470 4311 499 4362 in
518 4310 584 4364 libri
603 4309 659 4363 fine
679 4308 825 4376 adiectam,
843 4307 890 4377 fig.
910 4308 923 4359 I
942 4311 970 4360 et
989 4307 1025 4361 11.

974 4404 1007 4455 26
