2864 4904
529 379 660 459 ,ιετ

191 550 320 617 Priores
331 551 393 617 looi
407 552 556 634 tripartiti
578 557 660 618 sunt.
684 552 783 616 Primi
803 558 877 616 sunt
900 551 933 627 ii,
958 550 1011 634 qui
1028 550 1190 635 pertinent

72 659 125 724 ad
149 660 312 726 celebrem
334 660 425 726 illum
447 659 660 744 Physieorum
684 662 800 744 loeum,
828 679 890 744 quo
913 661 1103 727 Aristoteles
1125 662 1188 746 pri·

68 789 163 834 mum
191 768 357 854 physicon,
382 769 436 852 qui
454 789 610 836 summum
627 789 732 836 rernm
757 771 952 854 principium
967 790 1065 836 unum
1081 769 1189 836 dicant

68 897 198 962 eorpus
221 879 370 960 omnibus
402 879 498 944 rebus
527 879 717 957 subiectum,
750 879 782 944 in
813 877 877 944 duo
910 878 1026 944 dividit
1056 899 1186 962 genero,

69 1007 143 1070 eos,
175 988 232 1070 qui
264 986 298 1053 id
321 1007 437 1072 corpus
466 1006 563 1053 unum
587 1007 605 1053 e
638 986 742 1053 tribus
767 987 941 1069 elementis,
976 994 1008 1053 et
1030 1008 1097 1066 eos,
1129 989 1186 1071 qni

73 1117 200 1182 corpus
226 1096 389 1180 quoddam
412 1097 497 1164 inter
519 1117 624 1162 aerem
648 1103 680 1162 et
703 1098 811 1179 ignem
824 1097 965 1163 medium
981 1117 1052 1164 esse
1076 1098 1185 1164 velint.

70 1206 154 1271 Looi
180 1206 244 1290 ipsi
276 1227 315 1272 eo
345 1207 466 1288 ordine,
502 1227 567 1290 quo
589 1206 677 1292 apud
699 1205 914 1290 Philoponum
936 1213 1121 1291 sequuntur,
1153 1209 1186 1272 in

72 1315 295 1383 adnotatione
319 1316 476 1401 adscripti
498 1316 615 1390 sonte.
658 1315 760 1380 Alteri
777 1315 983 1382 inveniuntur
996 1318 1027 1383 in
1044 1336 1083 1382 ea
1102 1317 1186 1382 eins·

70 1594 178 1647 τερον
197 1570 597 1647 ῧδατοςδὲμανότερον,
617 1567 633 1642 ἢ
652 1570 1187 1648 πυρὸςμενπυκνότερονάέρος

72 1673 90 1725 δ
96 1673 110 1726 ὲ
130 1669 341 1744 μανότερον.
362 1658 440 1732 οὗτος
460 1673 491 1728 δὲ
511 1675 566 1728 τῶν
582 1673 638 1746 μέν
654 1667 746 1726 ἄλλων
757 1674 865 1745 μᾶλλον
876 1667 1035 1744 καθώρθου,
1056 1667 1125 1726 διότι
1144 1670 1185 1745 μὴ

72 1769 149 1823 ἕντι
168 1771 227 1825 τῶν
245 1776 391 1842 στοιχείων
407 1767 457 1837 τὴν
475 1765 540 1838 ὅλην
558 1771 661 1841 ἔλεγεν,
680 1766 738 1823 ἀλλ’
763 1766 889 1841 ἕτερόν
913 1790 942 1823 τι
961 1769 1052 1840 παρὰ
1071 1771 1186 1838 ταῦτα,

73 1867 170 1920 έπταιε
190 1867 233 1936 δέ,
255 1861 323 1921 διότι
344 1868 663 1939 είδοπεποιημένον
685 1865 883 1929 ὑπετίθετο,
909 1862 1009 1938 ιὶέρος
1025 1866 1092 1938 μὲν
1110 1886 1187 1920 πυκ-

75 1958 231 2034 νότερον
245 1967 358 2034 λέγων
377 1959 505 2024 ὕδατος
525 1966 560 2018 δὲ
577 1960 809 2036 μανότερον]ι

177 2061 205 2115 b.
228 2060 380 2116 comment.
401 2061 468 2116 Gen.
487 2062 564 2116 Corr.
575 2062 592 2115 3
603 2080 627 2129 a,
646 2065 710 2132 post
721 2079 758 2116 m.
778 2061 817 2128 (in
831 2061 950 2114 Aristot.
960 2060 980 2126 Ι,
995 2063 1018 2114 1.
1038 2061 1184 2132 314218):

75 2160 148 2224 „slot
168 2157 201 2210 δέ
221 2161 267 2210 καὶ
286 2160 313 2210 οἱ
334 2157 370 2212 ἓν
387 2156 418 2212 τὸ
438 2155 623 2230 ὑποκείμενον
641 2159 802 2220 ποιοῦντες,
819 2154 855 2217 ώς
873 2157 961 2222 Θαλῆς
978 2157 1034 2228 μέν
1053 2153 1083 2210 τὸ
1103 2145 1185 2228 ὗδώρ,

73 2251 262 2325 Ἀναξιμένης
286 2258 332 2306 nat
350 2257 492 2324 ΙΔιογένης
507 2250 557 2308 τὸν
578 2249 654 2324 ιἰέρα,
679 2252 956 2324 Ἀναξίμανδρος
982 2253 1019 2306 δέ
1043 2250 1106 2320 τὴν
1129 2271 1183 2325 με-

74 2345 156 2409 ταξὺ
177 2343 288 2421 σ-ὖσιν
306 2345 407 2418 ιἰέρος
424 2354 480 2402 καί
500 2345 633 2418 ὕδατος,
650 2344 825 2417 Ἡράκλειτος
852 2349 884 2401 δὲ
911 2346 942 2401 τὸ
961 2348 1042 2418 πῦρ.“
1073 2348 1182 2402 Aristo·

76 2446 146 2500 teles
165 2446 228 2516 ipse
246 2463 302 2500 non
321 2445 378 2500 inm
396 2445 425 2498 in
444 2445 505 2512 hoo,
530 2444 579 2500 sed
602 2446 631 2498 in
657 2445 746 2498 altero
770 2445 880 2499 demum
908 2443 982 2496 libro
1010 2441 1040 2497 τὸ
1070 2441 1179 2516 μεταξὺ,

76 2547 161 2612 etque
179 2541 305 2612 primum
325 2541 436 2612 quidem
454 2539 485 2595 τὸ
504 2539 605 2612 μεταξὺ
622 2535 702 2610 ἀέρος
721 2544 767 2594 ται
784 2536 868 2610 πυρὸς
887 2545 1032 2595 memorat.

177 2655 200 2693 ο.
220 2637 293 2691 Ibid.
315 2640 357 2707 19,
376 2657 402 2704 α,
426 2637 473 2692 fin.
498 2637 540 2706 (in
560 2637 677 2692 Aristot.
696 2637 718 2706 Ι,
736 2639 762 2691 8.
781 2638 894 2706 32211)
921 2667 972 2706 „-
992 2635 1023 2690 τὸ
1047 2637 1078 2691 ἓν
1101 2639 1181 2691 τοῦτο

77 2732 229 2804 (λέγουσιν)
248 2726 264 2800 ἢ
281 2735 336 2789 τῶν
354 2727 498 2803 τεσσάρων
514 2754 537 2786 τι
558 2725 669 2801 ε1νσι,ἣ
688 2727 772 2786 ἄλλο
790 2754 819 2787 τι
839 2729 931 2804 παρὰ
949 2733 1077 2787 ταῦτα.“

180 2829 208 2901 1)
231 2829 310 2899 Quae
339 2848 354 2884 e
383 2830 535 2902 Philoponi
563 2831 763 2886 commentario
791 2830 821 2884 in
852 2831 971 2884 Aristot.
1008 2829 1093 2900 Phys.
1121 2831 1144 2898 1,
1172 2831 1199 2893 4γ

81 2925 150 2984 187.
166 2927 202 2980 12
223 2944 263 2996 sq.
285 2927 321 2982 od
338 2932 462 2984 nostram
481 2946 607 2983 caussam
624 2929 777 2999 pertinent,
797 2932 862 2982 runt
881 2927 994 2982 haecce:
1207 2911 1209 2916 ¹

179 3039 206 3083 ε.
229 3027 370 3094 ,μέτεισιν
388 3025 436 3078 ἐπὶ
459 3021 509 3077 τὸν
533 3024 588 3078 τών
607 3025 733 3096 φυσικῶν
756 3024 872 3094 ἔλεγχον
896 3027 945 3075 καί
961 3039 1049 3092 φησιν
1069 3062 1076 3076 .
1096 3062 1102 3076 .
1123 3062 1129 3076 .
1150 3021 1187 3081 ὡς

78 3117 108 3170 δὲ
130 3122 158 3172 οἱ
176 3124 292 3191 φυσικοὶ
311 3122 440 3190 λέγουσιν
456 3120 487 3174 ἓν
505 3117 535 3173 τὸ
555 3113 597 3183 ὅν,
634 3123 754 3190 (λέγουσι
779 3119 812 3172 δὲ
839 3115 871 3172 οὐ
895 3119 933 3188 τῷ
952 3113 1041 3173 πάντα
1060 3118 1091 3172 ἓν
1108 3119 1186 3185 εἶναι,

81 3210 146 3266 ἀλλὰ
165 3215 206 3285 τῷ
222 3220 293 3286 μίαν
310 3215 423 3270 πάντων
440 3211 530 3288 ἀρχὴν
542 3214 741 3270 ὑποτίθεσθαι·
762 3221 831 3287 μίαν
848 3215 880 3269 δὲ
893 3209 1004 3269 πάντων
1013 3211 1102 3286 ἀρχὴν
1120 3209 1186 3268 ιἰττο·

78 3315 182 3364 τίθεται
200 3305 373 3380 Ἡράκλειτος
389 3310 445 3383 μὲν
471 3307 501 3364 τὸ
521 3311 584 3380 πῦρ,
614 3311 796 3382 Ἀναξιμένης
814 3311 845 3364 δέ
869 3309 919 3366 τὸν
941 3310 1130 3388 deponentis
1154 3311 1185 3365 δὲ

79 3403 109 3458 τὸ
127 3402 213 3478 ὕδωρ,
231 3407 516 3479 Ἀναξίμανδρος
540 3407 576 3461 δὲ
603 3404 640 3460 τὸ
659 3400 799 3477 μεταξύ)
823 3402 925 3462 τούτων
949 3409 980 3461 δὲ
1008 3408 1096 3462 διτταί
1116 3411 1187 3462 εἰσιν

81 3502 107 3553 οἱ
125 3496 239 3572 τρόποιΙ
269 3504 296 3556 οἱ
312 3504 369 3575 μέν
387 3507 441 3574 γὰρ
460 3499 549 3558 αὐτῶν
568 3498 705 3558 πυκνώσει
730 3508 776 3558 καὶ
793 3500 916 3576 μανώοει
939 3506 986 3558 τοῦ
1010 3504 1069 3558 κατ’
1091 3501 1187 3564 αὐτοὺς

83 3605 215 3670 στοχείοι,
241 3594 301 3654 οἷον
324 3598 340 3653 ὁ
366 3601 455 3666 Θαλῆς
480 3599 554 3672 [lege
578 3599 770 3672 Ἀναξιμένης]
797 3599 845 3655 τὸν
872 3597 949 3671 ἀέρα,
975 3642 981 3656 .
1003 3642 1034 3656 ..
1058 3602 1186 3662 Ἀναξί-

82 3696 234 3766 μανδρος
254 3695 292 3749 δὲ
310 3691 346 3748 τὸ
364 3693 494 3768 μεταξὺ
512 3695 619 3767 πυρὸς
642 3700 695 3750 καὶ
713 3691 817 3766 ἀέρος
834 3690 850 3763 ἢ
870 3693 968 3767 τίέρος
992 3701 1045 3751 καὶ
1064 3693 1186 3758 ὕδατος

85 3791 192 3862 λέγων
212 3798 405 3863 στοιχεῖον,
423 3789 456 3846 τὰ
476 3787 544 3846 ἄλλα
563 3793 593 3848 έν
611 3789 706 3847 τούτου
717 3793 891 3864 έκκρένεσέίιιι
903 3795 1002 3863 ἔλεγεν.
1022 3790 1187 3864 ἐνυπάρχειν

85 3883 136 3957 γὰρ
153 3889 185 3944 έν
198 3881 284 3958 τούτῳ
304 3885 410 3960 ἀπείρῳ
428 3883 484 3943 ὄντι
504 3887 552 3950 τὰς
569 3884 763 3957 ἐναντιότητας,
782 3890 838 3944 είτα
857 3889 1053 3962 ἐκκρινομένας
1080 3891 1130 3959 [oio
1147 3891 1185 3944 le·
1211 3921 1220 3936 ·

85 3984 205 4053 gendum
223 4001 275 4056 pro
302 3979 505 4058 ἓντρινδμενος]
530 3987 559 4047 έξ
578 3981 659 4041 αὐτοῦ
684 3991 774 4041 ποιεῖν
792 3984 824 4040 τὰ
844 3981 933 4041 λοιπά.
952 3989 979 4040 οἱ
996 3987 1053 4058 μὲν
1070 3981 1119 4040 οὖν
1137 4007 1185 4040 πυ-

86 4075 178 4134 ιινώσει
199 4086 244 4134 καί
262 4076 385 4153 μονώσει
405 4084 531 4153 λέγοντες
550 4076 691 4136 ἀλλοιώσει
712 4084 760 4136 τοῦ
777 4083 835 4136 κατ’
852 4079 948 4142 αιἰτοὺς
968 4088 1104 4154 στοιχείου
1121 4100 1185 4152 γεν-

86 4175 149 4228 νῶσι
167 4174 199 4230 τὰ
218 4171 294 4246 ἄλλα,
323 4217 329 4231 .
351 4215 357 4229 .
377 4217 383 4232 .
401 4174 694 4250 Ἀναξίμανδρος
712 4179 743 4233 δέ
762 4175 811 4233 οὖν
827 4176 969 4234 α’λλοιώσει
989 4179 1045 4232 τοῦ
1059 4174 1185 4249 μεταξὺ

87 4273 167 4343 γεννᾷ
184 4269 218 4328 τὰ
237 4266 313 4342 ἄλλα,
331 4269 390 4327 ἀλλ’
407 4274 527 4346 έκιιρίσει
548 4270 761 4346 ένυιιαρχόνττυν
778 4275 810 4330 έν
828 4271 926 4345 edroi!
