2882 4902
669 378 692 432 V

118 549 286 630 refert,-
299 555 469 634 propterea
488 551 623 634 seilioet,
646 552 733 635 quod
757 552 871 618 eadem
894 550 1055 618 sententia
1067 573 1138 617 oum
1154 550 1229 618 aliis

119 658 221 724 rebus
237 660 410 725 eoniuneta
424 661 508 726 ultro
519 661 612 744 quasi
625 663 696 728 alia
716 663 839 728 ratione
862 661 1030 746 accipitur,
1044 699 1084 708 -
1095 669 1127 727 et
1143 662 1229 741 quod

118 766 288 832 interdum
321 769 420 834 etiam
448 790 510 836 non
539 769 644 854 ipsam
667 770 934 854 pbilosophorum
954 771 1147 836 sententiam
1170 771 1228 836 sed

119 895 217 942 suam
241 875 334 942 buius
357 878 538 943 sententiae
561 868 858 964 interpretationem
875 880 1033 964 proponit,
1056 886 1152 964 prout
1167 899 1228 961 res,

118 983 161 1049 de
186 1004 255 1066 qua
276 987 391 1069 agitur,
415 988 578 1076 postulare
593 988 730 1055 videtur.
769 988 860 1066 Quae
876 1008 947 1053 eum
964 989 1010 1053 ita
1026 1008 1061 1056 se
1077 987 1228 1069 habeant,

120 1100 155 1158 ut
178 1094 340 1178 omnibus,
374 1115 457 1178 quae
480 1095 521 1161 ab
544 1097 719 1164 Aristotele
746 1098 786 1163 de
815 1099 995 1180 antiquiore
1023 1096 1229 1182 philosophia

120 1203 316 1287 referuntur,
350 1207 396 1270 uti
426 1207 597 1289 possimne,
632 1206 695 1272 duo
729 1207 916 1290 quaerenda
949 1214 1041 1272 sunt:
1080 1207 1227 1289 primum,

120 1319 284 1394 quatenus
314 1316 454 1397 priorum
485 1315 750 1400 pbilosophorum
781 1318 961 1383 sententias
989 1316 1036 1382 ita
1063 1325 1227 1396 memorat,

122 1426 157 1486 ut
177 1441 238 1488 eas
262 1422 386 1489 infinite
415 1445 454 1490 ae
483 1427 553 1491 sine
582 1433 739 1492 certarum
769 1446 977 1509 personarum
1002 1425 1228 1509 designatione

121 1531 346 1613 aliquorum
373 1553 445 1599 esse
469 1533 566 1618 dieat,
590 1535 631 1599 ad
656 1555 751 1617 quern
774 1555 921 1618 quaeque
944 1537 1104 1601 sententia
1125 1534 1227 1618 philo-

122 1641 262 1724 sophum
276 1645 452 1726 pertineat3
466 1643 594 1726 deinde,
611 1652 770 1728 quatenus
783 1645 1047 1729 philosophorum
1062 1644 1227 1710 doctrinas

122 1770 187 1816 non
214 1754 357 1835 ipsorum
380 1754 438 1820 sed
460 1756 528 1820 suis
550 1756 660 1822 verbis
683 1756 790 1840 refert,
826 1757 954 1839 qualem
980 1756 1134 1836 euiusque
1157 1754 1227 1838 pbi-

124 1860 255 1945 losophi
283 1861 459 1928 doctrinam
484 1863 646 1947 putandus
672 1866 715 1930 sit
741 1865 774 1930 in
802 1864 910 1930 animo
939 1864 1143 1930 informatam
1173 1863 1227 1928 ba-

123 1967 245 2036 buisse.
298 1970 387 2049 Quas
421 1972 549 2056 quidem
583 1975 788 2055 quaestiones
817 1974 916 2039 faeile
949 1973 1149 2056 intellegitur
1181 1972 1227 2037 ita

128 2079 214 2144 inter
237 2080 424 2164 rehabere,
450 2089 485 2148 ut
505 2083 598 2148 simul
622 2090 743 2149 tantum
767 2083 850 2148 solvi
873 2083 1008 2167 possint.

227 2188 278 2252 Ad
307 2170 366 2255 bas
390 2190 489 2273 igitur
512 2191 730 2273 quaestiones
749 2194 810 2256 etsi
836 2191 954 2274 partim
982 2195 1069 2255 eerte
1092 2188 1133 2254 ab
1156 2189 1227 2254 Ari-

125 2299 253 2365 stotelis
281 2298 511 2382 interpretibus
536 2300 758 2383 respondetur,
790 2307 906 2382 tamen,
940 2319 1012 2364 eum
1036 2298 1226 2364 Aristoteles

126 2408 196 2492 ipse
220 2408 394 2475 fidissimus
422 2409 661 2495 sui-interpres
693 2411 743 2492 sit,
776 2409 946 2492 responsio
970 2428 1065 2491 quam
1087 2409 1227 2474 maxime

126 2517 195 2584 fieri
220 2524 325 2601 potest
348 2538 388 2582 ex
409 2520 479 2601 ipso
501 2519 676 2584 Aristotele
700 2518 840 2601 petenda
862 2526 919 2583 est.
963 2516 1014 2582 Ad
1036 2537 1133 2599 quam
1158 2537 1226 2582 rem

126 2626 367 2708 adsequendam
393 2648 456 2692 una
479 2632 602 2692 tautum
624 2627 679 2692 via
702 2634 760 2691 est.
806 2627 931 2692 Etenim
956 2626 1093 2710 primum
1117 2625 1140 2688 ii
1163 2627 1227 2691 eol-

126 2736 250 2820 ligendi
273 2743 347 2802 sunt
366 2736 439 2814 looi,
463 2736 580 2819 quibus
603 2737 793 2801 nominatim
816 2736 846 2800 ei
870 2734 1074 2819 philosopho,
1099 2735 1140 2800 de
1163 2754 1228 2817 quo
1286 2803 1290 2808 ,

128 2847 243 2929 agitur,
267 2853 354 2911 eerta
376 2846 536 2929 quaedam
558 2847 719 2911 sententia
740 2845 908 2925 tribuitur;
941 2843 1059 2910 deinde
1082 2864 1153 2910 eum
1179 2843 1226 2910 bis

127 2955 340 3039 componendi
356 2962 430 3052 sunt
453 2975 563 3048 omnes
585 2956 609 3019 ii
633 2956 704 3033 loei,
729 2956 869 3037 quibus
892 2955 1087 3020 sententia
1109 2955 1225 3020 refer-

128 3068 205 3147 tur,
239 3071 335 3147 quae
368 3065 437 3130 illi
472 3066 596 3149 priori
630 3073 695 3130 aut
729 3065 883 3130 omnino
917 3072 981 3130 aut
1011 3066 1148 3148 aliqua
1181 3085 1226 3132 ex

127 3182 240 3255 parte
263 3175 407 3240 similis
436 3177 506 3257 sit,
540 3183 578 3240 et
605 3177 770 3242 omnium
799 3175 964 3240 maxime
994 3175 1039 3257 ii,
1073 3176 1226 3258 quibus
1296 3171 1300 3174 ’

129 3288 246 3349 totum
269 3285 457 3366 quoddam
482 3284 804 3368 pbilosophorum
827 3305 949 3368 genus
977 3292 1227 3368 memoratur,

130 3392 164 3458 in
187 3414 260 3476 quo
283 3403 427 3461 eertum
455 3396 511 3460 sit
538 3416 620 3461 eum
648 3397 762 3460 etiam
793 3415 892 3473 esse,
928 3394 972 3460 de
1001 3416 1073 3478 quo
1106 3415 1224 3478 quae-

128 3503 233 3568 ritur.
278 3503 357 3570 Cum
377 3504 438 3570 bae
458 3503 566 3586 priore
587 3505 696 3588 operis
721 3509 813 3586 parte
828 3503 1031 3569 ooniunetam
1048 3523 1119 3570 esse
1135 3525 1227 3587 opor-

128 3619 170 3678 tet
193 3615 335 3699 alteram,
358 3623 393 3680 ut
413 3617 635 3698 unusquisque
655 3616 745 3680 loeus
768 3622 918 3680 aeourate
934 3616 1124 3699 explicetur,
1142 3651 1177 3660 --
1193 3616 1226 3680 in

128 3741 189 3804 qua
212 3743 245 3788 re
268 3731 400 3808 propter
417 3725 598 3790 Aristotelis
622 3724 913 3807 breviloquentiam
935 3727 986 3789 vel
1010 3725 1107 3790 etiam
1126 3713 1226 3807 qua'n·

129 3829 200 3896 dam
222 3833 385 3899 scribendi
408 3834 647 3900 festinationem
676 3834 824 3899 omnibus
854 3833 1130 3916 interpretationis
1154 3833 1227 3899 sub-

129 3941 220 4007 sidiis
248 3942 401 4008 utendum
434 3950 491 4024 est,
519 3949 608 4008 ——et
631 3949 665 4008 ut
687 3962 797 4008 omnes
820 3943 884 4008 loei
907 3944 941 4008 in
963 3963 1027 4008 uno
1051 3951 1225 4026 eonspeotu

129 4051 223 4132 positi
245 4049 500 4134 diligentissime
517 4054 600 4118 inter
622 4073 656 4118 se
674 4059 908 4134 comparentur.
952 4052 1022 4117 Hae
1043 4058 1148 4118 autem
1172 4054 1227 4118 via

56 4148 59 4156 ¹
130 4160 207 4226 inita
230 4163 421 4240 invenietur,
456 4164 557 4228 multa
582 4164 623 4228 ab
644 4163 817 4240 Aristotele
840 4183 911 4228 eum
935 4162 975 4228 de
998 4162 1135 4227 aliorum
1158 4162 1227 4245 plri-

128 4270 330 4354 losopborum
365 4277 432 4336 tum
466 4271 506 4337 de
536 4272 770 4338 Anaximandri
804 4271 952 4376 doctrina
985 4272 1109 4356 referri,
1143 4291 1227 4354 quae
