2864 4910
642 393 695 446 389

109 561 156 625 ad
190 562 299 627 stellas
323 560 479 644 quasdam
503 562 632 645 inipso
665 564 754 628 coelo
788 564 919 646 positas.
964 564 999 630 Si
1030 567 1082 630 cui
1104 563 1219 630 mirum

109 673 273 754 videatur,
299 671 385 754 quod
407 670 546 738 dicimus
569 671 601 737 ln
619 673 708 737 coelo
732 674 842 738 stellas
865 675 952 757 poni,
980 694 1115 757 quarum
1139 695 1218 740 suae

110 801 264 864 quaeque
287 801 424 848 coronae
447 783 516 847 sive
538 783 608 847 orhi
629 782 729 846 infixa
750 785 800 863 sit,
823 782 1037 866 reputandum
1060 789 1118 866 est,
1148 804 1218 850 coe·

110 891 182 956 lum
212 889 413 956 Parmenidis
446 891 607 958 sententia
638 912 715 956 non
748 911 839 958 esse
869 911 1008 976 corpus
1039 892 1216 969 solidum,

111 1007 156 1081 et,
179 1021 251 1065 eum
275 1020 293 1066 e
316 1021 426 1066 crassa
447 1005 479 1066 et
501 1001 613 1066 subtili
636 1000 773 1066 materia
794 1001 929 1066 mixtum
953 1003 1001 1079 sit,
1027 1002 1097 1067 sine
1119 1001 1218 1066 dubio

111 1109 222 1193 magis
255 1111 352 1176 etiarn
385 1130 482 1193 quam
514 1128 622 1175 aerem
655 1109 802 1194 pervium
836 1130 918 1176 esse.
963 1110 1053 1189 Quae
1087 1112 1162 1176 illae
1184 1109 1218 1176 iu

111 1221 206 1286 coelo
232 1220 345 1286 stellae
368 1218 531 1302 putandae
555 1219 628 1298 sint,
663 1221 793 1285 omnino
819 1241 883 1284 non
906 1218 1051 1286 traditur.
1097 1221 1218 1286 Partim

112 1335 203 1395 certe
226 1329 369 1412 reliqui
392 1331 576 1413 planctae
598 1347 670 1396 esse
693 1329 850 1412 videntur,
873 1335 929 1394 aut
947 1349 1056 1396 omncs
1079 1350 1139 1396 aus
1162 1332 1217 1395 ali-

111 1439 170 1520 qui
193 1457 316 1518 corum3
351 1457 424 1502 nam
459 1435 607 1519 planetas
629 1437 815 1502 Parmenidi
838 1437 983 1521 cognitos
1004 1438 1116 1519 fuisso,
1140 1437 1217 1503 inde

32 1623 35 1630 ¹
112 1537 341 1612 coniciendum
363 1552 421 1624 est,
456 1545 541 1629 quod
569 1547 691 1630 cogniti
724 1553 816 1612 erant
844 1547 1071 1632 Pythagoreis3
1107 1567 1218 1614 verum

112 1656 198 1722 nihil
222 1657 319 1723 etiam
350 1655 496 1741 impedit,
529 1654 700 1739 quominus
723 1655 932 1722 Parmenides
959 1657 1065 1740 ipsum
1093 1659 1218 1724 coelum

112 1766 149 1830 in
166 1767 276 1851 plures
298 1765 392 1830 orbes
408 1763 564 1840 diviserit,
588 1784 721 1847 quorum
739 1767 877 1849 quisque
901 1773 1068 1833 autunum
1091 1768 1218 1834 stellam

113 1881 172 1942 aut
194 1874 293 1942 etiam
316 1875 425 1958 plures
448 1875 481 1939 in
495 1874 607 1940 eodem
622 1876 743 1942 circulo
757 1879 878 1959 positas
899 1876 1128 1942 circumferret.
1152 1877 1218 1943 Sed

116 1986 201 2051 hanc
223 2005 291 2051 rem
302 1985 425 2066 omitto,
449 1984 578 2068 quiade
594 2006 633 2051 ea
648 1992 780 2070 propter
795 1987 1055 2079 testimoniorum
1075 1985 1218 2070 inopiam

113 2095 198 2160 nihil
222 2095 299 2160 certi
322 2093 474 2178 cognosci
498 2101 612 2180 potest,
636 2094 669 2160 id
681 2100 804 2161 tantum
820 2095 955 2178 addens,
972 2096 1057 2162 idem
1079 2096 1120 2163 de
1135 2099 1218 2162 Ana·
1267 2175 1269 2180 s

113 2203 287 2270 rimandro
310 2223 437 2287 quoque
459 2204 680 2287 quaerendum
704 2225 785 2272 esse.

217 2314 275 2379 Est
296 2299 373 2379 vero
394 2312 461 2380 alia
482 2313 641 2397 quaestio,
665 2334 760 2397 quam
782 2315 945 2380 nonlicet
972 2315 1101 2381 silentio
1126 2335 1217 2399 prae·

114 2425 303 2488 termittere.
348 2423 475 2489 Etenim
500 2424 710 2490 Parmenides
734 2423 826 2507 ipsas
849 2423 960 2491 stellas
987 2426 1087 2489 voluit
1109 2444 1218 2508 coag-

114 2534 377 2624 mentationes
401 2533 507 2617 ignis
530 2528 651 2615 (πυρὸς
672 2531 855 2622 mutilatum)
878 2533 996 2614 esse1),
1028 2533 1088 2599 hac
1110 2542 1217 2600 autem

113 2643 201 2727 ignis
224 2625 521 2725 coagmentationes
542 2663 618 2709 num
633 2644 771 2709 voluerit
791 2642 982 2727 globosos
1005 2663 1078 2708 esse
1092 2663 1151 2708 nec
1168 2663 1218 2724 ne,

115 2752 223 2834 nullis,
256 2751 343 2834 quod
375 2751 485 2830 sciam,
523 2759 665 2819 veterum
699 2752 892 2818 testimoniis
926 2758 1123 2836 compertum
1157 2757 1216 2818 est.

115 2861 225 2940 Quare
248 2861 465 2943 quaerendum
487 2869 545 2941 est,
567 2869 671 2928 utrum
694 2850 829 2928 coronas
852 2860 926 2926 illas
943 2861 1104 2944 putaverit
1126 2881 1217 2926 suam

115 2990 279 3054 quamquo
306 2972 431 3036 stellam
458 2993 521 3038 uno
548 2972 687 3054 quodam
721 2973 792 3037 loco
818 2970 950 3036 infixam
984 2970 1105 3036 habere
1135 2977 1218 3036 tarn-

116 3102 212 3164 quam
235 3100 373 3147 coronae
388 3101 557 3164 gemmam,
579 3099 621 3147 an
643 3100 698 3146 eas
722 3101 792 3145 cum
809 3078 1053 3145 Anaximandro
1069 3081 1218 3146 statuerit

116 3193 282 3256 annulos
305 3211 420 3256 cavos
443 3210 540 3268 esse,
574 3191 630 3273 qui
658 3189 777 3271 ubique
808 3187 973 3254 stellarum
1003 3189 1079 3270 igne
1102 3188 1217 3270 repleti

116 3306 225 3365 essent
257 3316 394 3379 eumque
417 3317 476 3380 per·
497 3297 657 3362 foramina
688 3295 848 3378 quaedam
872 3294 1082 3361 effunderent.
1132 3294 1217 3360 Illud

115 3407 326 3474 verisimilius
346 3406 451 3472 videri
462 3412 568 3490 potest
580 3425 651 3471 cum
667 3410 799 3489 propter
810 3404 1088 3489 Pythagoreorum
1101 3402 1218 3468 doctri-

116 3538 191 3584 nam
215 3525 246 3583 et
269 3518 431 3600 vulgarem
445 3515 610 3581 hominurn
625 3515 818 3599 opinionem,
841 3521 907 3580 tum
924 3521 1107 3599 propterea,
1131 3512 1218 3595 quod

117 3626 228 3693 lunam
251 3627 360 3692 statuit
381 3627 488 3691 lumen
522 3645 542 3688 a
573 3626 640 3690 sole
674 3622 871 3708 accipere²);
904 3622 966 3689 hoc
999 3644 1037 3690 ec
1060 3641 1219 3688 commen·

118 3737 222 3818 datur,
253 3731 338 3818 quod
365 3755 484 3801 corona
514 3735 571 3799 illa
593 3734 701 3799 media
724 3732 879 3798 Cicerone
909 3737 992 3797 teste
1015 3738 1064 3797 cst
1087 3731 1175 3796 orbis
1199 3750 1217 3795 e

118 3848 340 3914 continenti
372 3847 474 3912 lucis
502 3845 641 3911 ardore
666 3851 860 3910 constans.
906 3840 1014 3919 Quare
1041 3847 1114 3906 utra
1142 3841 1218 3904 Par·

17 4043 23 4057 x
118 3952 257 4020 menidis
280 3952 442 4019 sententia
463 3954 512 4036 sit,
535 3950 683 4033 equidem
705 3949 885 4016 diiudicare
909 3969 973 4016 non
995 3949 1110 4016 ausim.

220 4197 248 4267 l)
267 4195 344 4252 Stob.
364 4197 386 4266 1,
406 4197 448 4250 24.
469 4213 495 4266 p.
515 4197 577 4250 510.

218 4295 248 4369 2)
266 4293 343 4351 Stob.
362 4294 385 4364 I,
404 4295 448 4363 26,
466 4311 493 4364 p.
513 4294 582 4364 5503
600 4291 673 4347 Plut.
695 4293 770 4348 Plac.
783 4291 880 4362 11‚26;
899 4289 990 4345 Parm.
1003 4289 1104 4360 fragm.
1118 4307 1144 4343 v.
1156 4287 1219 4342 144.
