2850 4904
618 389 668 440 tte

86 558 180 623 solis
205 559 394 624 Aristotelis
415 557 496 624 locis
518 559 575 624 illa
601 558 754 644 principii
786 559 886 624 medii
912 551 1006 624 notio
1028 566 1060 625 et
1081 559 1200 624 Anaxi-

79 667 232 733 mander
255 669 326 734 eius
338 674 450 748 auctor
460 669 612 753 cognosci
635 689 699 734 nou
717 675 824 754 potest
839 670 909 736 sine
925 667 1072 752 diligenti
1086 669 1199 734 borum
1260 679 1262 684 '

79 778 238 843 locorum
262 779 516 861 comparatione;
541 777 638 844 buius
660 787 767 846 autam
789 780 1041 863 comparationis
1064 779 1097 844 in
1115 799 1198 844 oom-

79 886 263 952 mentariis
293 888 416 952 nullum
449 886 612 953 invenitur
634 887 820 971 vestigium,
853 895 1079 972 praeterquam
1112 886 1197 971 quod
1287 977 1289 982 Ι

79 995 282 1076 Alexander
303 1015 342 1062 co
355 995 577 1062 commentarii
599 996 632 1060 in
644 995 869 1081 Metaphysica
882 997 962 1081 loco,
984 999 1198 1082 quoprimum

80 1108 145 1193 τὴν
164 1104 290 1186 μεταξύ
304 1097 405 1190 φύσιν
417 1105 661 1171 Anaximandro
677 1105 796 1181 tribuit,
812 1105 915 1186 addit,
930 1105 992 1172 boc
1003 1107 1199 1190 principium

81 1215 266 1281 memorari
294 1215 393 1281 etiarn
421 1216 456 1281 in
484 1215 576 1280 libris
605 1214 646 1280 de
676 1215 891 1282 Generatione
919 1221 952 1282 ct
975 1215 1197 1300 Corruptionc.

81 1323 223 1390 Deinde
234 1325 269 1389 in
283 1323 349 1390 illis
367 1325 603 1391 commentariis
617 1325 729 1408 aliqua
751 1324 792 1390 dc
803 1325 1040 1396 Anaximandri
1051 1325 1198 1392 doctrina

83 1421 286 1516 referuntur,
307 1453 390 1516 quac
412 1440 468 1498 ant
490 1440 613 1499 eertum
641 1441 691 1500 est
718 1455 782 1499 non
812 1453 852 1498 cx
874 1432 1048 1500 Aristotele
1071 1443 1198 1518 sumpta

84 1563 166 1608 csse
186 1549 247 1608 aut
267 1561 307 1608 ex
330 1561 369 1606 eo
393 1542 523 1607 omnino
546 1563 609 1608 non
632 1548 805 1626 potuerunt
827 1544 922 1623 snmi;
950 1563 1088 1626 namque
1112 1542 1198 1625 quod

1 1652 2 1660 ’
85 1650 284 1735 Simplicius
307 1651 340 1716 in
361 1651 506 1733 generali
529 1650 750 1733 disputatione
773 1650 813 1716 de
827 1651 1067 1716 Anaximandro
1090 1653 1197 1734 refert,
1258 1663 1263 1666 ’

85 1761 183 1825 velut
205 1759 291 1830 bunc
306 1763 442 1844 primum
460 1760 603 1826 omnium
623 1780 728 1825 rerum
741 1761 934 1846 principium
945 1760 1069 1828 dixisse
1093 1761 1197 1826 inlini-

85 1878 160 1936 tum
183 1870 355 1954 ipsumque
371 1869 558 1936 definivisse
582 1889 654 1936 esse
677 1868 722 1952 id,
745 1869 831 1953 qnod
853 1871 1001 1936 omnibus
1017 1871 1197 1938 subiectum

87 1987 190 2062 esset,
214 1980 327 2048 etheo
350 1979 544 2063 principium
566 1980 717 2046 statuisse
740 1998 819 2045 esse
835 1974 972 2062 τὶπαροὲ
986 1975 1027 2044 τὰ
1041 1983 1197 2062 στοιχεῖα,

88 2091 165 2154 sine
181 2087 280 2154 dnbio
303 2109 321 2156 e
337 2088 563 2172 Theophrasto
575 2089 713 2173 sumpsit
721 2090 758 2172 ¹);
779 2088 865 2171 quod
888 2096 995 2155 antem
1013 2088 1210 2156 Alexander

89 2205 178 2263 teste
190 2197 361 2281 Simplicio
377 2183 488 2275 refert
505 2195 740 2262 Anaximandri
756 2198 916 2264 sententia
927 2204 1045 2264 terram
1067 2217 1197 2264 manere

92 2314 126 2372 et
160 2313 292 2390 propter
321 2326 432 2391 parem
464 2304 607 2388 undique
639 2304 828 2371 distantiam
861 2312 893 2370 et
925 2312 1057 2392 propter
1089 2325 1195 2372 aerem

91 2418 316 2498 sustinentem,
338 2415 399 2481 hoc
421 2417 582 2499 posterius
605 2434 646 2480 ex
661 2414 835 2496 Aristotele
851 2435 976 2480 sumere
998 2435 1061 2481 non
1083 2415 1197 2500 potuit.

91 2526 254 2608 Denique,
276 2526 305 2590 si
327 2532 423 2590 antea
433 2524 611 2590 Alexandri
633 2524 734 2589 verba
752 2522 892 2608 ‘lapsam
904 2523 962 2608 γὰρ
984 2515 1197 2610 ἀμφοτέροις’

91 2642 180 2701 recte
204 2635 483 2717 explicavimusl),
504 2633 534 2699 is
555 2633 626 2718 ipse
648 2632 823 2716 contendit,
845 2635 1080 2701 Anaximandri
1109 2635 1197 2719 prin·

91 2746 217 2829 cipium
252 2745 284 2808 in
306 2745 493 2810 universnm
521 2744 562 2808 ab
584 2742 635 2820 iis,
669 2743 724 2826 qui
759 2742 800 2808 dc
834 2763 873 2808 eo
896 2744 1044 2824 referant,
1069 2744 1198 2829 ,pariter

92 2854 178 2920 iuter
201 2873 309 2920 acrem
331 2862 364 2919 et
385 2853 493 2936 ignem
508 2861 605 2936 atque
628 2838 711 2918 inter
734 2873 842 2920 aerem
865 2861 897 2918 et
919 2873 1035 2937 aquam
1052 2853 1196 2920 medium

93 2963 168 3030 dici.
215 2964 301 3046 Ergo
334 2962 384 3028 illi
412 2963 605 3046 interpretes
638 2982 698 3028 neo
728 2962 891 3028 notionem
924 2964 995 3029 cius
1029 2961 1194 3047 principii,

93 3072 179 3156 quod
202 3073 437 3139 Anaximandri
473 3093 544 3139 esse
575 3073 694 3150 dicunt,
730 3092 771 3138 cx
803 3073 872 3139 solo
893 3073 1066 3139 Aristotele
1099 3072 1212 3139 colle·

93 3189 218 3266 gerunt,
252 3202 311 3248 nec
341 3181 376 3246 id
408 3184 478 3248 sola
505 3182 690 3248 Aristotelis
714 3183 905 3248 auctoritate
925 3185 976 3248 vel
1003 3183 1101 3250 etiam
1127 3184 1196 3248 sola

94 3293 280 3358 coniectura
301 3291 535 3357 Anaximandri
568 3312 639 3358 csse
667 3298 868 3376 putauerunt,
899 3292 1026 3379 sedin
1060 3299 1195 3375 utraque

95 3422 128 3467 re
151 3403 229 3468 aliis
253 3401 351 3484 etiam
373 3401 526 3468 fontibus·
540 3401 591 3466 usi
613 3409 696 3468 sunt.

96 3615 174 3684 gisae,
195 3613 437 3690 Anaximandrum
456 3631 515 3668 esse
533 3617 650 3670 naturae
669 3615 778 3668 mediae
791 3618 943 3683 auctorem,
961 3633 995 3670 ex
1014 3615 1063 3668 illo
1075 3615 1195 3670 maxime

97 3710 154 3766 loco
169 3711 315 3780 collegisse
326 3711 457 3764 credendi
476 3711 546 3780 sint;
563 3729 595 3765 eo
614 3712 688 3765 enim
701 3712 866 3765 Aristotcles
883 3713 1008 3766 omnium
1021 3713 1195 3782 apertissime

97 3812 225 3862 naturam
245 3807 365 3861 mediam
384 3807 594 3862 Anaximandro
614 3808 726 3862 tribuit.
763 3807 922 3877 Simplicius
949 3813 1042 3863 autem
1066 3814 1141 3863 certe
1161 3827 1195 3864 ex

97 3904 143 3957 illo
161 3905 222 3958 loco
242 3921 298 3956 non
318 3903 445 3974 collegit3
471 3922 638 3974 quamquam
664 3904 737 3958 enim
764 3919 827 3959 eum
845 3911 920 3960 recte
945 3906 1075 3975 explicat.
1101 3911 1196 3960 tamen

99 3999 136 4054 ita
154 4000 337 4070 ineleganter,
356 4001 397 4054 ita
415 4001 532 4056 obscure
550 4003 680 4071 explicat,
707 3995 740 4057 ut’
761 4003 901 4071 explicare
924 4020 980 4056 non
1003 4003 1148 4072 potuisset,
1170 4003 1194 4055 si

99 4095 153 4150 eius
171 4096 358 4165 explicatione
377 4097 412 4152 ad
431 4115 509 4151 suam
527 4098 563 4151 dc
581 4099 791 4153 Anaximandro
810 4100 978 4154 sententiam
996 4100 1176 4167 pervenisset.

196 4192 223 4262 1)
243 4192 284 4246 Cf.
303 4209 388 4262 supra
406 4211 433 4262 p.
452 4195 481 4259 8;
503 4197 550 4263 12;
571 4197 602 4248 13
622 4195 717 4264 ibique
735 4201 794 4251 not.
814 4199 837 4248 l.

189 4289 218 4358 2)
237 4287 301 4342 Vid.
321 4307 405 4360 supra
423 4309 450 4360 p.
470 4291 521 4344 106
540 4295 598 4346 not.
621 4295 643 4344 l.
