2864 4910
608 343 661 410 'sot

85 527 127 592 ad
166 527 393 592 illustrandam
427 549 494 594 rem
520 547 636 604 novam
673 535 770 610 atque
805 529 1002 612 incognitam
1036 530 1194 594 adbiberi.

87 638 178 720 Ergo
201 640 233 702 in
257 639 363 702 verbis
383 632 591 722 (πρηστῆρος
611 629 729 714 udtdg’
750 645 899 724 πρηστῆρ
921 659 985 702 non
1018 646 1125 721 potest
1157 659 1196 703 ea

86 745 329 828 significatione
350 748 505 830 intellegi,
530 747 570 812 de
595 768 658 830 qua
679 747 846 830 bucusque
869 749 968 812 locuti
992 769 1108 814 sumus.

193 855 258 920 Sed
282 857 431 942 πρηστῆρ
449 856 610 938 significat
632 859 729 922 etiam
746 857 891 937 follem,
912 858 1000 921 velut
1022 877 1105 938 eum,
1129 877 1193 938 quo

89 963 180 1028 fabri
203 963 246 1028 ad
270 962 466 1030 sufflandum
486 967 592 1048 ignem
618 972 757 1030 utuntur.
804 963 895 1042 Quae
921 965 1067 1029 vocabuli
1092 966 1195 1048 signi-

85 1073 199 1140 ficatio
222 1093 426 1155 quamquam,
446 1075 532 1156 quod
557 1077 665 1156 sciam,
688 1076 837 1140 nonnisi
861 1094 924 1138 uno
950 1075 1111 1158 Apollonii
1134 1075 1195 1140 Ro·

87 1183 132 1247 dii
149 1183 255 1261 loco¹)
279 1184 448 1268 invenitur,
472 1192 578 1248 tamen
602 1205 672 1250 eam
696 1185 811 1268 opinor
833 1185 866 1247 in
884 1183 1021 1250 Graecia
1041 1186 1092 1250 vel
1109 1191 1194 1250 certe

88 1295 121 1358 in
171 1295 336 1376 aliquibus
370 1294 528 1360 Graeciae
564 1296 710 1379 partibus
752 1294 1046 1378 frequentissimam
1083 1296 1195 1377 fuisse,

87 1410 264 1487 propterea
284 1405 370 1488 quod
384 1407 545 1491 πρηστὴρ,
568 1426 639 1470 curn
654 1407 756 1470 altera
779 1426 838 1470 sua
849 1404 1086 1488 significatione
1103 1407 1195 1486 quasi
1305 1410 1307 1414 ’

88 1512 283 1580 adflatorem
306 1514 474 1598 significet,
509 1516 604 1598 plane
627 1515 817 1580 naturaliter
843 1515 969 1578 videtur
994 1513 1054 1579 boc
1078 1516 1195 1579 instru-

87 1629 236 1686 mentum
259 1622 453 1706 significare,
476 1644 579 1706 aeque
601 1645 640 1689 ae
662 1618 855 1710 quorprqpb,
885 1644 967 1705 quae
995 1643 1058 1686 vox
1081 1622 1193 1688 eodem

90 1731 190 1796 modo
214 1752 234 1796 a
257 1733 364 1814 φυσᾶν
386 1738 482 1814 atque
505 1731 655 1820 πρηστὴρ
678 1753 698 1796 a
720 1726 868 1814 aprluna
889 1732 977 1796 facta
1000 1739 1057 1796 est.
1101 1731 1194 1808 Quod

89 1839 211 1922 dicunt,
234 1840 317 1906 banc
351 1842 499 1906 vocabuli
529 1841 797 1924 significationem
821 1842 1009 1906 translatam
1044 1861 1125 1915 esse,
1159 1841 1194 1904 id

89 1950 254 2014 incautius
278 1951 343 2014 dici
367 1952 513 2032 arbitror,
545 1958 717 2034 propterea
746 1949 832 2032 quod
860 1952 948 2014 nulla
975 1951 1042 2014 alia
1064 1949 1194 2016 videtur

90 2077 163 2122 esse
188 2058 382 2141 significatio
414 2060 470 2123 illa
493 2060 580 2141 prior
603 2066 708 2141 atque,
735 2066 769 2123 ut
796 2062 841 2124 ita
864 2058 979 2134 dicam,
1006 2061 1193 2138 naturalior,

90 2189 110 2230 a
133 2188 198 2250 qua
232 2169 287 2232 illa
321 2168 425 2250 possit
457 2170 613 2232 translata
643 2189 730 2241 esse;
762 2189 836 2232 narn
861 2168 1022 2252 tychonio,
1054 2168 1192 2233 turbinis

90 2279 246 2359 presteris
268 2279 356 2341 notio
380 2284 466 2341 certe
488 2297 551 2341 non
575 2279 707 2360 propius
731 2279 823 2342 abest
845 2297 865 2339 a
887 2277 1026 2342 naturali
1041 2279 1191 2343 vocabuli

90 2385 329 2468 significatione
353 2405 447 2469 quam
472 2387 558 2449 notio
580 2386 674 2448 follis.
720 2386 831 2467 ltaque
860 2405 920 2468 ego
951 2385 1080 2466 quidem
1104 2393 1192 2469 puto,

88 2493 287 2578 ‘rrpqoaipqo‘
317 2495 368 2574 iis,
397 2493 436 2558 de
466 2495 584 2576 quibus
609 2497 741 2576 agimus,
769 2495 849 2558 locis
872 2495 1013 2572 follem,
1041 2503 1074 2559 et
1092 2494 1192 2578 ‘app-

90 2605 212 2690 σσῆρσς
232 2593 348 2666 ndtdv'
371 2603 484 2668 follis
508 2603 684 2667 fistulam
708 2602 899 2686 significare,
923 2605 1092 2686 ipsamque
1109 2607 1193 2669 Ana-

90 2713 256 2778 ximandri
279 2714 470 2778 sententiam
502 2711 584 2776 hanc
615 2733 700 2778 esse:
736 2714 902 2777 stellarum
927 2714 1062 2778 annulos
1086 2714 1192 2778 aerios

92 2821 206 2904 igneos
229 2823 364 2888 annulos
388 2821 672 2888 circumcludentes
698 2816 966 2906 perforamen
988 2824 1096 2905 ignem
1112 2823 1193 2905 ipsis

92 2931 252 2995 inclusum
276 2932 419 2994 emittere
442 2930 598 3006 similiter,
633 2938 729 3012 atque
763 2931 879 2994 folles
908 2951 975 3014 per
1009 2932 1192 2996 fistulam

19 3021 25 3038 ⁸
91 3059 200 3104 aerem
224 3041 303 3122 ipsis
326 3041 485 3104 inclusum
508 3039 668 3121 emittant5
700 3060 763 3121 qua
788 3039 918 3122 quidem
942 3040 1029 3105 follis
1053 3041 1193 3123 imagine

91 3149 187 3212 simul
221 3147 440 3213 vehementior
474 3149 633 3230 quaedam
667 3149 854 3232 exspirandi
892 3149 942 3218 vis
982 3150 1191 3233 significatur.

92 3255 296 3337 Quamquam
318 3263 447 3339 praeter
470 3277 517 3338 ea,
541 3277 623 3339 quae
646 3259 749 3337 attuli,
773 3257 960 3336 nonhabeo,
985 3260 1099 3340 quibus
1123 3280 1193 3324 sen-

93 3367 229 3430 tentiam
254 3365 447 3447 confirmem,
471 3373 577 3431 tamen
602 3369 674 3450 ipsa
704 3369 953 3450 comparationis
985 3367 1132 3451 aptitudo
1163 3374 1194 3433 et

92 3475 308 3558 perspicuitas
343 3476 422 3538 satis
450 3473 579 3539 videtur
606 3475 834 3557 explicationis
856 3478 1023 3542 veritatem
1047 3477 1192 3561 probare.

93 3586 200 3665 Atque
223 3604 283 3664 ego
307 3583 572 3666 quidemopinor,
595 3584 695 3649 verba
714 3577 921 3672 ίπρηστῆρος
940 3577 1045 3650 adlbv’
1070 3587 1110 3651 ab
1123 3589 1194 3669 ipso

91 3692 334 3757 Anaximandro
358 3691 503 3758 adhibita
526 3713 606 3774 esse,
637 3700 735 3775 atque
757 3714 795 3759 eo
818 3694 961 3778 quidem,
996 3715 1090 3776 quem
1112 3695 1192 3760 indi·

92 3803 172 3878 cavi,
198 3803 370 3866 intellectu.
786 3866 791 3878 ,

193 3910 252 3975 His
275 3909 448 3994 disputatis
471 3930 659 3994 responsum
687 3918 736 3976 cst
760 3913 798 3976 liu
829 3913 1083 3996 quaestionibus,
1112 3935 1194 3996 quas

198 4147 222 4211 l)
244 4145 295 4211 Ap.
316 4143 406 4198 Rhod.
428 4143 555 4212 1V,7vv.

194 4239 221 4310 2)
242 4240 283 4294 Cf.
302 4239 403 4293 Pollux
423 4239 474 4294 On.
494 4241 528 4308 X,
549 4243 592 4308 21,
613 4241 672 4293 147.
