2858 4910
772 385 807 443 94

239 563 310 629 loeo
328 558 450 628 nullum
478 562 543 627 nisi
565 561 841 640 Anaximandrum
870 561 1025 645 intellegi,
1052 543 1176 645 pariter
1205 557 1336 626 interius

241 670 541 738 demonstrabimus.
565 670 689 749 Quodsi
711 677 830 754 autem,
854 671 912 754 qui
933 672 1040 756 priore
1059 674 1131 738 loeo
1152 657 1337 749 adrimetum
1424 689 1425 692 ¹

242 780 433 865 simpliciter
458 786 490 846 et
511 788 619 846 nostro
642 781 712 847 loeo
744 775 783 846 τὸ
812 768 952 861 ἄπειρον
972 779 1027 844 καὶ
1047 774 1086 846 ud
1111 777 1264 861 περιέχον
1284 799 1338 864 po·
1424 831 1425 836 ,

241 909 317 956 nere
340 888 498 968 diduntur,
521 888 622 956 iidem
637 897 720 973 sunt,
737 891 892 973 sequitur,
915 895 951 954 ut
971 883 1010 953 ud
1029 883 1120 970 παρὰ
1141 882 1340 968 τὰστοιχεῖα

243 998 434 1084 simpliciter
454 997 584 1082 dietum,
608 998 695 1082 quod
716 999 824 1084 priore
846 998 917 1064 looo
940 998 984 1065 ad
1006 998 1090 1076 illos,
1123 1004 1157 1063 et
1187 990 1227 1060 νὸ
1251 990 1341 1077 παρὰ

241 1102 282 1171 τὰ
304 1110 450 1188 στοιχεῖα
477 1109 573 1176 modo
605 1110 660 1175 illo
683 1108 876 1174 disiunctivo
898 1107 1103 1192 explicatum,
1125 1104 1214 1190 quod
1233 1112 1342 1170 nostro

242 1217 314 1283 loeo
336 1216 380 1282 ad
401 1216 460 1283 bos
475 1217 621 1300 refertur,
645 1217 781 1284 eandem
796 1237 862 1283 rem
880 1214 1072 1301 significent.
1096 1213 1222 1293 Quodsi
1235 1219 1342 1280 autern

243 1326 379 1392 eandem
394 1347 462 1393 rem
484 1326 678 1411 signideant,
701 1327 855 1410 sequitur,
878 1333 913 1392 ut
935 1325 999 1391 duo
1015 1324 1072 1390 ille
1086 1313 1203 1402 media,
1225 1324 1343 1406 quibus

243 1442 351 1501 nostro
372 1435 444 1502 loeo
477 1430 516 1498 τὸ
538 1428 629 1517 παρὰ
659 1431 700 1498 τὰ
722 1438 869 1516 στοιχεῖα
891 1434 1082 1519 explicatur,
1106 1434 1147 1498 ab
1170 1433 1344 1498 Aristotele

243 1566 306 1611 non
319 1544 546 1628 intellegantur
566 1544 650 1610 duae
673 1546 809 1630 speeies,
833 1544 891 1612 sed
912 1544 996 1609 duae
1017 1543 1112 1608 unius
1133 1541 1345 1625 eiusdemque
1426 1566 1427 1570 ¹

243 1653 398 1739 principii
420 1654 711 1740 interpretationes,
742 1675 877 1738 quarum
906 1660 1040 1736 utraque
1062 1653 1135 1738 pari
1160 1653 1229 1718 iure
1251 1651 1347 1717 adbi-

244 1765 312 1829 beri
334 1765 447 1849 possit.

343 1861 408 1938 Sed
432 1893 497 1938 nna
519 1873 616 1939 etiam
636 1879 738 1939 restat
759 1873 934 1952 dubitatio3
956 1873 1094 1939 fortasse
1118 1873 1203 1937 enim
1227 1872 1348 1955 aliquis

245 1980 387 2064 negabit,
411 1989 520 2046 nostro
542 1983 612 2047 loeo
644 1975 682 2044 ud
713 1976 804 2063 παρὰ
824 1975 865 2044 τὰ
887 1984 1035 2062 στοιχεῖα
1063 1979 1263 2046 disiunctivo
1291 1981 1348 2045 illo

246 2088 342 2154 modo
364 2090 563 2173 explicatum
591 2097 754 2172 tamquam
781 2089 907 2172 aliquid
929 2110 1027 2156 unum
1058 2090 1101 2156 ad
1133 2109 1190 2156 eos
1223 2091 1349 2170 referri,

246 2199 301 2281 qui
323 2191 362 2262 τὸ
384 2185 597 2280 ἄπειρονκαὶ
619 2197 657 2262 τὸ
680 2197 831 2282 περιέχον
853 2206 984 2284 ponant,
1007 2201 1054 2265 ita
1075 2200 1144 2265 iere
1160 2198 1350 2284 disputans:

247 2309 459 2391 Aristotelem,
491 2314 662 2392 postquam
694 2307 732 2371 ud
760 2304 850 2391 παρὰ
882 2303 922 2372 ιὰ
952 2311 1099 2389 στοιχεῖα
1132 2309 1350 2394 explicaverit

245 2415 345 2498 μέσον
366 2440 398 2480 τι
431 2413 529 2498 depos
561 2416 616 2480 καὶ
638 2411 756 2495 ὕδατος
779 2409 917 2505 ἢοῗέρος
943 2418 998 2481 καὶ
1020 2413 1135 2501 πυρός,
1171 2420 1351 2503 separatim

246 2532 370 2591 tantum
386 2525 526 2590 medium
550 2526 633 2592 inter
645 2547 752 2593 aerem
764 2533 796 2593 et
810 2529 917 2612 ignem
932 2529 1089 2607 refellere,
1112 2527 1350 2610 ostendentem,

246 2634 308 2702 hoe
328 2634 470 2724 medium
492 2653 556 2700 non
572 2655 667 2720 posse
688 2655 760 2702 esse
774 2629 992 2719 μονούμενον,
1015 2635 1137 2720 booque
1150 2639 1267 2721 solum,
1289 2657 1352 2704 neo

246 2766 322 2812 vero
345 2743 485 2811 medium
507 2744 591 2810 inter
618 2765 734 2828 aquam
758 2752 790 2812 et
812 2765 929 2826 aerem,
961 2745 1004 2812 ad
1038 2765 1094 2812 eos
1126 2747 1260 2822 referre,
1293 2746 1352 2830 qni

245 2851 283 2920 τὸ
306 2844 520 2938 ἄπειρονκαὶ
548 2849 586 2919 τὸ
619 2854 773 2937 περιέχον
795 2861 930 2940 ponant3
962 2860 1060 2938 atquo
1090 2852 1167 2921 inde
1200 2856 1353 2923 oonoludi

245 2987 350 3051 posse,
374 2965 438 3032 duo
461 2965 518 3030 illa
537 2963 646 3030 media
666 2965 707 3029 ab
730 2966 902 3032 Aristotele
933 2964 1014 3031 duas
1047 2963 1193 3030 diversas
1223 2967 1352 3049 speeies

246 3074 397 3156 intellegi.
441 3074 485 3138 At
507 3073 588 3139 haee
610 3074 673 3138 looi
699 3074 871 3157 explicatio
893 3073 1072 3140 eonsooiari
1102 3094 1176 3139 oum
1199 3076 1354 3142 universa

247 3186 316 3250 eius
338 3187 462 3250 ratione
484 3205 546 3249 non
576 3188 692 3268 potest.
738 3182 880 3248 Primum
905 3183 1000 3265 enim,
1035 3185 1061 3248 si
1095 3190 1248 3250 aeourate
1274 3205 1350 3250 oum

246 3300 348 3361 totam
370 3295 523 3360 orationis
547 3295 680 3359 formam
711 3301 778 3359 tum
812 3294 1008 3376 singulorum
1040 3291 1243 3375 quorundam
1275 3313 1349 3360 ver-

247 3405 360 3470 borum
386 3405 575 3470 relationem
603 3401 841 3487 perpendimus,
865 3402 953 3468 loeus
986 3400 1042 3466 vix
1074 3401 1167 3466 aliter
1200 3401 1350 3485 intellegi

247 3518 354 3596 potest
376 3514 437 3579 nisi
457 3515 512 3593 ita,
535 3518 571 3577 ut
604 3532 669 3577 una
695 3510 969 3577 demonstratione
995 3509 1090 3576 simul
1121 3517 1155 3574 et
1177 3517 1352 3594 utrumque

247 3621 388 3688 medium
411 3628 442 3687 et
463 3616 504 3686 ud
525 3622 616 3705 παρὰ
636 3616 837 3700 τὰστοιχεῖα
851 3621 903 3687 bis
918 3620 1036 3687 mediis
1050 3621 1248 3705 explicatum
1270 3628 1353 3687 tanr-

248 3751 344 3813 quam
368 3751 431 3796 una
454 3729 629 3813 eademque
650 3751 703 3797 res
734 3731 899 3797 refellatur
926 3737 1025 3814 utque
1052 3730 1148 3796 simul
1176 3737 1210 3796 et
1232 3737 1352 3798 utrum-

248 3860 311 3923 que
332 3839 473 3906 medium
494 3846 526 3906 et
547 3834 584 3904 τὰ
609 3836 700 3923 παρὰ
720 3834 762 3904 τὰ
782 3841 927 3920 στοιχεῖα
949 3840 999 3906 his
1015 3838 1128 3906 mediis
1151 3842 1352 3926 explicatum

247 4185 301 4258 γὰρ
320 4191 365 4242 καὶ
383 4157 549 4260 ἀνώλεθρον,
570 4186 606 4248 ὡς
625 4193 713 4261 φησιν
731 4185 969 4261 ὁἈνοξίμοοδρος
988 4225 995 4239 .
1015 4188 1039 4241 .“
1075 4185 1146 4240 Vide
1166 4203 1254 4257 supra
1272 4207 1301 4258 p.
1316 4191 1354 4243 80

248 4290 277 4340 et
296 4287 339 4339 31.
997 4285 1010 4308 ⁹
