2858 4910
814 331 872 388 286

304 509 441 574 sioomm
475 523 551 589 pars
574 510 710 586 utroque
732 504 803 569 looo
835 504 880 568 itn
903 502 1110 586 significetur,
1141 509 1176 568 nt
1204 509 1249 569 ont
1265 523 1349 586 annon

304 623 359 682 aut
382 636 499 694 aerem,
523 614 755 680 alternantem
781 614 886 695 priore
907 612 978 678 loeo
1000 614 1054 694 ite,
1088 618 1123 677 nt
1153 607 1193 674 τὸ
1221 605 1305 692 παρὰ
1320 605 1351 674 τὰ

304 726 492 804 στοιχεῖα,
523 723 700 806 posteriore
723 741 799 787 vero
823 721 877 797 ita,
909 727 945 787 ut
969 714 1012 785 sd
1034 719 1159 802 μέσον
1180 714 1294 797 ὕδατος
1310 718 1355 783 καὶ

303 825 421 915 ἀέρος
441 852 561 917 ponere
584 831 718 912 dicator,
741 833 894 913 seqnitur,
917 836 952 896 ut
968 829 999 895 hi
1020 825 1058 894 τὸ
1074 827 1176 911 μέσον
1190 836 1318 915 ponentes
1335 837 1355 894 et

304 945 349 1010 illi
378 935 418 1006 τὸ
440 935 531 1024 παρὰ
557 933 767 1020 τὰστοιχεῖα
794 946 950 1024 ponentes
972 939 1068 1006 iidem
1103 940 1290 1023 intellegendi
1307 943 1354 1004 sint

306 1054 462 1136 utigitur
490 1051 536 1115 τὸ
558 1044 667 1133 παρὰ
688 1035 746 1113 Ιτὰ
772 1052 952 1130 στοιχεῖα
983 1056 1015 1115 et
1043 1044 1088 1114 od
1119 1047 1232 1132 μέσον
1251 1044 1355 1122 ὕδατος

307 1161 371 1227 καὶ
388 1152 503 1243 ἀέρος
533 1160 668 1227 eandem
690 1181 758 1227 rem
787 1159 974 1244 signifioent.
1018 1160 1163 1242 Utroque
1194 1166 1287 1226 antem
1314 1162 1355 1224 loo

307 1278 418 1356 aperte
433 1270 611 1356 respicitur,
634 1270 720 1353 quod
736 1270 807 1353 ipso
823 1268 1051 1353 disputationis
1067 1269 1157 1335 initio
1173 1269 1279 1336 dietum
1296 1269 1355 1352 esti

307 1380 461 1467 physicos
483 1400 604 1458 omnes,
625 1382 680 1461 qui
701 1380 889 1463 principium
911 1386 1032 1462 ponant
1054 1378 1220 1462 infinitum,
1249 1381 1304 1464 ipsi
1321 1378 1355 1443 int

307 1492 400 1557 nitati
423 1493 519 1557 aliam
541 1490 703 1572 quandam
725 1497 871 1556 naturam
894 1491 1048 1570 subicere,
1078 1496 1175 1572 atque
1197 1490 1314 1572 quidem
1331 1510 1355 1554 as

308 1622 406 1666 unum
429 1620 471 1666 ex
492 1599 657 1680 elem-entis
680 1600 766 1665 velut
787 1605 843 1664 eut
864 1619 982 1682 aquam
1004 1605 1060 1665 aut
1071 1619 1188 1676 aerem,
1209 1606 1262 1665 aut
1280 1593 1318 1663 τὰ
1332 1621 1350 1680 μ

309 1704 404 1790 ταξύ
428 1701 590 1773 τούτων.

408 1816 533 1883 Deinde
556 1815 650 1882 initio
673 1816 805 1882 seeundi
829 1817 869 1882 de
893 1816 972 1884 Gen.
996 1824 1029 1884 et
1052 1817 1139 1884 Com.
1160 1818 1243 1896 libri,
1274 1816 1326 1883 ubi
1353 1843 1355 1874 ι

310 1928 540 1993 elementorum
562 1927 698 1991 materia
712 1926 847 2009 quaerit,
870 1926 1017 2010 hancque
1039 1927 1080 1993 eb
1103 1927 1178 1993 aliis
1198 1927 1277 1994 dioit
1296 1946 1355 1992 nna

309 2037 351 2102 ab
372 2034 447 2100 aliis
471 2035 581 2119 plures
603 2055 675 2102 esse
687 2035 795 2118 statui,
819 2055 884 2115 eos,
907 2037 962 2118 qui
979 2058 1075 2102 unam
1092 2038 1355 2103 elementommn

310 2145 424 2210 teriam
447 2164 519 2210 esse
542 2145 652 2226 velint,
686 2165 795 2212 rursus
829 2147 874 2211 ita
893 2145 1076 2230 distinguit,
1109 2152 1143 2212 nt
1165 2147 1284 2212 alteros
1309 2167 1355 2210 nm

311 2274 350 2319 ex
373 2252 550 2329 elementis
579 2255 667 2319 velut
689 2274 798 2320 aerem
820 2260 876 2320 aut
897 2255 1014 2337 ignem,
1044 2257 1164 2322 alteros
1183 2248 1245 2320 ‘nt
1265 2277 1355 2338 μετα

309 2354 468 2444 τούτων,
500 2356 609 2444 σῶμά
640 2384 681 2426 τε
712 2355 756 2426 ὂν
787 2362 853 2426 καὶ
885 2353 1097 2446 χωριστόν’
1130 2385 1251 2448 ponere
1283 2364 1355 2429 dion

240 2519 242 2524 ,
310 2471 423 2537 Paullo
446 2477 552 2537 autem
575 2478 648 2556 post
670 2474 846 2556 separatim
869 2495 923 2540 eos
941 2473 1071 2557 refellit,
1093 2475 1149 2557 qui
1165 2496 1265 2540 unam
1278 2476 1355 2540 elem

310 2588 413 2647 torum
436 2582 604 2646 materiam
624 2589 772 2648 naturam
787 2583 950 2666 quandam
966 2590 1088 2665 ponant
1101 2577 1219 2666 ‘nand
1241 2578 1289 2648 τὰ
1311 2577 1349 2647 εἰ

309 2688 405 2772 μένα
417 2688 633 2773 (στοιχεῖα),
645 2684 789 2776 ταύτην
801 2690 841 2756 δὲ
856 2673 1078 2777 ossonovensis
1090 2692 1152 2758 καὶ
1167 2687 1349 2778 χωριστή

311 2799 372 2878 Qui
393 2799 453 2865 hoo
475 2800 653 2884 posteriore
670 2802 739 2866 loeo
762 2821 858 2866 unam
870 2803 1099 2868 elementorum
1109 2803 1287 2868 materiam
1299 2825 1355 2887 pon

311 2909 459 2975 dionntm·
481 2898 628 2974 naturam
656 2909 817 2993 quandam
847 2905 960 2994 ‘nond
989 2910 1030 2975 τὰ
1051 2911 1231 2991 στοιχεῖα’,
1268 2922 1355 2978 oente

311 3039 441 3085 numero
464 3025 538 3084 sunt
560 3039 678 3098 eorum,
702 3039 836 3102 quorum
860 3021 1040 3087 sententiae
1062 3021 1118 3086 illo
1141 3023 1256 3104 priore
1280 3023 1355 3086 loon

312 3126 478 3208 dieantur3
509 3129 574 3192 iam
595 3149 671 3194 vero
699 3150 770 3195 oum
801 3131 914 3196 referri
939 3151 1002 3197 non
1034 3131 1161 3214 possint
1193 3131 1243 3196 ad
1267 3151 1344 3213 eos,

313 3235 368 3301 illo
391 3237 499 3319 priore
521 3238 592 3304 looo
622 3258 730 3303 aerem
762 3244 819 3304 aut
850 3240 958 3322 ignem
990 3241 1224 3306 elementorum
1252 3247 1352 3305 mate

312 3364 430 3427 ponere
453 3344 611 3429 dicuntur,
635 3345 765 3414 eosdem
793 3367 865 3414 esso
894 3355 1019 3432 oportet
1041 3355 1137 3432 etque
1167 3369 1242 3429 eoS,
1276 3349 1342 3432 qui

416 3651 442 3720 1)
460 3649 541 3719 Phys.
559 3651 610 3718 111,
630 3653 654 3707 4.
673 3653 802 3705 203216.
822 3651 885 3708 Vid.
903 3670 930 3722 p.
951 3653 984 3705 68
1003 3656 1060 3707 not.
1083 3651 1107 3706 1.

412 3746 442 3815 2)
463 3746 628 3802 Aristoteles
637 3749 731 3817 priore
741 3749 802 3804 loco
815 3767 871 3803 non
889 3749 994 3818 apertis
1006 3749 1119 3818 quidem
1131 3747 1235 3803 verbis
1250 3747 1324 3802 aeri
1349 3768 1355 3800 s

312 3846 473 3918 generalem
491 3844 692 3899 elementorum
710 3846 853 3900 notionem
873 3845 1034 3915 anteponit3
1054 3844 1102 3900 sed
1122 3845 1158 3899 ab
1180 3862 1219 3899 eo
1243 3845 1313 3914 duo
1337 3845 1355 3897 i}

313 3942 427 3997 visionis
445 3940 581 4004 membra,
609 3959 681 4010 quoe
699 3925 1006 4012 posuimus-intellegi,
1025 3960 1059 3996 ex
1079 3941 1139 4011 ipsa
1158 3941 1348 3996 verborum

315 4040 425 4096 catione
443 4043 570 4108 apparet.
606 4038 669 4094 Vid.
688 4040 762 4094 loeos
781 4057 808 4108 p.
829 4041 864 4093 64
880 4044 939 4095 not.
960 4040 990 4109 3;
1009 4039 1045 4094 of.
1065 4039 1132 4094 Gen.
1145 4039 1236 4093 Gorr.
1259 4037 1306 4108 11,
1332 4041 1353 4092 5

314 4141 379 4193 det
396 4139 440 4191 20.

332 4213 339 4224 ’
413 4234 441 4304 ³)
460 4233 526 4290 sen.
547 4233 623 4288 oon.
643 4234 678 4304 11,
700 4233 722 4288 1.
743 4233 852 4289 meas.
871 4233 933 4289 vm.
953 4251 980 4303 p.
1002 4235 1037 4288 os
1055 4237 1113 4288 not.
1136 4237 1158 4288 1.
1221 4295 1223 4300 ,
