2864 4910
669 301 720 351 407

110 470 155 534 in
186 471 366 536 meridiana
388 477 491 537 terrae
520 478 608 554 parte
639 474 766 536 omnino
796 492 859 536 non
881 477 1007 555 poterat
1036 473 1127 538 locus
1149 493 1232 552 esse,

111 582 184 662 qui
208 580 252 646 ad
274 582 423 646 circulum
454 583 631 646 brumalem
656 583 703 646 ita
727 601 762 646 se
786 579 932 657 haberet,
965 588 1001 646 ut
1023 602 1110 647 mare
1133 582 1233 647 medi-

111 697 313 756 terraneum
336 689 379 755 ad
409 691 561 756 circulum
585 690 798 754 solstitialem.
842 691 906 756 Res
929 692 1074 774 protinus
1104 696 1193 774 patet
1215 713 1232 757 e

112 800 243 864 tabula
264 801 297 864 in
326 801 399 866 libri
430 800 493 865 fine
527 798 656 865 adiecta
666 798 699 882 ¹).
743 799 850 877 Quare
883 820 947 866 non
976 802 1153 867 verisimile
1176 809 1234 884 est,

113 908 404 973 Anaximandrum
434 910 468 974 in
492 908 671 974 meridiana
702 911 798 974 etiam
822 917 927 974 terrae
952 915 1046 992 parte
1068 931 1156 975 mare
1178 931 1233 993 po·

114 1020 243 1099 suissc,
267 1017 352 1100 quod
375 1039 393 1083 e
416 1019 548 1101 regione
572 1018 681 1084 circuli
704 1018 859 1084 brumalis
884 1025 980 1084 esset.

231 1127 291 1192 His
313 1128 502 1212 praemissis
537 1134 605 1193 tota
633 1127 868 1192 Anaximandri
898 1129 1059 1193 sententia
1093 1130 1141 1194 sie
1164 1130 1233 1194 fere

117 1235 315 1301 adumbrari
337 1243 450 1321 potest.
495 1237 580 1302 Solis
603 1238 740 1302 annulus
763 1241 813 1302 est
836 1237 922 1302 orbis
946 1256 1004 1320 per
1024 1244 1126 1330 totum
1150 1240 1232 1305 coeli

117 1347 286 1411 ambitum
309 1347 507 1423 circumiens,
531 1348 623 1411 cuius
647 1354 788 1411 centrum
814 1353 863 1411 est
884 1345 970 1411 idem
999 1354 1098 1429 atque
1120 1350 1233 1415 muudi

119 1461 159 1520 et
183 1462 291 1520 terrae
314 1461 466 1531 centrum,
490 1458 607 1538 quique
620 1458 740 1539 pariter
751 1462 848 1538 atque
863 1456 1057 1538 reliquorum
1069 1459 1231 1524 stellarum

118 1565 239 1629 annuli
262 1563 406 1646 quotidie
427 1565 515 1629 circa
536 1564 647 1629 mundi
669 1584 764 1630 axem
786 1565 1016 1630 circumfertur.
1060 1565 1233 1632 Praeterea

120 1693 322 1756 unoquoque
343 1693 427 1739 anno
450 1674 548 1738 semel
570 1694 590 1738 a
613 1674 748 1738 solstitio
779 1673 822 1738 ad
844 1674 988 1739 brumam
1010 1696 1031 1739 a
1053 1676 1229 1757 brumaque

121 1784 171 1848 ad
195 1783 366 1848 solstitium
388 1790 541 1848 movetur.
580 1782 679 1848 Cuius
702 1788 805 1848 motus
829 1803 946 1849 caussa
969 1791 1018 1849 est
1039 1785 1166 1850 haecce.
1206 1786 1232 1848 E

123 1893 262 1974 regione
288 1891 399 1956 circuli
424 1893 606 1958 solstitialis
634 1893 776 1959 interra
804 1894 877 1958 loca
904 1900 977 1959 sunt
999 1896 1081 1958 mari
1101 1896 1232 1978 repleta,

123 2000 401 2068 mediterraneum
438 2002 510 2067 dico
547 2023 619 2068 cum
660 2009 758 2087 ponto
792 2003 929 2069 Euxino.
984 2003 1053 2066 lam
1090 2004 1118 2067 si
1153 2003 1232 2068 solis

123 2112 277 2187 annulus,
301 2133 321 2176 a
343 2113 457 2176 bruma
478 2117 651 2188 revertens,
675 2112 796 2176 circulo
813 2112 976 2176 solstitiali
989 2111 1231 2195 appropinquat

126 2221 183 2298 (ab
208 2220 270 2286 hae
292 2222 375 2286 enim
406 2242 438 2286 re
463 2221 702 2304 perspicuitatis
733 2241 851 2286 caussa
881 2220 1041 2304 proficisci
1062 2222 1231 2302 volumus),

126 2333 205 2396 solis
228 2329 345 2395 ardore
368 2351 408 2395 ex
432 2331 487 2394 illo
509 2332 590 2394 mari
612 2328 762 2394 humores
783 2335 815 2394 et
846 2350 887 2394 ex
909 2329 998 2395 bisce
1024 2329 1230 2395 vehementes

125 2441 272 2506 oriuntur
289 2439 387 2515 venti,
411 2439 465 2520 qui
490 2458 591 2520 usque
610 2438 657 2503 'ad
673 2439 818 2503 ultimum
842 2440 923 2503 coeli
936 2438 1102 2503 circuitum
1120 2439 1230 2504 adsur-

123 2555 241 2632 gentes
277 2549 354 2613 solis
376 2547 529 2613 annulum
552 2549 804 2632 conpatiuntur
835 2549 917 2612 ultro
949 2548 1102 2612 circulum
1126 2549 1231 2613 solsti-

126 2658 239 2722 tialem
251 2657 415 2740 progredi,
442 2656 500 2722 sed
515 2677 597 2732 eum,
623 2657 749 2739 ipsius
772 2675 911 2738 pressu
934 2675 1046 2738 quam
1068 2659 1230 2722 maxime

124 2765 375 2847 condensati,
398 2786 537 2848 magna
559 2765 592 2828 vi
615 2764 783 2843 meridiem
805 2783 918 2829 versus
942 2785 1044 2847 usque
1067 2763 1110 2830 ad
1127 2765 1228 2831 circu·

123 2878 192 2941 lum
215 2876 391 2940 brumalem
424 2876 593 2958 repellunt.
645 2871 717 2950 Qud
750 2873 792 2938 ad
826 2875 1041 2940 reversionem
1073 2875 1230 2939 abruma

123 2985 169 3050 ad
192 2985 364 3050 solstitium
387 2985 509 3066 attinet,
543 2981 786 3047 Anaximander
811 2981 938 3048 videtur
959 2985 1121 3064 statuisse,
1151 2985 1229 3049 solis

124 3094 289 3170 annulum,
314 3095 509 3176 simulatque
537 3098 704 3158 ventorum
730 3092 857 3157 illorum
886 3093 998 3176 pulsus
1023 3095 1153 3158 omnino
1176 3093 1229 3159 de-

125 3205 256 3287 sineret,
279 3224 339 3269 sua
362 3210 475 3286 sponte
498 3202 650 3285 nullaque
674 3201 740 3266 alia
754 3221 870 3266 caussa
885 3208 1035 3267 movente
1058 3202 1100 3267 ad
1123 3203 1229 3269 solsti-

124 3316 203 3379 tium
222 3314 356 3390 reverti3
376 3312 466 3378 cuius
489 3312 621 3394 quidem
645 3320 749 3378 motus
773 3314 806 3377 in
832 3330 936 3376 rerum
952 3318 1068 3376 natura
1091 3313 1230 3394 plurima

124 3423 300 3488 observare
315 3428 441 3506 poterat
457 3422 613 3506 exempla.
652 3421 824 3487 Simillima
838 3422 1055 3506 Anaxagorae
1069 3423 1230 3487 sententia

124 3534 185 3610 est,
208 3535 241 3593 et
263 3529 327 3593 iam
349 3534 423 3593 ante
446 3549 519 3594 eum
540 3529 793 3610 Anaximenis2).
841 3528 903 3608 Qui
932 3527 1018 3593 unde
1046 3547 1118 3593 eam
1140 3547 1229 3593 acce·

229 3811 255 3880 1)
274 3811 336 3866 Vid.
356 3812 413 3866 tab.
432 3811 480 3882 fig.
499 3813 521 3866 l.

226 3908 254 3975 2)
274 3907 348 3961 Plut.
370 3907 444 3962 Plac.
470 3907 503 3972 11,
525 3909 559 3960 23
585 3909 669 3978 (περὶ
694 3911 804 3978 τροπῶν
829 3905 940 3976 bliaut:
980 3905 1231 3980 ,Arctupquc

125 4003 180 4062 ὑπὸ
200 4008 476 4076 πεπυκνωμένου
498 4001 599 4074 ἀέρος
624 4011 677 4058 καὶ
701 4001 848 4061 ἀντιτύπου
871 4008 1035 4066 ἐξωθεῖσθαι
1059 4005 1092 4059 τὰ
1115 3999 1230 4075 r’r‘orpc.“

124 4104 210 4160 lbid.:
231 4098 444 4172 ,,Ἀναξυγόρας,
463 4097 655 4156 ἀνταπώσει
673 4101 801 4174 τοῦπρὸς
819 4110 876 4163 ταῖς
895 4097 1002 4172 ἄρκτοις
1021 4099 1110 4173 ἀέρος,
1129 4098 1167 4156 ὃν
1179 4099 1229 4155 αὐ-

124 4198 181 4260 τὸς
201 4199 362 4254 συνωθῶν
381 4199 415 4252 ἐκ
434 4199 490 4266 τῆς
507 4194 710 4259 πυκνώσεως
734 4202 1010 4272 ῖσχυρσπποιεῖ.“
1048 4200 1160 4269 Hippol.
1178 4200 1230 4254 Re·
