2860 4906
770 369 823 424 270

236 541 299 606 niis
322 547 420 623 patet,
442 540 616 607 sensilibus
639 541 740 608 utitur
760 540 982 623 qualitatibus,
1005 539 1094 624 qnod
1115 542 1221 624 iusum
1240 545 1323 608 etiam

238 669 278 716 ex
299 649 484 716 Aristotelis
507 650 613 716 verbis
636 650 717 716 satis
743 657 831 717 certo
853 651 1059 733 collegimus3
1092 650 1157 717 iam
1181 651 1239 716 hae
1259 672 1323 734 qua·

235 756 343 822 litates
365 775 448 839 quoe
470 762 587 834 essent,
611 757 681 822 sola
703 757 952 824 ratiocinatione
968 760 1186 826 conclusimus
1206 761 1323 842 equali-

236 866 357 932 tatibus
390 885 497 932 earum
531 872 728 948 naturarum,
763 865 847 932 inter
872 886 952 949 quas
982 868 1218 936 Anaximandri
1251 871 1323 954 prin·

237 975 356 1060 ciuium
378 995 632 1060 cognoveramus
656 975 795 1042 medinm
818 997 899 1045 esse.
944 977 1051 1061 Atque
1073 978 1154 1044 haec
1177 979 1218 1046 de
1239 980 1324 1045 sensi-

235 1087 321 1154 libns
343 1085 555 1170 qualitatibus
578 1088 656 1153 sotis
679 1094 783 1154 sunto.

335 1194 401 1262 Sed
425 1195 495 1262 sine
518 1196 618 1264 dubio
630 1196 874 1263 Anaximander
887 1197 1046 1282 principio
1058 1205 1186 1282 praeter
1204 1197 1325 1264 sensiles

237 1305 408 1388 qualitates
429 1306 511 1371 tales
533 1324 661 1387 quoque
676 1305 797 1386 tribuit,
820 1325 903 1388 quae
925 1307 1054 1373 animae
1070 1308 1250 1389 mentisque
1269 1326 1325 1371 ore-

236 1413 357 1480 duntur
366 1415 517 1499 propriae
532 1434 614 1496 esse,
628 1414 671 1480 id
685 1421 745 1492 est,
758 1414 894 1482 eandem
917 1415 1132 1481 substantiam
1144 1435 1325 1500 corpoream,

236 1543 331 1606 quam
356 1523 486 1589 volebat
508 1522 701 1608 principium
724 1543 806 1600 esse,
840 1525 937 1590 simul
964 1526 1103 1590 animam
1138 1531 1325 1606 mersamque

236 1651 308 1697 osse
331 1635 462 1716 putant.
505 1631 544 1697 Id
567 1634 651 1698 enim
680 1639 713 1699 et
741 1653 759 1698 c
786 1639 856 1699 tota
877 1634 946 1700 eins
968 1634 1117 1700 doctrina
1150 1632 1326 1700 concluden-

236 1741 311 1808 dum
335 1748 436 1810 estet
458 1743 621 1809 nonnullis
642 1748 787 1810 veterum
809 1743 936 1810 indiciis
959 1744 1041 1810 satis
1064 1749 1150 1810 certe
1175 1743 1326 1828 probatur.

335 1850 478 1917 Primum
500 1851 598 1935 igitur
620 1873 638 1917 e
661 1858 729 1918 tota
752 1853 821 1920 eius
844 1851 991 1919 doctrina
1014 1854 1168 1935 sequitur.
1211 1850 1325 1918 Etenim

239 1961 330 2028 initio
361 1982 424 2027 non
456 1962 552 2028 facilc
588 1964 758 2045 quisquam
790 1961 1002 2045 dubitaverit,
1036 1963 1112 2045 quin
1148 1962 1325 2046 praecipuas

238 2073 364 2139 animae
397 2071 578 2155 qualitates,
613 2072 713 2138 veluti
751 2071 911 2138 sentiendi
953 2070 1226 2155 intellegendiquc
1258 2071 1323 2148 vim,

237 2201 411 2265 carumque
434 2203 454 2248 a
476 2182 651 2248 sensilibus
680 2201 849 2265 corporum
881 2182 1093 2263 qualitatibus
1121 2179 1322 2246 differentiam

236 2292 506 2374 animadverterit,
528 2312 598 2375 nec,
620 2294 647 2357 si
668 2291 950 2374 animadverterat,
975 2291 1062 2374 quin,
1083 2297 1118 2357 ut
1142 2289 1183 2356 de
1197 2287 1320 2355 omnium

236 2421 349 2484 rerum,
372 2401 418 2467 ito
440 2400 480 2468 de
505 2401 633 2467 animae
655 2420 783 2485 quoque
805 2407 920 2467 natura
943 2406 975 2466 et
990 2399 1114 2482 origine
1128 2396 1319 2482 quaesiverit

237 2530 275 2576 ac
298 2529 411 2577 revera
432 2530 504 2576 eum
528 2509 569 2576 dc
600 2512 707 2576 anima
736 2512 877 2576 loentum
899 2529 982 2589 esse,
1014 2506 1090 2574 inde
1122 2506 1319 2592 cognoscitur,

236 2618 322 2703 quod
344 2621 473 2687 animae
496 2625 642 2686 naturam
666 2618 844 2699 (hominum
867 2619 938 2685 sine
960 2617 1060 2684 dubio
1084 2623 1116 2684 et
1136 2612 1320 2689 animalium)

168 2781 172 2796 .
236 2729 374 2795 refertur
395 2729 540 2795 acriam
563 2728 686 2796 dixisse
698 2727 734 2812 ¹).
778 2728 889 2794 Facile
912 2734 1020 2794 autem
1043 2733 1144 2812 patet,
1173 2746 1243 2792 eum
1264 2722 1320 2790 ani·

235 2858 305 2904 mae
327 2838 508 2920 mentisque
523 2837 680 2921 originem
702 2856 766 2902 non
789 2842 934 2921 repetere
954 2836 1099 2920 potuisse
1121 2837 1186 2901 nisi
1207 2832 1320 2916 abipso

235 2947 395 3032 principio
418 2946 548 3026 infinito,
576 2949 727 3030 quoniam
749 2953 879 3031 praeter
909 2946 970 3014 hoc
993 2946 1116 3012 nullum
1139 2943 1226 3011 aliud
1245 2942 1320 3026 prin-

235 3058 361 3140 cipium,
384 3076 461 3141 ergo
491 3077 551 3123 nec
573 3062 710 3122 mentem
734 3062 861 3140 praeter
884 3055 945 3121 hoc
966 3075 1024 3140 per
1058 3073 1095 3120 se
1128 3058 1319 3130 consanam

234 3166 474 3248 agnoscebat2).
517 3165 640 3245 Quodsi
664 3172 772 3232 antem
795 3165 836 3231 ab
859 3167 931 3249 ipso
960 3163 1084 3230 infinito
1107 3164 1260 3248 principio
1280 3178 1318 3224 rc·
1408 3215 1409 3246 Ξ

235 3378 432 3387 -----

334 3494 361 3564 1)
379 3493 545 3550 Theodoret.
565 3494 613 3550 Gr.
632 3493 678 3550 aff.
699 3512 756 3550 cur.
776 3494 809 3563 V,
829 3500 850 3549 t.
870 3494 916 3563 tv,
934 3513 962 3564 p.
981 3495 1033 3548 822
1052 3493 1096 3548 ed.
1116 3493 1190 3548 flat:
1221 3486 1319 3560 „uvat-

233 3595 320 3662 μένης
347 3595 392 3645 καὶ
416 3587 641 3663 Ἀναξίμανδρος
672 3595 718 3646 καὶ
744 3632 749 3646 .
775 3633 780 3645 .
812 3632 817 3644 .
846 3586 952 3660 denudo
979 3592 1026 3657 τῆς
1053 3589 1146 3660 ψυχῆς
1173 3587 1220 3656 τὴν
1247 3578 1319 3657 φύσιν

234 3679 396 3753 εῖρὴκασιν.“

333 3784 360 3850 2)
379 3781 449 3838 Rem
468 3787 565 3854 aperte
584 3787 705 3839 testatur
723 3783 892 3839 Aristoteles
911 3783 992 3852 Phys.
1011 3783 1060 3848 Ill,
1082 3785 1108 3836 4.
1127 3781 1201 3837 2031>
1216 3785 1253 3847 10,
1279 3775 1318 3829 ubi

234 3879 268 3933 de
290 3880 493 3935 Anaximandri
522 3879 662 3951 principio
690 3879 801 3934 infinito
829 3881 945 3949 loquens
972 3879 1024 3934 sit:
1059 3874 1108 3942 „ori
1135 3874 1229 3946 ταίπης
1252 3865 1318 3945 duxi,

233 3973 291 4030 utu
309 3974 375 4044 αὕτη
393 3977 448 4032 τῶν
466 3970 557 4032 dutus
577 3978 644 4030 elom
666 3977 749 4042 dorsi,
771 3979 815 4029 καὶ
835 3980 974 4047 περιέχειν
992 3970 1101 4030 ἅπαντα
1120 3979 1166 4029 καὶ
1185 3969 1268 4029 πάντα
1284 3988 1319 4023 rur
1406 3971 1407 3992 l

233 4073 342 4141 βερνᾶν,
363 4068 398 4132 ὣς
412 4088 500 4145 φασιν
518 4069 595 4126 ὅσοι
621 4071 666 4144 μὴ
685 4073 821 4126 ποιοῦσι
841 4069 931 4143 παρὰ
952 4069 987 4125 τὸ
1011 4065 1161 4142 ἔπειρον
1178 4067 1270 4127 ἄλλας
1285 4067 1320 4118 ‘tl'

233 4175 316 4234 νίας,
336 4164 410 4223 οἷον
427 4169 509 4224 νοῦν
529 4173 574 4223 καὶ
593 4172 703 4241 φιλίαν·
720 4173 765 4223 sul
784 4167 854 4223 τοῦτ’
873 4169 941 4224 εἶναι
960 4165 991 4221 τὸ
1010 4173 1101 4223 θεῖον·
1125 4163 1262 4223 ἀθάνατον
1275 4159 1320 4233 γὰρ

233 4269 277 4319 καὶ
304 4260 471 4335 ἀνώλεθρον,
500 4263 536 4324 ὡς
559 4268 646 4338 φησὶν
672 4264 687 4320 ὁ
709 4261 959 4338 Ἀναξίμανδρος.“
995 4264 1146 4320 Praeterea
1169 4260 1321 4320 Aristoteles
1405 4255 1406 4308 l
