2860 4906
626 377 680 430 249

96 552 141 616 ab
167 551 231 617 hoo
252 571 329 618 aere
362 562 466 618 terrae
489 553 682 618 circumfuso
704 553 731 616 is
754 571 819 634 aer,
853 572 878 617 e.
898 571 962 634 quo
984 549 1113 616 conflati
1135 557 1209 615 sunt

97 661 150 725 iiii
178 661 275 726 orbes
295 662 408 744 igneos
430 661 525 728 orbes
547 662 761 743 involventes,
784 667 870 727 certe
895 660 1041 726 diversus
1063 667 1122 741 est,
1145 680 1209 725 non

97 777 222 837 natura
245 769 385 853 quidem,
407 791 519 836 verum
535 792 583 854 eo,
606 769 695 860 quod
709 777 741 837 et
763 769 805 836 ad
828 769 926 837 aliam
948 770 1060 836 mundi
1075 771 1208 835 orientis

97 887 245 946 aetatem
268 888 300 946 et
322 881 364 946 ad
386 883 485 947 alium
507 881 577 947 eius
599 883 702 947 locum
725 882 871 964 pertinet.
895 880 961 946 Sed
983 901 1053 947 cum
1078 881 1132 946 ille
1154 901 1210 946 aer

98 1012 168 1056 non
198 989 234 1054 in
261 990 341 1074 ipsis
370 1011 475 1057 rerum
502 990 669 1058 elementis
699 992 742 1056 sit
767 991 825 1057 sed
850 1011 890 1056 ex
913 991 1080 1057 elementis
1103 990 1210 1074 ipsum

99 1100 373 1167 antecedentibus
396 1103 525 1177 oriatur,
548 1122 612 1167 uon
637 1102 757 1186 poterit
781 1101 932 1184 dubitari,
955 1102 1034 1184 quin
1058 1099 1110 1166 hic
1132 1121 1209 1184 quo-

99 1229 168 1292 qne
194 1210 289 1274 simili
322 1211 446 1276 ratione
468 1216 557 1276 ortus
587 1211 636 1276 sit.
682 1209 777 1288 Quod
810 1212 838 1276 si
869 1212 917 1276 ita
938 1229 972 1277 se
995 1210 1103 1293 hahet,
1137 1229 1209 1277 erum

100 1326 233 1404 oportet
255 1325 358 1385 ortum
381 1340 452 1386 csse
487 1326 667 1387 enatura
701 1319 862 1386 humida
891 1319 1101 1386 efficiente
1133 1341 1209 1386 uon

100 1430 186 1496 sole
222 1465 263 1476 -
301 1429 327 1495 is
364 1429 449 1495 enim
482 1430 623 1497 nondum
661 1436 730 1496 erat
756 1463 794 1476 -
819 1429 889 1496 sed
925 1433 1009 1514 ipsa
1044 1429 1210 1513 sphaera

101 1540 231 1623 ignea.
551 1531 553 1534 ⁵
1091 1519 1097 1532 ⁶

205 1650 296 1716 Hace
318 1651 346 1715 si
370 1670 445 1716 vere
474 1649 637 1733 disputata
660 1656 744 1731 sunt,
771 1649 1048 1716 Anaximandrum
1073 1654 1210 1733 apparet

101 1759 186 1824 haec
210 1759 277 1824 fere
311 1757 350 1823 de
378 1757 487 1824 mundi
511 1758 636 1842 origine
666 1758 832 1825 docuisse:
868 1759 961 1843 „ipso
984 1758 1094 1824 mundi
1117 1759 1209 1824 initio

101 1888 144 1934 ex
170 1866 296 1932 infinito
325 1867 486 1952 principio
509 1874 667 1934 secretum
699 1887 771 1933 esse
794 1869 888 1951 quasi
911 1865 1073 1951 quoddam
1096 1867 1208 1932 mundi

102 1997 216 2042 semen
239 1976 326 2059 quod
349 1997 390 2044 ex
412 1978 485 2060 ipso
501 1977 662 2062 principio
685 1977 858 2044 fecundum
880 1984 967 2044 esset
989 1975 1084 2042 calidi
1106 1983 1139 2042 et
1154 1977 1208 2041 fri-

102 2085 183 2169 gidi.
207 2085 277 2150 Hoc
291 2083 403 2150 mundi
415 2105 524 2151 semen
538 2105 577 2150 cx
591 2105 663 2150 sese
680 2086 858 2150 secrevisse
870 2091 1044 2150 naturam
1057 2085 1209 2167 igneam

103 2199 163 2279 (id
186 2204 248 2264 est
270 2196 457 2275 calidam)
485 2204 526 2264 et
555 2204 735 2265 naturam
763 2197 956 2263 humidam
984 2195 1037 2270 (id
1063 2203 1124 2262 est
1146 2197 1210 2262 iri·

104 2308 261 2392 gidam),
284 2328 324 2373 ea
344 2308 478 2383 ratione,
503 2314 538 2373 ut
559 2306 641 2374 haec
660 2308 801 2374 medium
823 2309 928 2373 locum
949 2311 1129 2390 occuparet,
1152 2305 1210 2372 illa

103 2423 213 2483 autem
227 2415 349 2483 hancce
372 2417 466 2483 modo
495 2416 652 2501 sphaerae
676 2417 792 2500 igneae
825 2416 866 2482 ah
890 2417 1039 2482 omnihus
1062 2414 1208 2500 partibus

104 2527 360 2610 amplecteretur.
414 2526 584 2593 Efficientc
618 2527 678 2594 hac
704 2527 859 2611 'sphaera
890 2527 986 2612 ignea
1020 2527 1210 2590 exteriorem

104 2642 240 2702 naturae
263 2635 416 2702 humidae
438 2641 562 2718 partem
585 2642 739 2703 mutatam
762 2657 834 2702 esse
854 2639 885 2701 iu
900 2656 1038 2717 aerem,
1062 2634 1210 2717 huncque

104 2745 203 2811 iatius
227 2765 262 2810 se
284 2745 511 2812 extendentem
534 2745 686 2828 (namque
712 2745 947 2811 Anaximandri
974 2745 1133 2812 sententia
1154 2763 1209 2808 na-

105 2859 210 2917 turam
232 2851 396 2918 humidam
420 2854 452 2918 in
475 2871 582 2918 aerem
605 2847 792 2918 conversam
821 2852 917 2918 simul
945 2852 1051 2937 spatio
1077 2854 1208 2936 amplio-

105 2981 172 3026 rem
208 2962 327 3026 factam
362 2981 443 3044 esse,
475 2961 545 3045 ipse
567 2963 757 3028 Aristoteles
791 2962 968 3054 posteriore
995 2963 1066 3027 loco
1095 2968 1209 3045 aperte

106 3069 200 3148 dicit)
224 3051 437 3154 sphaeram
468 3071 624 3154 igneam
656 3069 858 3154 dirupisse
883 3069 1013 3135 ——sine
1046 3069 1144 3135 dubio
1177 3077 1209 3135 et

106 3178 149 3244 ad
175 3179 296 3245 lineam
330 3186 425 3245 etex
449 3185 632 3246 transverso
656 3215 704 3262 -,
737 3185 871 3266 partes
894 3185 1001 3245 autem
1026 3177 1208 3263 diruptas

108 3287 259 3368 (circulos
282 3287 435 3355 videlicet
444 3288 601 3371 quosdam
626 3290 738 3373 igneos
761 3289 877 3372 partim
904 3289 1070 3354 interiores
1093 3289 1209 3372 partim

107 3397 283 3463 exteriores
305 3396 483 3481 imparibus
500 3397 678 3463 intervallis
700 3400 783 3463 inter
805 3417 840 3462 se
854 3396 1022 3478 distantes,
1047 3402 1080 3461 ut
1095 3403 1209 3479 postea

108 3507 286 3574 accuratius
318 3507 508 3590 exponetur)
542 3506 683 3590 undique
710 3513 874 3589 tamquam
905 3505 1063 3593 annulis
1089 3507 1209 3587 cavis,

108 3615 220 3698 idest,
244 3623 407 3699 tamquam
431 3616 636 3682 canalibus
667 3617 750 3681 sive
771 3615 923 3682 fistulis
946 3614 1209 3681 circularibus

109 3722 394 3792 circumclusisse.“
439 3726 544 3807 Atque
575 3724 635 3790 hoc
666 3724 763 3790 modo
789 3725 995 3808 quaestiones
1018 3731 1115 3791 antea
1136 3744 1208 3808 pro·

109 3833 234 3915 positae
257 3836 381 3901 solutae
405 3840 489 3916 sunt,
511 3835 669 3916 simulque
692 3841 790 3918 patet,
814 3834 1014 3900 illohiusebii
1038 3836 1089 3900 vel
1101 3835 1208 3918 potius

110 3943 274 4011 Plutarchi
296 3945 376 4026 loco,
396 3965 416 4009 a
440 3963 503 4027 quo
527 3942 663 4027 proiecti
687 3964 806 4019 sumus,
828 3950 946 4009 terram
961 3944 1056 4027 cique
1079 3946 1209 4010 circum-

111 4053 213 4120 fusum
246 4073 354 4119 aerem
386 4053 475 4119 dicta
502 4072 574 4119 esse
596 4072 655 4136 pro
688 4059 803 4118 natura
834 4051 976 4135 humida,
1009 4059 1120 4136 utpote
1153 4073 1208 4120 eas

111 4181 169 4244 res,
197 4182 282 4246 quae
305 4182 345 4227 ex
368 4161 467 4228 hacce
490 4171 579 4228 ortae
603 4167 720 4239 essent,
742 4181 781 4229 eo
800 4162 916 4246 opinor
937 4163 1084 4241 consilio,
1107 4169 1143 4229 ut
1169 4164 1209 4228 si-

111 4271 170 4336 mui
196 4271 424 4355 explicationis
439 4274 544 4339 locum
567 4278 722 4338 tenerent.
