2882 4902
634 408 666 460 21

77 567 193 665 ἀρχῆς
231 584 263 642 et
296 579 458 643 notionem
490 586 521 644 et
549 598 661 645 vooem
692 579 815 664 primus
842 579 885 645 ad
911 575 949 644 ud
980 577 1198 663 ὑποκείμενον

79 687 268 770 rettulisse,
290 708 362 752 oum
385 689 509 772 priores
531 708 594 754 non
616 689 658 754 ad
679 683 718 752 ud
733 687 950 772 ὑποκείμενον
971 691 1029 758 sed
1050 693 1092 758 ad
1115 694 1197 760 alias

86 797 241 862 fortasse
270 817 322 864 res
349 799 562 879 rettulissent;
598 807 695 883 atque
725 799 801 866 inde
824 800 978 883 sequitur,
1010 809 1045 868 ut
1074 822 1113 868 ea
1135 804 1198 869 looi

81 907 331 991 interpretatio,
355 907 396 974 de
417 929 482 991 qua
504 929 588 975 nune
609 909 761 988 diximus,
786 930 858 975 oum
877 910 936 976 illa
953 909 1055 977 altera
1074 933 1108 978 re
1131 933 1198 978 om-

80 1016 172 1082 nino
195 1018 387 1083 consentiat.
744 1099 747 1104 Δ

197 1127 266 1192 Iam
283 1127 392 1212 igitur,
413 1134 457 1205 ut,
477 1147 560 1210 quae
577 1127 824 1211 disputavimus,
846 1128 986 1194 breviter
1005 1132 1197 1216 eompleeta·

80 1258 177 1320 mur,
207 1236 297 1302 nullo
331 1244 473 1302 veterum
501 1237 684 1303 testimonio
720 1238 882 1322 probatur,
921 1238 1195 1308 Anaximandrum

81 1347 234 1432 primum
256 1346 300 1413 ad
323 1346 569 1430 significandum
591 1367 697 1413 rerum
720 1347 916 1432 prineipium
934 1367 1045 1414 voeem
1065 1342 1197 1436 ιἀρχὴν>

81 1456 274 1522 induxisse.
318 1455 450 1522 Constat
485 1476 559 1522 vero
592 1457 802 1542 eSimplioio
831 1460 883 1525 vel
911 1459 1018 1543 potius
1052 1460 1196 1528 eTheo-

82 1566 244 1648 phrasto,
279 1586 351 1632 eum
387 1567 525 1651 primum
563 1587 720 1632 summum
759 1587 865 1634 rerum
898 1568 1092 1654 prinoipium
1125 1571 1194 1634 aori

82 1667 264 1756 ἀπείρου
287 1676 424 1758 nomine,
447 1683 488 1752 et,
511 1675 539 1742 si
563 1684 672 1743 nostra
686 1677 820 1744 secundi
836 1677 998 1763 Simplicii
1018 1678 1082 1745 looi
1099 1680 1197 1746 inter·

83 1785 233 1868 pretatis
255 1805 333 1850 vera
355 1792 412 1868 est,
443 1793 502 1850 τοῦ
525 1779 744 1867 ὑποκειμένου
773 1786 870 1852 etiam
900 1787 1029 1854 nomine
1051 1789 1195 1874 appelia-

83 1894 196 1978 visse,
218 1894 300 1975 sive,
325 1903 359 1960 ut
382 1895 466 1961 idem
488 1895 563 1961 aliis
585 1896 693 1962 uerbis
720 1896 880 1975 dieamus,
906 1897 1193 1965 Anaximandrum

84 2003 235 2086 primum
256 2004 414 2086 docuisse,
452 2026 609 2072 summum
635 2025 741 2071 rerum
763 2006 958 2090 prinoipium
987 2006 1085 2074 idem
1108 2028 1195 2075 esse

85 2120 209 2196 atque
232 2108 274 2177 ud
298 2102 468 2197 ἔπειρον
504 2123 536 2181 et
565 2115 670 2182 idem
700 2121 813 2198 atque
845 2109 888 2179 ud
915 2109 1194 2198 ὑποκείμενον.

86 2222 182 2301 Quid
203 2243 244 2289 ex
267 2223 356 2290 hisee
378 2224 418 2290 de
438 2225 589 2291 universa
607 2223 843 2290 Anaximandri
876 2225 1000 2291 ratione
1033 2234 1196 2309 sequatur,

87 2333 236 2415 itemque
248 2353 330 2415 quae
343 2333 411 2399 eius
427 2335 486 2396 roi
497 2328 715 2415 ὑποκειμένου
732 2334 821 2398 notio
834 2333 886 2417 sit,
909 2340 1022 2417 postea
1031 2335 1196 2421 expliean·

88 2440 171 2507 dum
193 2441 263 2506 erit.
307 2441 346 2508 Id
370 2449 477 2509 autem
501 2443 567 2508 iam
589 2441 649 2509 hoo
672 2443 742 2509 loeo
765 2442 873 2509 dioere
899 2463 1068 2529 possumus
1091 2465 1131 2510 ex
1154 2444 1196 2511 iis

87 2557 215 2631 patere,
230 2552 516 2632 Anaximandrum,
541 2554 582 2618 ab
597 2551 749 2636 opinione
769 2552 885 2619 summi
904 2552 1071 2619 cuiusdam
1088 2575 1194 2620 rerum

88 2661 247 2747 prineipii
265 2661 441 2746 profestum
459 2661 499 2728 de
521 2661 680 2745 huiusque
705 2661 738 2727 vi
761 2682 800 2728 ao
829 2661 959 2727 notione
987 2670 1192 2745 quaerentem

88 2771 233 2856 primum
270 2770 467 2855 cognovisse,
494 2791 651 2842 summum
673 2791 778 2835 rerum
811 2771 1005 2854 prineipium
1033 2791 1194 2838 essenon

88 2900 190 2964 posse
210 2880 275 2946 nisi
289 2879 333 2962 id,
356 2880 442 2964 quod
457 2887 542 2946 esset
557 2879 729 2955 infinitum,
754 2879 858 2963 ipsum
877 2886 983 2945 auteur
1003 2886 1103 2946 totum
1121 2900 1193 2947 eon-

90 2991 209 3055 sistere
232 2988 267 3054 in
298 2997 413 3054 natura
434 2989 528 3054 rebus
549 2989 740 3068 subiecta¹);
766 2989 903 3072 primum
927 2988 1024 3073 igitur
1046 2988 1194 3058 docuisse

90 3098 194 3182 (dnae
208 3099 294 3164 enim
311 3098 388 3164 illae
399 3097 579 3164 sententiae
596 3096 839 3181 coniungendae
854 3100 951 3177 sunt),
974 3117 1130 3164 summum
1146 3120 1193 3166 re·

90 3229 164 3274 rum
186 3208 380 3293 principium
403 3209 578 3274 consistere
597 3208 631 3273 in
651 3215 767 3273 natura
783 3208 864 3292 ipsis
880 3208 1025 3275 subieeta
1039 3208 1193 3294 hancque,

91 3325 128 3384 ut
151 3339 185 3384 re
196 3337 274 3383 vera
287 3325 397 3402 posset
408 3317 602 3403 principium
618 3337 697 3393 asse,
715 3316 874 3383 infinitam
896 3336 966 3384 esse
985 3322 1140 3404 oportere,
1156 3355 1194 3394 ,-

91 3429 164 3495 sive
179 3447 283 3494 rerum
300 3427 495 3513 principium
515 3447 585 3493 esse
606 3422 650 3490 ud
670 3425 938 3508 ὑποκείμενον
959 3415 1171 3510 ἅπειρονῖ).

194 3539 283 3604 Haeo
315 3546 485 3623 postquam
517 3558 558 3603 ex
589 3539 668 3604 solis
700 3544 843 3604 veterum
874 3537 1066 3604 testimoniis
1094 3537 1194 3616 eolle-

91 3650 215 3733 gimus,
251 3647 316 3713 iam
347 3669 388 3713 ex
420 3667 479 3714 usu
515 3647 643 3714 uidetur
675 3666 761 3730 esse,
795 3648 892 3712 etiam
925 3647 1008 3712 alias
1038 3646 1194 3730 quasdam

196 3826 224 3896 1)
242 3825 282 3880 Re
300 3829 376 3900 eerte
395 3824 500 3880 Thales
513 3825 597 3880 etiam
617 3841 709 3880 rerum
724 3825 893 3894 principium
912 3823 984 3878 idem
1004 3839 1062 3877 esse
1083 3825 1194 3892 putavit

91 3931 178 3994 atque
202 3927 329 3978 naturam
349 3923 415 3993 ipsis
435 3924 597 3986 subiectam,
617 3941 667 3977 nee
686 3926 780 3977 tamen
799 3923 849 3990 ita,
866 3927 899 3977 ut
917 3923 973 3976 iam
992 3921 1094 3975 elerum
1113 3918 1195 3973 huius

92 4024 211 4076 naturae
223 4019 365 4075 notionem
379 4019 504 4088 haberet,
518 4019 653 4089 siquidem
662 4019 871 4073 Anaximander
884 4021 961 4073 reete
974 4017 1080 4087 primus
1093 4015 1196 4070 dieitur

92 4134 187 4173 rerum
205 4114 373 4186 prineipiunr
393 4115 575 4185 appellavisse
592 4112 623 4169 τὸ
644 4112 836 4186 ὑποκείμενον.

194 4215 223 4284 2)
243 4211 408 4283 Simplioius‚
431 4211 514 4283 Phys.
534 4213 567 4266 32
586 4211 605 4266 b
623 4216 696 4282 part.
715 4228 776 4282 sup.
796 4209 999 4266 Anaximandri
1025 4207 1195 4280 principium

92 4310 221 4366 nominat
241 4307 291 4379 „ud
311 4307 543 4376 ὑποκείμενον
562 4302 730 4379 ἅπειρον“.
