2862 4910
624 388 677 448 849

92 572 217 632 terrae
241 566 375 652 liguram
399 567 508 634 dicere
524 566 737 650 planamti)
761 574 797 632 et
812 567 1027 649 rotundam,
1048 568 1213 648 similem

93 677 324 742 columnae
342 675 524 760 lapideae
548 674 643 757 (κίονι
663 674 752 760 λίθῳ
764 671 1018 763 παραπλήσιον),
1040 679 1129 742 ouius
1145 680 1212 763 pla·

93 784 261 848 nitierum
283 785 386 850 altera
418 785 574 850 anobis
598 786 810 867 incolatur,
832 787 961 852 altera
982 785 1075 852 huic
1098 806 1212 871 oppo-

95 893 187 957 sita
207 895 300 974 sit¹).
344 894 541 960 Placitorum
573 899 680 960 autem
704 895 878 977 scriptores
914 897 1051 978 priorem
1083 895 1214 978 quidem

93 1001 206 1068 buius
230 1002 448 1086 discriptionis
471 1009 606 1086 partem,
630 1001 699 1067 sive
721 1021 779 1086 per
805 1004 1042 1086 neglegentiam
1065 1006 1132 1068 sive
1155 1025 1214 1088 per

94 1109 324 1188 inscientiam,
357 1113 517 1194 omittunt,
541 1114 750 1194 posteriorem
778 1117 887 1178 autern
913 1111 1030 1178 iisdem
1053 1113 1119 1178 iere
1141 1133 1212 1180 ver-

96 1221 158 1285 bis
181 1220 338 1304 referunt,
355 1222 508 1303 dicentes,
524 1227 642 1286 terram
655 1222 889 1288 Anaximandri
902 1225 1061 1288 sententia
1074 1222 1211 1288 similem

96 1489 233 1557 videtur,
252 1489 325 1544 hanc
343 1489 558 1544 Teichmuelleri
579 1491 739 1560 opinionem
757 1490 904 1559 etreliqua
923 1489 1027 1544 eiusde
1044 1494 1121 1544 terra
1138 1507 1211 1544 com-

98 1592 206 1640 menta
226 1587 391 1657 singillatim
411 1587 548 1642 refellere.

198 1687 240 1754 .1)
260 1683 369 1753 llippol.
392 1685 499 1739 Reiutt.
518 1685 539 1753 I,
559 1687 588 1739 6:
609 1683 656 1755 „rt
677 1686 708 1738 di
728 1686 825 1756 σχῆμα
843 1681 924 1750 αὐτῆς
942 1684 1069 1754 (erispoio)
1090 1682 1212 1754 ὑγρὸν*

100 1776 332 1850 στρογγύλον,
351 1788 439 1836 κίονι
460 1785 555 1850 λίθῳ
575 1777 832 1851 παραπλήσιον·
851 1783 906 1836 τῶν
921 1781 953 1835 δὲ
966 1782 1109 1836 ἐπιπέδων
1127 1768 1214 1852 ᾧμὲν

100 1872 327 1949 ἔπεβεβήκαμεν,
345 1875 360 1931 ὃ
381 1879 412 1932 di
432 1875 576 1933 ἀντίθετον
594 1874 737 1950 ὕπαρχοί(
775 1877 855 1946 Quod
874 1877 910 1932 ad
929 1878 1013 1932 verba
1031 1874 1076 1932 ‘td
1096 1878 1127 1930 di
1147 1879 1213 1949 σχῇ·

98 1997 145 2046 μα
158 1972 243 2042 αὐτῆς
260 1973 369 2045 ὑγρὸν,
389 1970 569 2046 στρογγύλον
591 1976 700 2036 attinet,
714 1979 798 2030 antes
811 1976 850 2045 (p.
860 1977 921 2044 324,
935 1975 963 2045 2)
976 1975 1033 2029 iarn
1044 1976 1212 2044 monuimus,

100 2070 195 2141 ὑγρὸν
219 2074 248 2126 in
273 2073 339 2127 edit.
360 2073 485 2144 Gotting.
505 2073 640 2128 suadente
658 2073 786 2142 Roepero
813 2076 951 2126 mutatum
981 2090 1039 2126 esse
1067 2073 1097 2124 in
1115 2067 1209 2142 γορόν.

101 2170 193 2223 simul
212 2173 305 2223 autem
324 2170 483 2224 addidimus
502 2187 636 2237 caussam,
657 2187 706 2224 cur
725 2168 793 2224 haee
811 2169 931 2223 mutatio
950 2169 1094 2223 videretur
1107 2169 1209 2238 impro-

101 2267 214 2320 babilis
232 2283 299 2320 esse·
338 2265 392 2320 Sed
421 2284 456 2320 ne
483 2264 567 2335 ὑγρὸν
595 2265 718 2334 quidem,
735 2269 828 2334 potest
846 2282 944 2318 verum
963 2282 1030 2333 esse,
1060 2269 1210 2333 propterea

102 2363 239 2419 maxime.
264 2362 343 2432 quod'
368 2362 499 2416 continuo
518 2367 583 2430 post
602 2358 631 2414 τὸ
653 2361 748 2432 σχῆμα
767 2361 857 2414 simile
876 2361 980 2416 dicitur
1004 2359 1095 2416 ‘alors
1116 2364 1208 2432 λίθῳ’.

103 2457 262 2524 Quaeritur
279 2459 375 2530 igitur,
406 2458 473 2526 quid
501 2458 537 2512 ab
562 2459 622 2526 ipso
642 2457 794 2527 Hippolyto
821 2457 951 2512 videatur
979 2459 1114 2528 seriptum
1143 2477 1209 2514 esse.

102 2554 275 2610 Proficiseor
293 2556 366 2623 inde,
396 2555 472 2623 quod
491 2554 565 2624 apud
584 2555 768 2624 Hippolytum
797 2555 826 2608 in
853 2555 906 2608 hac
933 2555 999 2608 libri
1018 2560 1099 2624 parte
1118 2556 1207 2609 multa

104 2651 207 2706 insunt
225 2652 328 2706 iudicia
352 2656 499 2707 accuratae
525 2652 703 2722 cognitionis,
732 2669 803 2719 quae
821 2650 934 2704 fluxisse
958 2651 1071 2732 videtur
1089 2669 1103 2706 e
1122 2651 1210 2706 Theo·

104 2752 235 2820 phrasto.
273 2752 313 2806 ef.
338 2771 422 2822 supra
444 2771 472 2822 p.
494 2755 535 2806 12.
574 2751 665 2819 Quare
694 2769 756 2806 cum
776 2752 943 2806 Plutarchus
970 2757 1076 2806 terram
1106 2753 1211 2808 referat

104 2847 201 2918 figura
221 2866 279 2902 esse
298 2849 419 2916 cylindri
442 2846 528 2918 plani,
558 2867 621 2903 oum
648 2849 737 2918 igitur
761 2854 821 2902 eam
841 2848 917 2902 dicat
936 2848 1071 2916 planam
1101 2853 1134 2902 et
1162 2867 1210 2904 ro·

104 2949 143 2998 tu
152 2945 253 2998 udam
272 2962 329 2998 esse
339 2950 482 3012 tamquam
492 2947 584 2996 rotam
596 2943 722 3011 solidam,
733 2941 879 3012 probabile
892 2941 1013 3010 videtur,
1026 2941 1211 3011 Hippolytum

106 3059 222 3110 quoque
241 3041 445 3096 Anaximandri
470 3044 575 3093 terram
594 3039 693 3094 iisdem
716 3039 823 3100 duabus
846 3038 921 3092 notis
944 3037 1104 3092 definivisse
1124 3057 1211 3107 aeque

105 3138 293 3192 necessariis
318 3141 411 3207 Atque
436 3137 551 3191 rotundi
574 3136 688 3204 quidem
710 3137 789 3189 notio
813 3139 909 3204 aperte
930 3135 1067 3189 vocabulo
1089 3133 1211 3204 ‘arpay-

106 3229 203 3302 γύλον
226 3235 401 3301 continetur3
422 3251 509 3303 quare
527 3249 579 3301 pro
598 3227 708 3302 ‘lypis‘
733 3232 847 3286 videtur
868 3232 1001 3300 scriptum
1023 3231 1108 3285 fuisse
1127 3248 1209 3285 voca-

106 3330 218 3398 bulum,
248 3348 303 3399 quo
322 3332 401 3384 notio
424 3330 501 3399 plani
521 3329 706 3383 contineatur.
744 3326 896 3394 Quaerenti
921 3331 1015 3381 autem
1033 3327 1210 3396 vocabulum,

108 3428 186 3496 quod
205 3427 277 3482 hanc
295 3427 528 3498 significationem
547 3425 649 3481 habeat
668 3443 719 3479 nec
737 3425 819 3478 nimis
838 3424 941 3478 litteris
960 3425 995 3478 ab
1015 3421 1130 3494 ‘lypis'
1155 3424 1209 3478 dif-

108 3524 193 3586 ferat,
213 3543 288 3578 nune
306 3543 362 3578 non
381 3525 458 3578 aliud
476 3523 614 3578 succurrit
634 3523 688 3576 uisi
706 3517 848 3576 ‘durrov’.-
873 3521 941 3575 Cum
959 3521 1033 3576 euim
1052 3517 1149 3575 durior
1167 3522 1208 3575 di·

108 3626 192 3675 catur
211 3622 245 3677 de
264 3627 340 3676 terra
358 3622 442 3691 plana
468 3640 500 3676 ac
519 3621 636 3690 patenti,
664 3637 734 3688 quae
762 3619 914 3688 opponitur
936 3623 1029 3672 terrae
1046 3619 1210 3672 montuosae

108 3715 322 3785 (Suidas'iinuu
347 3720 430 3772 πέὸια
449 3719 570 3787 explieat
590 3713 622 3770 τὰ
641 3711 744 3787 dauid,
772 3715 931 3770 Herodotus
951 3715 1021 3782 11‚7
1050 3715 1208 3784 Aegyptum

108 3815 233 3869 mediam
251 3815 376 3884 appellat
394 3813 499 3881 ὑπτίην,
527 3813 694 3868 Plutarchus
719 3813 830 3882 Apoph.
860 3830 918 3882 reg.
938 3829 961 3865 c.
983 3813 1015 3864 ls
1039 3811 1209 3864 Boeotorum

110 3917 219 3966 terram
237 3910 337 3966 ὑπτίαν
355 3915 400 3964 καὶ
419 3908 661 3981 ἀναπεπταμένην,
680 3909 781 3963 Pollux
801 3908 851 3963 On.
871 3909 941 3962 X82
961 3913 1079 3966 πίνακας
1098 3902 1209 3960 ἐκπετά-

108 4011 172 4067 tour
189 4009 294 4077 partim
313 4011 478 4078 κυκλοτερεῖς
500 4008 604 4076 partim
627 4004 721 4065 ὑπίους
742 4023 800 4060 esse
819 4005 908 4071 dicit),
931 4005 998 4058 satis
1019 4004 1132 4058 videtur
1150 4004 1210 4058 ido·

109 4123 195 4159 neum
217 4123 275 4160 esse
303 4105 338 4159 ad
363 4104 575 4175 significandam
601 4121 661 4156 earu
687 4103 834 4169 rationem,
863 4118 946 4168 quam
964 4101 1085 4154 diximus
1103 4100 1208 4169 Hippo·

112 4202 165 4272 lyti
184 4202 244 4257 loco
270 4200 481 4272 significandam
500 4218 566 4255 esse.
604 4199 633 4253 Si
659 4199 721 4267 quis
748 4197 915 4252 vocabulum
939 4197 1079 4252 invenerit
1106 4196 1209 4265 aptius,

112 4300 196 4356 faoile
214 4299 358 4369 recipima.
395 4298 437 4354 De
456 4298 548 4384 verbis
568 4297 654 4350 ‘aton
672 4296 754 4364 λίθῳ’
772 4299 871 4365 postea
888 4294 1006 4354 dicetur.
