2882 4902
800 381 835 436 48

267 559 358 618 νοῦν.
381 547 411 618 εί
434 550 470 616 δέ
497 573 547 628 τις
567 546 627 640 τὴν
647 551 735 635 μίξιν
757 553 823 614 cuir
845 547 978 616 πάντων
1000 545 1164 632 ὑπολάβοι
1184 551 1267 633 μίαν
1289 541 1363 615 εἶναι

267 655 383 748 φύσιν
415 651 607 742 ἀόριστον
641 659 704 724 καί
726 662 806 724 κατ’
835 651 945 738 εἶδος
969 660 1036 725 καί
1061 656 1156 724 κατὰ
1183 659 1365 744 μέγεθος,

197 852 201 861 Ι
266 769 436 854 συμβαίνοι
460 764 522 834 δύο
547 765 606 847 τὰς
627 760 728 852 ἀρχὰς
750 761 851 834 odorio
873 769 984 853 λέγειν,
1012 765 1081 858 τὴν
1105 772 1173 835 τοῦ
1198 767 1364 850 ἀπείρου

268 874 462 967 φύσινκαὶ
485 876 543 944 τὸν
565 882 653 957 νοῦν,
679 874 763 945 ὥστε
785 878 933 966 φαίνεται
950 876 1138 967 [φαίνεσθαι
1146 875 1174 966 l]
1195 875 1238 942 τὰ
1262 901 1364 960 oropo·

266 984 339 1054 τινὰ
359 994 505 1069 στοιχεῖα
527 988 766 1075 παραπλησίως
787 989 895 1053 ποιῶν
914 979 1188 1074 Ἀναξιμάνδρῳ.“

366 1100 450 1164 Num
473 1098 572 1183 igitur
593 1098 655 1164 hoc
676 1099 748 1164 loco
770 1098 1010 1164 Anaximander
1024 1097 1182 1165 inlinitum
1200 1098 1363 1164 existima·

266 1209 354 1276 risse
382 1207 501 1273 dicitur
522 1208 712 1274 mixtionem
735 1229 753 1274 e
774 1208 909 1274 diversis
932 1229 1037 1274 rerum
1054 1207 1219 1274 elementis
1241 1226 1365 1291 compo

268 1319 373 1396 sitam,
390 1323 487 1400 atque
497 1318 539 1383 ab
555 1318 627 1403 ipso
640 1317 769 1401 quidem
786 1318 1011 1402 Theophrasto
1025 1317 1165 1385 dicitnr?
1186 1316 1364 1401 Responsio

268 1427 344 1494 inde
364 1425 494 1511 pendet,
517 1427 551 1491 in
573 1427 681 1493 verbis
704 1424 850 1507 „ccciccc
869 1420 928 1511 γάρ
959 1449 1059 1511 φησιν
1081 1425 1168 1492 arist
1190 1444 1364 1510 pronomen

265 1525 424 1611 ‘lusione'
448 1543 552 1601 utrum
575 1536 617 1601 ad
639 1537 854 1619 Anaxagorae
875 1557 916 1602 an
939 1536 982 1602 ad
997 1535 1228 1602 Anaximandri
1252 1554 1363 1602 nomen

267 1645 468 1712 referendum
490 1642 541 1708 sit.
562 1643 666 1724 Atque
693 1643 860 1710 mixtionis
883 1643 1014 1726 quidem
1034 1641 1162 1727 patroni
1182 1639 1224 1706 ad
1246 1639 1362 1706 Anaxi·

268 1754 395 1820 mandri
417 1773 532 1819 nomen
547 1752 743 1818 contendunt
757 1754 929 1837 pertinere,
952 1754 1064 1839 utpote
1079 1750 1165 1835 qnod
1177 1751 1210 1817 in
1221 1767 1363 1816 sermone

268 1866 311 1931 sit
334 1864 531 1938 remotius1).
574 1863 617 1928 At
638 1847 776 1947 primum
800 1861 931 1946 ἐκεῖνος,
957 1864 985 1928 si
1007 1862 1070 1928 dno
1091 1860 1291 1945 praecedunt
1312 1878 1363 1923 no-

268 1975 370 2052 mina,
398 1973 546 2055 adquae
572 1973 685 2038 referri
713 1974 832 2057 possit,
856 1993 1013 2058 persaepe
1045 1973 1142 2038 ctiam
1164 1971 1301 2037 refertur
1326 1967 1362 2032 ad

161 2113 167 2132 ·
268 2085 311 2168 id,
335 2084 420 2166 quod
442 2085 587 2167 proxime
608 2083 780 2161 antecedit,
804 2090 900 2166 atque
921 2082 981 2149 hoc
996 2089 1063 2148 tum
1079 2081 1124 2159 fir,
1147 2081 1177 2148 si
1192 2080 1226 2146 id
1240 2098 1362 2159 nomen,

269 2189 356 2272 quod
366 2191 438 2255 loco
453 2196 502 2256 est
513 2189 735 2274 propinquius,
752 2190 948 2274 cogitatione
963 2190 1116 2256 remotius
1130 2197 1180 2256 est
1189 2192 1223 2271 ⁸).
1248 2190 1362 2256 Nostro
1427 2189 1428 2236 l

269 2307 375 2366 autem
398 2301 468 2365 loco
491 2299 595 2382 primo
616 2299 728 2365 obtutu
756 2306 904 2383 apparet,
932 2300 1128 2384 cogitatione
1151 2299 1360 2383 Anaxagorae
1427 2381 1428 2384 Ἴ

268 2408 432 2475 notionem
470 2409 686 2487 remotiorem,
720 2410 954 2476 Anaximandri
985 2410 1248 2495 propinquiorem
1281 2424 1361 2484 esse;

269 2538 407 2600 namque
422 2525 490 2584 tum
503 2519 641 2603 demum,
657 2527 833 2613 postquam
846 2521 1035 2604 Simplicius
1051 2520 1174 2586 diutius
1188 2519 1228 2585 de
1239 2522 1360 2584 Anaxa·

267 2649 347 2712 gora
368 2628 523 2712 cogitavit
549 2636 581 2694 et
612 2629 708 2709 dixit,
735 2631 834 2696 menti
857 2631 927 2697 eius
955 2631 1093 2697 occurrit
1116 2626 1360 2707 Anaximander,

269 2758 341 2803 cum
363 2757 426 2820 quo
449 2737 505 2803 ille
526 2739 629 2820 possit
650 2739 838 2824 comparari.
880 2739 1086 2806 Manifestum
1109 2739 1208 2823 igitur
1229 2745 1286 2822 est,
1307 2754 1360 2820 per

267 2848 376 2931 graeci
398 2849 555 2915 sermonis
577 2869 670 2916 usum
695 2858 781 2918 certe
803 2869 886 2915 non
908 2850 1032 2916 minus
1061 2850 1168 2928 licere,
1190 2865 1358 2934 pronomen

267 2954 390 3034 ἐκεῖνος
411 2957 454 3022 ad
476 2956 703 3041 Anaxagoram
737 2977 832 3039 quarn
860 2956 903 3022 ad
932 2957 1209 3023 Anaximandrum
1231 2956 1359 3032 referre3

267 3087 377 3151 quare,
410 3068 453 3133 ad
485 3074 589 3133 utrum
617 3067 661 3132 sit
690 3066 907 3148 referendum,
945 3087 986 3132 ex
1015 3067 1167 3133 universa
1199 3067 1262 3134 loci
1293 3083 1358 3132 sen·

266 3176 381 3245 tentia¹
400 3182 523 3242 tantum
555 3176 705 3259 cognosci
741 3177 867 3260 poterit.
917 3176 968 3240 Ex
997 3177 1058 3242 hac
1092 3183 1201 3243 autem
1237 3175 1359 3244 omnino
1404 3253 1408 3258 Ι

268 3287 361 3368 sequi
393 3286 530 3363 ridetur,
564 3293 599 3351 nt
620 3286 733 3352 referri
754 3305 818 3351 non
851 3286 954 3370 possit
980 3286 1045 3352 nisi
1066 3285 1108 3351 ad
1131 3289 1359 3372 Anaxagoram.

266 3397 412 3480 Namque
435 3397 574 3481 primum
596 3397 713 3474 omnia,
747 3417 830 3478 quae
851 3396 927 3462 inde
954 3415 975 3460 a
999 3395 1106 3462 verbis
1140 3393 1284 3472 ,ἐκεῖνος
1303 3386 1357 3476 γάρ

266 3510 387 3592 φησινίί
416 3525 518 3588 usque
548 3505 590 3571 ad
619 3501 855 3588 ,,ὐπαρχόντων
884 3498 1049 3588 πρότερον
1059 3507 1076 3540 “
1114 3506 1170 3570 ille
1203 3498 1357 3582 ,,ἐκεῖνος“

266 3613 414 3680 docuisse
436 3614 561 3695 dicitur,
584 3616 631 3680 ita
652 3617 733 3700 ipsis
755 3616 862 3681 verbis
884 3622 1063 3699 congruunt
1084 3635 1156 3681 cum
1178 3615 1254 3696 illis,
1280 3629 1354 3696 quae

268 3722 378 3807 paullo
401 3730 475 3789 ante
503 3723 573 3810 ipse
603 3724 789 3810 Simplicius
819 3724 860 3790 de
886 3728 1099 3809 Anaxagorae
1129 3724 1276 3792 doctrina
1307 3741 1357 3788 ex·

367 3898 395 3969 l)
413 3900 483 3956 Vide
501 3900 594 3956 Ritter
612 3901 631 3955 l.
649 3901 669 3956 l.
687 3919 714 3970 p.
735 3902 787 3956 283
806 3901 871 3955 Not.
893 3903 917 3955 3.
937 3899 1121 3956 Teichmhllor
1140 3901 1157 3953 l.
1177 3901 1195 3955 l.
1217 3918 1244 3970 p.
1262 3898 1321 3954 59*.

366 3997 393 4064 2)
413 3996 469 4052 Res
489 3999 556 4051 salit
576 4002 643 4053 nota
662 4002 712 4051 est.
750 3996 790 4052 of.
809 3997 961 4052 Stallbaum
980 3997 1016 4051 ad
1034 3997 1104 4051 Plal.
1123 3995 1241 4051 Phaedr.
1259 3997 1311 4050 232
1327 3993 1354 4055 D,

268 4093 316 4161 qui
342 4093 424 4162 plura
443 4092 525 4147 huius
543 4111 608 4147 otus
630 4093 755 4162 exempla
773 4094 922 4164 congessit,
945 4095 975 4147 et
991 4092 1127 4148 Matthiae
1145 4093 1192 4148 Gr.
1214 4093 1261 4147 Gr.
1279 4089 1355 4159 ampl·

265 4189 289 4260 ξ.
307 4190 369 4254 471,
392 4192 432 4244 10.
472 4189 511 4276 Ol.
540 4189 624 4244 etiam
653 4189 754 4259 Zeller,
782 4189 958 4260 Philosophia
982 4189 1032 4244 der
1056 4189 1193 4244 Griochcn
1212 4193 1265 4244 etc.
1295 4189 1316 4256 l,
1333 4202 1354 4253 p.

266 4287 359 4356 195,5
379 4287 421 4342 ed.
442 4289 467 4340 3.
