2850 4904
625 390 675 446 195

89 570 198 647 parte,
232 559 334 628 seda
371 562 493 627 forma
525 563 610 628 eius
645 568 782 641 motus,
816 585 878 646 quo
910 583 951 630 ex
983 565 1039 632 illo
1072 587 1206 651 corpore

89 691 203 736 rerum
230 669 468 736 multitudinem
503 671 654 754 generari
678 679 829 740 statuant.
873 673 930 738 Ait
952 676 1061 758 igitur:
1094 697 1205 743 omnes

88 779 122 846 hi
146 779 277 864 physici
310 799 349 844 eo
371 780 586 864 consentiunt,
618 781 705 862 quod
741 801 847 848 rerum
874 783 1071 870 principium
1105 806 1202 852 unum

88 900 191 972 atque
214 888 344 972 quidem
366 925 408 936 -
428 889 489 956 hoo
511 891 597 956 enim
620 909 638 956 e
662 892 767 974 prima
782 891 1010 976 disputationis
1032 900 1124 979 parte
1145 895 1201 961 ad-

88 998 234 1064 dendum
259 1007 308 1065 est
330 1033 364 1044 -—
391 1019 488 1064 unum
521 1020 637 1084 corpus
660 1000 809 1067 omnibus
836 1002 1015 1068 subiectum
1043 1022 1116 1068 esse
1138 1009 1202 1070 sta-

88 1114 196 1188 tuunt,
219 1109 406 1175 bifariam
427 1114 555 1174 autem
580 1108 812 1175 dividuntur
833 1110 1017 1194 aduplioi
1036 1113 1202 1190 rationo,

88 1239 168 1301 qua
202 1238 249 1284 ex
282 1238 357 1283 uno
380 1218 580 1303 principio
615 1238 743 1284 rerum
776 1219 1068 1286 multitudinem
1090 1241 1202 1304 geno·
1282 1227 1285 1240 '

89 1325 222 1409 rant1).
267 1326 392 1394 Deinde
425 1327 615 1411 singillatim
638 1331 762 1411 quaerit
789 1329 831 1394 de
854 1328 907 1407 iis,
938 1329 994 1412 qui
1017 1331 1058 1396 ab
1083 1331 1202 1397 Aristo-

88 1437 155 1502 tele
179 1436 331 1502 dicantur
363 1444 415 1502 ‘res
441 1435 693 1503 condensatione
729 1444 761 1503 et
792 1437 1010 1504 rarefactione
1036 1459 1202 1523 generare..

90 1546 128 1611 ln
154 1545 246 1611 hisce
279 1553 385 1613 autem
409 1546 642 1630 ¹significandis
665 1568 774 1613 rursus
807 1547 927 1614 talibus
960 1549 1060 1614 utitur
1083 1549 1202 1630 verbis,

88 1661 124 1720 ut
147 1654 231 1721 haec
253 1655 325 1739 pari
347 1657 416 1722 fere
439 1656 509 1721 iure
532 1655 706 1739 dupliciter
730 1657 875 1740 intellegi
898 1657 1035 1741 possint.
1056 1659 1200 1724 Primum

90 1765 189 1848 enim,
213 1766 240 1829 si
262 1783 320 1848 per
342 1783 377 1831 se
399 1765 470 1830 sola
490 1770 686 1849 spectantur,
714 1766 871 1831 facillime
893 1769 938 1832 ita
962 1768 1200 1850 intelleguntur,

90 1883 127 1940 ut
149 1873 338 1958 Simplicius
363 1873 446 1940 hane
466 1875 682 1958 generationis
704 1875 841 1942 formam
864 1882 979 1960 putare
993 1876 1144 1942 videatur
1159 1877 1200 1942 ab

91 1983 280 2065 Aristotele,
303 1983 361 2048 ilia
372 1982 593 2068 propositione
618 1977 668 2047 ‘oi
689 1981 829 2067 μὲνγὰρ
852 1979 888 2048 (ἓν
910 1985 1109 2071 ποιήσαντες
1131 2038 1138 2052 .
1162 2035 1169 2050 .
1193 2037 1200 2050 .

90 2083 202 2179 ἢτῶν
232 2089 333 2174 τριῶν
364 2084 439 2178 ari)
469 2081 549 2156 litto
577 2127 612 2137 -
638 2077 738 2156 τᾶλλα
769 2099 905 2176 γεννῶσι
936 2093 1112 2179 πυκνότητι
1147 2094 1202 2158 καὶ

90 2192 276 2285 μανότητί,
304 2203 514 2268 communiter
546 2201 727 2286 praedicari
753 2209 785 2268 et
807 2202 847 2268 de
875 2203 925 2286 iis,
959 2204 1015 2287 quui
1039 2225 1136 2270 unum
1160 2226 1201 2270 ex

92 2311 274 2390 elementis,
297 2318 329 2378 et
351 2311 391 2378 de
413 2311 466 2392 iis,
489 2313 545 2395 qui
566 2319 714 2378 naturam
729 2311 891 2395 quandam
914 2314 1052 2379 mediam
1065 2320 1197 2398 ponant.

93 2424 220 2502 Quodsi
242 2431 349 2490 autem
381 2426 550 2491 verborum
572 2425 829 2490 coniunctionem
852 2444 923 2490 oum
947 2423 1093 2490 oratione
1111 2431 1198 2489 ante-

92 2553 209 2616 gressa
230 2533 482 2616 consideramus,
516 2535 588 2618 pari
614 2535 665 2599 vel
694 2534 792 2599 etiam
822 2533 954 2598 meliore
984 2535 1051 2613 iure
1075 2534 1121 2599 ita
1145 2554 1198 2599 ex-

92 2642 211 2728 plicari
233 2651 378 2724 possunt,
402 2649 438 2707 ut
459 2641 648 2727 Simplicius
669 2660 734 2725 eos,
764 2641 805 2707 de
828 2641 944 2723 quibus
967 2643 1008 2708 ab
1027 2641 1200 2708 Aristotele

93 2751 261 2835 generatio
283 2749 637 2835 pereondensationem
660 2759 692 2833 et
712 2750 967 2817 rarefactionem
988 2750 1201 2834 praedicetur,

94 2881 158 2926 non
183 2861 258 2926 illos
290 2865 442 2944 utrosque
466 2859 562 2942 dicat,
598 2859 656 2926 sed
680 2862 818 2943 priorem
849 2861 952 2926 solum
975 2866 1108 2943 partem,
1134 2880 1200 2943 eos,

95 2973 270 3053 quirinum
294 2989 311 3035 e
334 2970 434 3036 tribus
458 2969 625 3035 elementis
648 2976 778 3054 ponant.
824 2969 937 3035 Utrum
960 2969 1050 3052 prior
1079 2988 1121 3034 an
1145 2989 1200 3052 po·

96 3080 211 3146 sterior
234 3077 407 3162 explicatio
430 3097 508 3143 vera
530 3078 583 3160 sit,
607 3077 683 3143 inde
704 3097 813 3143 rursus
836 3076 965 3161 pendet,
989 3083 1094 3143 utrum
1117 3077 1199 3142 Sim·

95 3188 212 3273 plioius
235 3187 344 3254 verbis
364 3181 417 3250 “ab
430 3185 628 3273 ποιήσαντες
649 3181 688 3250 τὸ
705 3179 742 3250 ὂν
756 3185 840 3252 κτλ.’
865 3186 1082 3254 differentiam
1099 3187 1199 3271 signi-

95 3298 186 3364 ficari
209 3297 371 3380 putaverit
402 3295 562 3380 prioribus
594 3294 741 3379 physicis
763 3297 926 3379 propriam
950 3317 992 3361 an
1016 3295 1198 3361 doctrinam

97 3407 245 3472 omnibus
275 3405 417 3491 physicis
446 3424 647 3471 communem
682 3403 856 3487 statimque
891 3425 949 3488 per
984 3403 1065 3470 duas
1096 3404 1198 3488 ipsius

204 3621 227 3684 l)
247 3618 316 3672 Post
334 3616 484 3687 Porphyrii
504 3616 703 3672 refutationem
723 3615 883 3684 Simplicius
903 3615 1037 3670 continuo
1056 3615 1201 3684 sinpergit

97 3713 152 3781 (32,
171 3731 196 3779 a,
215 3719 290 3783 part.
309 3714 387 3783 inf.):
406 3714 617 3783 „corrosoribus
637 3713 669 3766 dl
683 3697 757 3766 οὗτοι
779 3707 879 3771 πάντες
892 3709 959 3764 κατὰ
978 3708 1009 3764 τὸ
1023 3716 1092 3782 μίαν
1110 3714 1202 3780 λέγειν

96 3806 146 3875 τὴν
161 3805 250 3882 ἀρχὴν
268 3811 332 3882 διχῆ
351 3811 517 3880 διαιροῦνται
536 3811 603 3864 κατὰ
620 3807 682 3869 τοὺς
701 3805 821 3880 τρόπους
838 3810 884 3875 τῆς
901 3807 1062 3878 γενέσεως.“
1100 3807 1200 3862 Verbis

97 3889 183 3959 ὀὗτοι
201 3900 313 3966 adures’
335 3906 532 3978 significantur
550 3923 645 3960 omnes
663 3904 781 3975 physici,
803 3904 852 3974 qui
871 3905 907 3958 ah
931 3904 1085 3960 Aristotele
1107 3903 1200 3958 verbis

98 3999 138 4055 ‘ot
154 4003 209 4075 μὲν
228 4034 261 4044 -
282 4007 308 4057 ot
327 4001 368 4058 ot‘
395 4003 522 4060 aforma
542 4002 695 4074 generandi
720 4020 814 4056 rerum
838 4001 1049 4056 multitudinem
1077 3999 1105 4053 in
1130 4000 1199 4054 duas

99 4104 192 4168 partes
211 4101 384 4156 dividuntur.
422 4101 467 4155 Ad
477 4101 563 4155 verba
581 4097 661 4152 ’κατὰ
679 4097 710 4152 τὸ
723 4103 793 4170 μίαν
802 4101 892 4168 λέγειν
907 4095 955 4165 τὴν
965 4092 1065 4168 ἀρχὴν
1086 4114 1120 4149 ex
1139 4096 1200 4165 ipso

100 4195 241 4266 Simplicio
264 4196 423 4252 addendum
446 4201 488 4250 est
513 4194 573 4249 ‘aui
599 4191 696 4261 ταύτην
720 4190 900 4267 σωματικήν,
924 4193 1062 4263 siquidem
1087 4193 1147 4261 ipsa
1170 4192 1200 4244 in

101 4293 190 4361 prima
208 4294 405 4363 disputationis
423 4297 503 4362 parto
523 4309 618 4345 omnes
636 4291 705 4344 dicit
722 4285 895 4362 ‘reparando
913 4311 935 4342 τι
956 4288 986 4342 τὸ
1007 4285 1048 4343 l‘r'
1069 4305 1182 4358 ponere.
