2862 4910
607 407 659 467 339

69 567 300 667 generationis
319 605 466 668 caussam
490 606 560 650 csse
580 607 731 669 amorem,
754 589 808 670 qui
831 607 851 652 a
874 585 1049 670 generandi
1061 588 1184 672 adpeti-

69 695 166 760 tione
189 697 320 760 omnino
340 717 405 760 non
423 695 539 760 differt.
584 696 667 760 Nam
690 703 726 761 ut
745 704 870 762 taceam
894 696 934 761 de
957 696 1138 780 theogoniis
1153 703 1184 762 ct

70 805 298 888 cosmogoniis
308 803 340 886 ¹),
363 803 578 888 Pherecydes,
608 807 662 887 qui
684 806 924 871 Anaximandro
949 808 1058 890 paullo
1080 813 1186 891 postc-

70 916 141 979 rior
167 921 219 980 est
256 915 389 996 eiusque
417 914 597 980 doctrinam
635 915 764 980 videtur
795 917 956 998 cognitam
989 914 1185 997 hahuisse²l,

69 1044 187 1088 rerum
211 1026 365 1106 originem
396 1025 472 1089 inde
492 1027 617 1108 repetit,
649 1025 735 1106 quod
757 1025 880 1108 Iupiter
907 1027 975 1090 sive
1001 1027 1071 1109 ipsc
1101 1046 1185 1091 sum-

71 1153 147 1197 mus
174 1132 255 1196 deus
283 1152 318 1196 se
347 1133 519 1197 mutaverit
546 1132 580 1196 in
603 1133 787 1214 Amorem,
820 1132 936 1207 idest,
964 1153 1035 1196 eam
1068 1135 1186 1216 repetit

72 1243 120 1306 ab
137 1241 405 1323 adpetitione
433 1241 651 1328 generandi
683 1242 720 1306 in
744 1242 850 1306 lovis
875 1243 1003 1306 animo
1029 1244 1185 1307 orienti.

72 1353 187 1432 Atque
209 1349 482 1415 Brachmanorum
506 1351 602 1414 etiam
626 1350 789 1415 sententia
811 1350 916 1433 prima
938 1369 1042 1415 rerum
1059 1371 1185 1417 emana-

73 1462 179 1524 tionis
191 1479 309 1524 caussa
322 1460 429 1542 posita
452 1465 501 1522 est
516 1460 549 1521 in
571 1457 733 1538 quodam
757 1458 943 1542 principii
966 1458 1184 1524 desiderio.

182 1585 329 1666 Denique
352 1587 482 1651 omnino
496 1553 664 1669 procebile
686 1593 744 1661 ost,
767 1583 1047 1650 Anaximandrum
1066 1586 1100 1649 in
1116 1586 1185 1649 uni-

74 1716 207 1760 versum
235 1695 266 1759 in
289 1696 448 1778 principio
471 1696 669 1778 peculiarem
692 1695 836 1776 aliquam
859 1694 1078 1776 generationis
1095 1713 1186 1759 oaus-

75 1825 147 1868 sam
172 1805 333 1888 posuisse,
364 1811 545 1889 propterea,
580 1804 664 1886 quod
696 1805 899 1888 principium,
934 1811 1092 1886 quatenus
1125 1823 1185 1868 sua

75 1915 181 1995 ipsius
216 1919 331 1976 natura
353 1912 579 1977 substantia
606 1919 692 1976 erat
722 1913 891 1995 simplex
916 1915 1078 1997 propria
1113 1933 1184 1978 sua

76 2029 194 2087 utens
218 2021 418 2104 qualitate
441 2021 636 2086 interduo
659 2023 859 2087 contraria
882 2022 1018 2098 media,
1050 2043 1114 2087 non
1137 2024 1183 2086 fa-

76 2133 137 2196 cile
161 2131 268 2196 videri
290 2139 417 2214 poterat
446 2131 487 2194 ad
512 2131 742 2195 contrariorum
766 2132 977 2196 secretionem
1006 2151 1041 2197 se
1063 2133 1107 2196 ita
1128 2130 1185 2196 ha·

79 2241 169 2322 bere,
194 2246 229 2305 ut
257 2260 327 2304 eam
351 2259 407 2320 per
435 2259 469 2304 se
492 2260 530 2304 ac
563 2241 802 2305 naturaliter
835 2238 967 2304 haberet
989 2241 1184 2306 adiunctam.

77 2348 205 2426 Quodsi
229 2356 335 2414 autem
361 2350 393 2412 in
416 2351 600 2414 universum
624 2351 765 2432 aliquam
788 2350 1009 2432 generationis
1037 2369 1185 2414 caussam

78 2459 108 2522 in
133 2457 298 2542 principio
315 2460 430 2540 posuit,
453 2457 533 2521 haec
557 2476 638 2537 quae
659 2458 802 2541 potuerit
825 2478 896 2524 esse
910 2465 1038 2542 macter
1053 2459 1184 2522 insitam

78 2566 243 2646 quandam
278 2566 342 2649 ipsi
362 2566 580 2648 generationis
607 2564 849 2648 adpetitionem,
885 2587 948 2631 non
977 2567 1072 2633 facile
1097 2569 1185 2650 quis-

78 2659 176 2755 quam
200 2675 365 2738 invenerit.
410 2673 515 2755 Atque
539 2671 620 2738 haec
643 2673 683 2738 de
706 2673 767 2738 hac
791 2695 825 2738 re
847 2677 926 2740 satis
950 2677 1058 2740 sunto!

184 2802 231 2864 12.
276 2794 345 2863 Iam
368 2797 509 2881 denique
531 2801 562 2863 in
586 2819 623 2863 eo
641 2819 761 2882 sumus,
785 2805 819 2864 ut
834 2806 934 2865 totam
948 2801 1184 2880 Anaximandri

79 2909 281 2993 disciplinam
304 2928 407 2991 paene
430 2908 530 2973 oculis
550 2907 716 2991 possimus
745 2909 895 2974 subicere.
942 2910 1184 2976 Anaximander

79 3017 180 3101 igitur
203 3038 317 3083 unum
340 3022 464 3080 tantum
487 3015 628 3081 omnium
652 3036 756 3080 rerum
781 3019 871 3100 ponit
894 3019 1085 3102 principium
1110 3018 1183 3084 hoc-

81 3146 140 3208 que
165 3145 239 3192 esse
269 3127 383 3191 statuit
410 3127 674 3190 substantiam
704 3117 929 3210 corpoream
957 3127 1183 3210 simplicem,

80 3236 247 3301 infinite
282 3237 320 3299 in
351 3254 480 3299 omues
514 3240 648 3317 partes
678 3239 893 3312 extensam,
926 3237 1085 3321 propria
1117 3258 1184 3303 sua

81 3365 209 3428 eaque
233 3344 375 3408 sensili
399 3343 595 3424 qualitate
616 3349 798 3425 utentem,
822 3345 1068 3427 quaquidem
1097 3367 1183 3429 qua-

83 3524 282 3531 ῳ,-

184 3638 211 3704 1)
231 3635 310 3703 Quod
329 3636 543 3706 theogoniarum
567 3636 717 3705 scriptores
741 3654 887 3690 amorem
907 3643 1054 3707 generant,
1080 3654 1112 3690 eo
1138 3655 1184 3691 ex·

68 3735 215 3803 plicatur,
240 3733 314 3801 quod
338 3738 440 3787 natura
466 3733 548 3786 rebus
573 3733 699 3787 subiecta
718 3750 774 3785 non
793 3737 919 3801 tempore
939 3733 1061 3803 quidem,
1088 3738 1117 3787 et
1136 3752 1183 3787 no·

82 3832 158 3884 tione
176 3834 272 3884 tamen
292 3830 371 3897 prior
390 3833 432 3882 ost
451 3846 534 3897 quam
553 3828 595 3882 vis
616 3846 656 3882 ea.
686 3846 741 3896 qua
759 3847 803 3882 res
823 3847 837 3883 e
856 3835 957 3883 natura
981 3829 1106 3883 subiecta
1123 3829 1184 3900 gig·

82 3932 200 3994 nuutur;
220 3942 303 3994 quam
323 3925 461 3978 rationem
480 3925 694 3995 theogoniarum
715 3924 864 3992 scriptores
884 3924 923 3976 ita
942 3926 1081 3979 mentibus
1097 3925 1184 3978 infor·

83 4028 169 4090 mant,
189 4027 221 4076 ut
237 4022 316 4074 illam
335 4026 462 4090 tempore
481 4022 615 4089 priorem,
637 4023 707 4074 hanc
726 4039 759 4074 ex
780 4021 828 4074 illa
847 4022 977 4090 generari
996 4021 1099 4084 dicant,

182 4119 211 4188 2)
231 4117 301 4171 Sunt
330 4118 473 4185 quaedam
491 4117 565 4185 apud
589 4117 777 4184 Pherecydem
806 4117 1010 4171 Anaximandri
1040 4117 1185 4171 doetrinae

83 4215 204 4268 maxime
223 4213 340 4280 similia;
365 4231 416 4268 nec
435 4230 500 4267 vero
524 4231 564 4274 ea,
593 4229 663 4281 quae
681 4217 764 4281 putat
792 4212 813 4264 Ι.
836 4212 946 4266 Oonrad
972 4215 1001 4265 in
1020 4213 1129 4266 dissert.
1149 4213 1183 4265 de

83 4307 249 4378 Pherecydis
269 4310 360 4360 aetate
379 4311 407 4360 et
426 4306 612 4376 cosmogonia,
628 4324 656 4375 p.
676 4307 724 4374 26;
744 4309 791 4375 33,
810 4308 855 4359 35.
