<?xml version="1.0" encoding="UTF-8"?>
<!DOCTYPE html PUBLIC "-//W3C//DTD XHTML 1.0 Transitional//EN"
    "http://www.w3.org/TR/xhtml1/DTD/xhtml1-transitional.dtd">
<html xmlns="http://www.w3.org/1999/xhtml" xml:lang="en" lang="en">
 <head>
  <title>
</title>
<meta http-equiv="Content-Type" content="text/html;charset=utf-8" />
  <meta name='ocr-system' content='tesseract 3.04.00' />
  <meta name='ocr-capabilities' content='ocr_page ocr_carea ocr_par ocr_line ocrx_word'/>
</head>
<body>
  <div class='ocr_page' id='page_1' title='image "./anaximandermile00neuhgoog_0307.png"; bbox 0 0 2862 4910; ppageno 0'>
   <div class='ocr_carea' id='block_1_1' title="bbox 742 351 795 404">
    <p class='ocr_par' dir='ltr' id='par_1_1' title="bbox 742 351 795 404">
     <span class='ocr_line' id='line_1_1' title="bbox 742 351 795 404; baseline 0 0"><span class='ocrx_word' id='word_1_1' title='bbox 742 351 795 404; x_wconf 79' lang='lat'>282</span> 
     </span>
    </p>
   </div>
   <div class='ocr_carea' id='block_1_2' title="bbox 218 523 1416 608">
    <p class='ocr_par' dir='ltr' id='par_1_2' title="bbox 218 523 1416 608">
     <span class='ocr_line' id='line_1_2' title="bbox 218 523 1416 608; baseline -0.003 -20"><span class='ocrx_word' id='word_1_2' title='bbox 218 523 426 605; x_wconf 87' lang='lat' dir='ltr'>physioorum</span> <span class='ocrx_word' id='word_1_3' title='bbox 448 525 521 589; x_wconf 88' lang='lat' dir='ltr'>loeo</span> <span class='ocrx_word' id='word_1_4' title='bbox 545 531 642 590; x_wconf 88' lang='lat' dir='ltr'>antea</span> <span class='ocrx_word' id='word_1_5' title='bbox 664 524 796 590; x_wconf 87' lang='lat' dir='ltr'>laudato</span> <span class='ocrx_word' id='word_1_6' title='bbox 805 525 828 604; x_wconf 86' lang='lat'>¹)</span> <span class='ocrx_word' id='word_1_7' title='bbox 850 524 905 603; x_wconf 86' lang='lat' dir='ltr'>ait,</span> <span class='ocrx_word' id='word_1_8' title='bbox 932 525 1095 607; x_wconf 91' lang='lat' dir='ltr'>physioos,</span> <span class='ocrx_word' id='word_1_9' title='bbox 1120 527 1172 607; x_wconf 87' lang='lat' dir='ltr'>qui</span> <span class='ocrx_word' id='word_1_10' title='bbox 1196 527 1326 608; x_wconf 85' lang='lat' dir='ltr'>puriter</span> <span class='ocrx_word' id='word_1_11' title='bbox 1415 571 1416 584; x_wconf 67' lang='grc'>,</span> 
     </span>
    </p>
   </div>
   <div class='ocr_carea' id='block_1_3' title="bbox 174 632 1325 1261">
    <p class='ocr_par' dir='ltr' id='par_1_3' title="bbox 174 632 1325 1261">
     <span class='ocr_line' id='line_1_3' title="bbox 217 632 1325 715; baseline -0.001 -18"><span class='ocrx_word' id='word_1_12' title='bbox 217 639 314 715; x_wconf 86' lang='lat' dir='ltr'>atque</span> <span class='ocrx_word' id='word_1_13' title='bbox 336 633 470 698; x_wconf 79' lang='lat' dir='ltr'>Eleatae</span> <span class='ocrx_word' id='word_1_14' title='bbox 498 632 532 697; x_wconf 91' lang='lat' dir='ltr'>id</span> <span class='ocrx_word' id='word_1_15' title='bbox 555 632 641 714; x_wconf 87' lang='lat' dir='ltr'>quod</span> <span class='ocrx_word' id='word_1_16' title='bbox 675 639 724 698; x_wconf 88' lang='lat' dir='ltr'>est</span> <span class='ocrx_word' id='word_1_17' title='bbox 761 653 855 698; x_wconf 91' lang='lat' dir='ltr'>unum</span> <span class='ocrx_word' id='word_1_18' title='bbox 890 639 1021 715; x_wconf 90' lang='lat' dir='ltr'>ponant,</span> <span class='ocrx_word' id='word_1_19' title='bbox 1054 632 1130 698; x_wconf 86' lang='lat' dir='ltr'>huie</span> <span class='ocrx_word' id='word_1_20' title='bbox 1163 635 1218 698; x_wconf 92' lang='lat' dir='ltr'>uni</span> <span class='ocrx_word' id='word_1_21' title='bbox 1252 634 1325 698; x_wconf 93' lang='lat' dir='ltr'>enti</span> 
     </span>
     <span class='ocr_line' id='line_1_4' title="bbox 218 740 1325 824; baseline 0.002 -20"><span class='ocrx_word' id='word_1_22' title='bbox 218 749 336 805; x_wconf 94' lang='lat' dir='ltr'>motum</span> <span class='ocrx_word' id='word_1_23' title='bbox 358 741 545 824; x_wconf 89' lang='lat' dir='ltr'>adiungere,</span> <span class='ocrx_word' id='word_1_24' title='bbox 578 740 782 822; x_wconf 87' lang='lat' dir='ltr'>siquidem</span> <span class='ocrx_word' id='word_1_25' title='bbox 815 748 1007 822; x_wconf 73' lang='lat' dir='ltr'>generent</span> <span class='ocrx_word' id='word_1_26' title='bbox 1039 762 1087 807; x_wconf 92' lang='lat' dir='ltr'>ex</span> <span class='ocrx_word' id='word_1_27' title='bbox 1120 761 1163 807; x_wconf 88' lang='lat' dir='ltr'>eo</span> <span class='ocrx_word' id='word_1_28' title='bbox 1194 762 1325 808; x_wconf 89' lang='lat' dir='ltr'>rernm</span> 
     </span>
     <span class='ocr_line' id='line_1_5' title="bbox 218 847 1325 932; baseline -0.001 -19"><span class='ocrx_word' id='word_1_29' title='bbox 218 849 507 915; x_wconf 83' lang='lat' dir='ltr'>multitudinem</span> <span class='ocrx_word' id='word_1_30' title='bbox 543 847 780 930; x_wconf 67' lang='grc' dir='ltr'><strong><em>(προστιθέασι</em></strong></span> <span class='ocrx_word' id='word_1_31' title='bbox 806 847 930 932; x_wconf 84' lang='grc' dir='ltr'><strong><em>κίνησιν</em></strong></span> <span class='ocrx_word' id='word_1_32' title='bbox 960 848 1177 932; x_wconf 75' lang='grc' dir='ltr'><strong><em>γεννῶντές</em></strong></span> <span class='ocrx_word' id='word_1_33' title='bbox 1205 873 1248 932; x_wconf 78' lang='grc' dir='ltr'>γε</span> <span class='ocrx_word' id='word_1_34' title='bbox 1276 847 1325 912; x_wconf 81' lang='grc' dir='ltr'>τὸ</span> 
     </span>
     <span class='ocr_line' id='line_1_6' title="bbox 219 958 1325 1043; baseline 0.005 -23"><span class='ocrx_word' id='word_1_35' title='bbox 219 961 319 1040; x_wconf 74' lang='grc' dir='ltr'><strong>πᾶν).</strong></span> <span class='ocrx_word' id='word_1_36' title='bbox 371 965 485 1042; x_wconf 87' lang='lat' dir='ltr'>Itaque</span> <span class='ocrx_word' id='word_1_37' title='bbox 514 960 589 1025; x_wconf 91' lang='lat' dir='ltr'>illos</span> <span class='ocrx_word' id='word_1_38' title='bbox 612 958 766 1043; x_wconf 81' lang='lat' dir='ltr'>physicos</span> <span class='ocrx_word' id='word_1_39' title='bbox 798 961 936 1025; x_wconf 89' lang='lat' dir='ltr'>nonita</span> <span class='ocrx_word' id='word_1_40' title='bbox 965 959 1043 1025; x_wconf 89' lang='lat' dir='ltr'>dioit</span> <span class='ocrx_word' id='word_1_41' title='bbox 1064 967 1185 1025; x_wconf 90' lang='lat' dir='ltr'>motum</span> <span class='ocrx_word' id='word_1_42' title='bbox 1205 960 1325 1026; x_wconf 87' lang='lat' dir='ltr'>adinn-</span> 
     </span>
     <span class='ocr_line' id='line_1_7' title="bbox 174 1068 1324 1152; baseline 0 -18"><span class='ocrx_word' id='word_1_43' title='bbox 174 1126 178 1134; x_wconf 93' lang='lat'>.</span> <span class='ocrx_word' id='word_1_44' title='bbox 218 1089 304 1151; x_wconf 84' lang='lat' dir='ltr'>gere,</span> <span class='ocrx_word' id='word_1_45' title='bbox 324 1070 417 1151; x_wconf 84' lang='lat' dir='ltr'>qnasi</span> <span class='ocrx_word' id='word_1_46' title='bbox 440 1089 496 1134; x_wconf 90' lang='lat' dir='ltr'>eos</span> <span class='ocrx_word' id='word_1_47' title='bbox 518 1069 601 1134; x_wconf 88' lang='lat' dir='ltr'>soiat</span> <span class='ocrx_word' id='word_1_48' title='bbox 623 1069 655 1135; x_wconf 90' lang='lat' dir='ltr'>id</span> <span class='ocrx_word' id='word_1_49' title='bbox 677 1069 759 1152; x_wconf 90' lang='lat' dir='ltr'>ipsis</span> <span class='ocrx_word' id='word_1_50' title='bbox 780 1069 889 1134; x_wconf 87' lang='lat' dir='ltr'>verbis</span> <span class='ocrx_word' id='word_1_51' title='bbox 912 1068 1045 1146; x_wconf 83' lang='lat' dir='ltr'>dixisse,</span> <span class='ocrx_word' id='word_1_52' title='bbox 1068 1089 1181 1134; x_wconf 91' lang='lat' dir='ltr'>verum</span> <span class='ocrx_word' id='word_1_53' title='bbox 1203 1071 1259 1144; x_wconf 91' lang='lat' dir='ltr'>ita,</span> <span class='ocrx_word' id='word_1_54' title='bbox 1282 1077 1324 1134; x_wconf 89' lang='lat' dir='ltr'>ut</span> 
     </span>
     <span class='ocr_line' id='line_1_8' title="bbox 218 1177 1325 1261; baseline 0 -19"><span class='ocrx_word' id='word_1_55' title='bbox 218 1178 256 1242; x_wconf 88' lang='lat' dir='ltr'>id</span> <span class='ocrx_word' id='word_1_56' title='bbox 280 1177 382 1260; x_wconf 91' lang='lat' dir='ltr'>iude,</span> <span class='ocrx_word' id='word_1_57' title='bbox 410 1177 511 1259; x_wconf 89' lang='lat' dir='ltr'>quod</span> <span class='ocrx_word' id='word_1_58' title='bbox 534 1198 578 1243; x_wconf 92' lang='lat' dir='ltr'>ex</span> <span class='ocrx_word' id='word_1_59' title='bbox 600 1199 672 1244; x_wconf 91' lang='lat' dir='ltr'>uno</span> <span class='ocrx_word' id='word_1_60' title='bbox 696 1184 783 1243; x_wconf 89' lang='lat' dir='ltr'>ente</span> <span class='ocrx_word' id='word_1_61' title='bbox 808 1177 1101 1244; x_wconf 88' lang='lat' dir='ltr'>multitudinem</span> <span class='ocrx_word' id='word_1_62' title='bbox 1121 1187 1325 1261; x_wconf 84' lang='lat' dir='ltr'>generent,</span> 
     </span>
    </p>
   </div>
   <div class='ocr_carea' id='block_1_4' title="bbox 218 1277 1418 1370">
    <p class='ocr_par' dir='ltr' id='par_1_4' title="bbox 218 1277 1418 1370">
     <span class='ocr_line' id='line_1_9' title="bbox 218 1277 1418 1370; baseline 0.003 -19"><span class='ocrx_word' id='word_1_63' title='bbox 218 1286 667 1353; x_wconf 85' lang='lat' dir='ltr'>videatnroonoludero.</span> <span class='ocrx_word' id='word_1_64' title='bbox 712 1287 796 1353; x_wconf 88' lang='lat' dir='ltr'>Hine</span> <span class='ocrx_word' id='word_1_65' title='bbox 817 1294 925 1354; x_wconf 85' lang='lat' dir='ltr'>autem</span> <span class='ocrx_word' id='word_1_66' title='bbox 947 1287 1018 1354; x_wconf 90' lang='lat' dir='ltr'>iure</span> <span class='ocrx_word' id='word_1_67' title='bbox 1040 1287 1212 1370; x_wconf 84' lang='lat' dir='ltr'>colligitur,</span> <span class='ocrx_word' id='word_1_68' title='bbox 1247 1287 1324 1353; x_wconf 88' lang='lat' dir='ltr'>illos</span> <span class='ocrx_word' id='word_1_69' title='bbox 1417 1277 1418 1284; x_wconf 7' lang='grc' dir='ltr'>ἵ</span> 
     </span>
    </p>
   </div>
   <div class='ocr_carea' id='block_1_5' title="bbox 218 1396 1323 1480">
    <p class='ocr_par' dir='ltr' id='par_1_5' title="bbox 218 1396 1323 1480">
     <span class='ocr_line' id='line_1_10' title="bbox 218 1396 1323 1480; baseline 0.003 -20"><span class='ocrx_word' id='word_1_70' title='bbox 218 1399 307 1480; x_wconf 89' lang='lat' dir='ltr'>ipsos</span> <span class='ocrx_word' id='word_1_71' title='bbox 331 1399 364 1462; x_wconf 93' lang='lat' dir='ltr'>in</span> <span class='ocrx_word' id='word_1_72' title='bbox 388 1417 450 1462; x_wconf 90' lang='lat' dir='ltr'>uno</span> <span class='ocrx_word' id='word_1_73' title='bbox 472 1417 530 1463; x_wconf 89' lang='lat' dir='ltr'>suo</span> <span class='ocrx_word' id='word_1_74' title='bbox 553 1404 626 1462; x_wconf 89' lang='lat' dir='ltr'>onte</span> <span class='ocrx_word' id='word_1_75' title='bbox 649 1397 718 1462; x_wconf 90' lang='lat' dir='ltr'>sive</span> <span class='ocrx_word' id='word_1_76' title='bbox 740 1396 773 1460; x_wconf 92' lang='lat' dir='ltr'>in</span> <span class='ocrx_word' id='word_1_77' title='bbox 795 1417 860 1462; x_wconf 92' lang='lat' dir='ltr'>uno</span> <span class='ocrx_word' id='word_1_78' title='bbox 882 1397 1022 1463; x_wconf 91' lang='lat' dir='ltr'>omnium</span> <span class='ocrx_word' id='word_1_79' title='bbox 1039 1397 1200 1480; x_wconf 89' lang='lat' dir='ltr'>prinoipio</span> <span class='ocrx_word' id='word_1_80' title='bbox 1222 1417 1323 1480; x_wconf 89' lang='lat' dir='ltr'>quen-</span> 
     </span>
    </p>
   </div>
   <div class='ocr_carea' id='block_1_6' title="bbox 218 1505 1419 1698">
    <p class='ocr_par' dir='ltr' id='par_1_6' title="bbox 218 1505 1419 1698">
     <span class='ocr_line' id='line_1_11' title="bbox 218 1505 1419 1589; baseline 0.001 -18"><span class='ocrx_word' id='word_1_81' title='bbox 218 1506 291 1571; x_wconf 89' lang='lat' dir='ltr'>dam</span> <span class='ocrx_word' id='word_1_82' title='bbox 307 1506 434 1572; x_wconf 90' lang='lat' dir='ltr'>modum</span> <span class='ocrx_word' id='word_1_83' title='bbox 450 1505 677 1589; x_wconf 84' lang='lat' dir='ltr'>generationis,</span> <span class='ocrx_word' id='word_1_84' title='bbox 694 1505 727 1570; x_wconf 91' lang='lat' dir='ltr'>id</span> <span class='ocrx_word' id='word_1_85' title='bbox 741 1511 799 1587; x_wconf 88' lang='lat' dir='ltr'>est,</span> <span class='ocrx_word' id='word_1_86' title='bbox 814 1506 979 1588; x_wconf 88' lang='lat' dir='ltr'>quandam</span> <span class='ocrx_word' id='word_1_87' title='bbox 990 1506 1150 1572; x_wconf 77' lang='lat' dir='ltr'>sotionem</span> <span class='ocrx_word' id='word_1_88' title='bbox 1165 1508 1325 1589; x_wconf 85' lang='lat' dir='ltr'>posuisse,</span> <span class='ocrx_word' id='word_1_89' title='bbox 1418 1530 1419 1556; x_wconf 64' lang='lat'>1</span> 
     </span>
     <span class='ocr_line' id='line_1_12' title="bbox 218 1614 1419 1698; baseline 0.002 -18"><span class='ocrx_word' id='word_1_90' title='bbox 218 1636 282 1698; x_wconf 86' lang='lat' dir='ltr'>qua</span> <span class='ocrx_word' id='word_1_91' title='bbox 304 1637 343 1682; x_wconf 90' lang='lat' dir='ltr'>ex</span> <span class='ocrx_word' id='word_1_92' title='bbox 367 1636 403 1681; x_wconf 93' lang='lat' dir='ltr'>eo</span> <span class='ocrx_word' id='word_1_93' title='bbox 425 1634 531 1681; x_wconf 91' lang='lat' dir='ltr'>rerum</span> <span class='ocrx_word' id='word_1_94' title='bbox 552 1614 723 1680; x_wconf 90' lang='lat' dir='ltr'>multitudo</span> <span class='ocrx_word' id='word_1_95' title='bbox 747 1615 934 1698; x_wconf 89' lang='lat' dir='ltr'>gigneretur</span> <span class='ocrx_word' id='word_1_96' title='bbox 962 1614 1155 1695; x_wconf 80' lang='lat' dir='ltr'>(cuiusmodi</span> <span class='ocrx_word' id='word_1_97' title='bbox 1176 1623 1225 1681; x_wconf 89' lang='lat' dir='ltr'>est</span> <span class='ocrx_word' id='word_1_98' title='bbox 1248 1636 1324 1682; x_wconf 89' lang='lat' dir='ltr'>oon·</span> <span class='ocrx_word' id='word_1_99' title='bbox 1418 1619 1419 1628; x_wconf 77' lang='grc'>’</span> 
     </span>
    </p>
   </div>
   <div class='ocr_carea' id='block_1_7' title="bbox 218 1724 1327 2464">
    <p class='ocr_par' dir='ltr' id='par_1_7' title="bbox 218 1724 1327 2464">
     <span class='ocr_line' id='line_1_13' title="bbox 218 1724 1325 1819; baseline 0 -29"><span class='ocrx_word' id='word_1_100' title='bbox 218 1725 365 1791; x_wconf 88' lang='lat' dir='ltr'>densatio</span> <span class='ocrx_word' id='word_1_101' title='bbox 381 1724 613 1806; x_wconf 88' lang='lat' dir='ltr'>rarefaotioque</span> <span class='ocrx_word' id='word_1_102' title='bbox 636 1730 668 1790; x_wconf 91' lang='lat' dir='ltr'>et</span> <span class='ocrx_word' id='word_1_103' title='bbox 680 1725 912 1819; x_wconf 82' lang='lat' dir='ltr'>eontrariorum</span> <span class='ocrx_word' id='word_1_104' title='bbox 928 1725 1090 1805; x_wconf 79' lang='lat' dir='ltr'>seoretio),</span> <span class='ocrx_word' id='word_1_105' title='bbox 1112 1725 1325 1791; x_wconf 86' lang='lat' dir='ltr'>Aristotelem</span> 
     </span>
     <span class='ocr_line' id='line_1_14' title="bbox 218 1831 1325 1916; baseline -0.002 -17"><span class='ocrx_word' id='word_1_106' title='bbox 218 1841 325 1900; x_wconf 91' lang='lat' dir='ltr'>autem</span> <span class='ocrx_word' id='word_1_107' title='bbox 347 1833 432 1898; x_wconf 88' lang='lat' dir='ltr'>hano</span> <span class='ocrx_word' id='word_1_108' title='bbox 453 1831 630 1916; x_wconf 87' lang='lat' dir='ltr'>generandi</span> <span class='ocrx_word' id='word_1_109' title='bbox 660 1833 818 1898; x_wconf 89' lang='lat' dir='ltr'>aetionem</span> <span class='ocrx_word' id='word_1_110' title='bbox 846 1853 925 1898; x_wconf 88' lang='lat' dir='ltr'>vooe</span> <span class='ocrx_word' id='word_1_111' title='bbox 955 1833 1101 1915; x_wconf 89' lang='lat' dir='ltr'>generali</span> <span class='ocrx_word' id='word_1_112' title='bbox 1127 1833 1252 1900; x_wconf 84' lang='lat' dir='ltr'>dixisse</span> <span class='ocrx_word' id='word_1_113' title='bbox 1275 1833 1325 1897; x_wconf 86' lang='grc' dir='ltr'>κί-</span> 
     </span>
     <span class='ocr_line' id='line_1_15' title="bbox 218 1941 1325 2026; baseline 0.004 -22"><span class='ocrx_word' id='word_1_114' title='bbox 218 1965 324 2026; x_wconf 61' lang='lat' dir='ltr'>operm</span> <span class='ocrx_word' id='word_1_115' title='bbox 348 1964 419 2008; x_wconf 88' lang='lat' dir='ltr'>eam</span> <span class='ocrx_word' id='word_1_116' title='bbox 441 1942 598 2007; x_wconf 87' lang='lat' dir='ltr'>videlieet</span> <span class='ocrx_word' id='word_1_117' title='bbox 625 1941 665 2007; x_wconf 90' lang='lat' dir='ltr'>ob</span> <span class='ocrx_word' id='word_1_118' title='bbox 688 1961 845 2024; x_wconf 86' lang='lat' dir='ltr'>oaussam,</span> <span class='ocrx_word' id='word_1_119' title='bbox 870 1950 914 2022; x_wconf 89' lang='lat' dir='ltr'>ut,</span> <span class='ocrx_word' id='word_1_120' title='bbox 942 1963 1018 2024; x_wconf 47' lang='lat' dir='ltr'>oum,</span> <span class='ocrx_word' id='word_1_121' title='bbox 1040 1963 1154 2008; x_wconf 88' lang='lat' dir='ltr'>omnes</span> <span class='ocrx_word' id='word_1_122' title='bbox 1178 1943 1325 2026; x_wconf 91' lang='lat' dir='ltr'>philoso-</span> 
     </span>
     <span class='ocr_line' id='line_1_16' title="bbox 218 2050 1326 2136; baseline 0.001 -20"><span class='ocrx_word' id='word_1_123' title='bbox 218 2052 309 2136; x_wconf 92' lang='lat' dir='ltr'>phos,</span> <span class='ocrx_word' id='word_1_124' title='bbox 333 2058 427 2135; x_wconf 89' lang='lat' dir='ltr'>prout</span> <span class='ocrx_word' id='word_1_125' title='bbox 449 2050 483 2116; x_wconf 97' lang='lat' dir='ltr'>id</span> <span class='ocrx_word' id='word_1_126' title='bbox 505 2050 594 2134; x_wconf 90' lang='lat' dir='ltr'>quod</span> <span class='ocrx_word' id='word_1_127' title='bbox 614 2058 662 2116; x_wconf 91' lang='lat' dir='ltr'>est</span> <span class='ocrx_word' id='word_1_128' title='bbox 681 2057 738 2115; x_wconf 85' lang='lat' dir='ltr'>aut</span> <span class='ocrx_word' id='word_1_129' title='bbox 767 2051 932 2115; x_wconf 89' lang='lat' dir='ltr'>immotum</span> <span class='ocrx_word' id='word_1_130' title='bbox 953 2057 1010 2116; x_wconf 86' lang='lat' dir='ltr'>aut</span> <span class='ocrx_word' id='word_1_131' title='bbox 1031 2058 1117 2117; x_wconf 88' lang='lat' dir='ltr'>mota</span> <span class='ocrx_word' id='word_1_132' title='bbox 1141 2052 1326 2135; x_wconf 87' lang='lat' dir='ltr'>praeditum</span> 
     </span>
     <span class='ocr_line' id='line_1_17' title="bbox 219 2161 1327 2243; baseline 0 -15"><span class='ocrx_word' id='word_1_133' title='bbox 219 2181 291 2228; x_wconf 89' lang='lat' dir='ltr'>esse</span> <span class='ocrx_word' id='word_1_134' title='bbox 317 2167 505 2240; x_wconf 84' lang='lat' dir='ltr'>statuerent,</span> <span class='ocrx_word' id='word_1_135' title='bbox 538 2162 571 2226; x_wconf 93' lang='lat' dir='ltr'>in</span> <span class='ocrx_word' id='word_1_136' title='bbox 603 2161 666 2227; x_wconf 92' lang='lat' dir='ltr'>duo</span> <span class='ocrx_word' id='word_1_137' title='bbox 687 2161 830 2226; x_wconf 86' lang='lat' dir='ltr'>maxima</span> <span class='ocrx_word' id='word_1_138' title='bbox 860 2181 981 2243; x_wconf 83' lang='lat' dir='ltr'>genera</span> <span class='ocrx_word' id='word_1_139' title='bbox 1010 2161 1180 2242; x_wconf 88' lang='lat' dir='ltr'>divideret,</span> <span class='ocrx_word' id='word_1_140' title='bbox 1211 2165 1327 2228; x_wconf 87' lang='lat' dir='ltr'>statim</span> 
     </span>
     <span class='ocr_line' id='line_1_18' title="bbox 219 2270 1325 2354; baseline 0.003 -20"><span class='ocrx_word' id='word_1_141' title='bbox 219 2272 291 2336; x_wconf 91' lang='lat' dir='ltr'>illos</span> <span class='ocrx_word' id='word_1_142' title='bbox 313 2270 466 2354; x_wconf 87' lang='lat' dir='ltr'>physioos</span> <span class='ocrx_word' id='word_1_143' title='bbox 490 2273 524 2335; x_wconf 94' lang='lat' dir='ltr'>in</span> <span class='ocrx_word' id='word_1_144' title='bbox 557 2271 617 2336; x_wconf 88' lang='lat' dir='ltr'>hoo</span> <span class='ocrx_word' id='word_1_145' title='bbox 640 2272 742 2336; x_wconf 84' lang='lat' dir='ltr'>altero</span> <span class='ocrx_word' id='word_1_146' title='bbox 769 2291 888 2352; x_wconf 91' lang='lat' dir='ltr'>genere</span> <span class='ocrx_word' id='word_1_147' title='bbox 915 2271 1131 2349; x_wconf 74' lang='lat' dir='ltr'>oollooaret2).</span> <span class='ocrx_word' id='word_1_148' title='bbox 1174 2272 1325 2352; x_wconf 89' lang='lat' dir='ltr'>Aoeedit,</span> 
     </span>
     <span class='ocr_line' id='line_1_19' title="bbox 218 2379 1326 2464; baseline 0.001 -18"><span class='ocrx_word' id='word_1_149' title='bbox 218 2379 305 2463; x_wconf 90' lang='lat' dir='ltr'>quod</span> <span class='ocrx_word' id='word_1_150' title='bbox 319 2382 539 2463; x_wconf 89' lang='lat' dir='ltr'>unusquisque</span> <span class='ocrx_word' id='word_1_151' title='bbox 553 2381 678 2446; x_wconf 88' lang='lat' dir='ltr'>illorum</span> <span class='ocrx_word' id='word_1_152' title='bbox 701 2380 909 2464; x_wconf 88' lang='lat' dir='ltr'>physieorum</span> <span class='ocrx_word' id='word_1_153' title='bbox 926 2380 996 2446; x_wconf 91' lang='lat' dir='ltr'>sine</span> <span class='ocrx_word' id='word_1_154' title='bbox 1011 2381 1109 2447; x_wconf 89' lang='lat' dir='ltr'>dubio</span> <span class='ocrx_word' id='word_1_155' title='bbox 1121 2401 1184 2445; x_wconf 90' lang='lat' dir='ltr'>non</span> <span class='ocrx_word' id='word_1_156' title='bbox 1199 2389 1326 2447; x_wconf 90' lang='lat' dir='ltr'>motum</span> 
     </span>
    </p>
   </div>
   <div class='ocr_carea' id='block_1_8' title="bbox 219 2487 1421 2681">
    <p class='ocr_par' dir='ltr' id='par_1_8' title="bbox 219 2487 1421 2681">
     <span class='ocr_line' id='line_1_20' title="bbox 219 2487 1421 2586; baseline 0.003 -35"><span class='ocrx_word' id='word_1_157' title='bbox 219 2489 253 2553; x_wconf 93' lang='lat' dir='ltr'>in</span> <span class='ocrx_word' id='word_1_158' title='bbox 276 2489 468 2570; x_wconf 90' lang='lat' dir='ltr'>universum,</span> <span class='ocrx_word' id='word_1_159' title='bbox 490 2487 548 2554; x_wconf 89' lang='lat' dir='ltr'>sed</span> <span class='ocrx_word' id='word_1_160' title='bbox 570 2496 690 2553; x_wconf 87' lang='lat' dir='ltr'>oertam</span> <span class='ocrx_word' id='word_1_161' title='bbox 706 2488 868 2570; x_wconf 85' lang='lat' dir='ltr'>quandam</span> <span class='ocrx_word' id='word_1_162' title='bbox 890 2495 996 2554; x_wconf 91' lang='lat' dir='ltr'>motus</span> <span class='ocrx_word' id='word_1_163' title='bbox 1012 2490 1147 2554; x_wconf 80' lang='lat' dir='ltr'>sormam</span> <span class='ocrx_word' id='word_1_164' title='bbox 1170 2490 1326 2572; x_wconf 87' lang='lat' dir='ltr'>ponebat,</span> <span class='ocrx_word' id='word_1_165' title='bbox 1420 2563 1421 2586; x_wconf 23' lang='grc' dir='ltr'>ἢ</span> 
     </span>
     <span class='ocr_line' id='line_1_21' title="bbox 219 2596 1326 2681; baseline 0.002 -19"><span class='ocrx_word' id='word_1_166' title='bbox 219 2616 282 2679; x_wconf 90' lang='lat' dir='ltr'>qua</span> <span class='ocrx_word' id='word_1_167' title='bbox 314 2616 419 2661; x_wconf 87' lang='lat' dir='ltr'>rerum</span> <span class='ocrx_word' id='word_1_168' title='bbox 452 2596 619 2678; x_wconf 88' lang='lat' dir='ltr'>generatio</span> <span class='ocrx_word' id='word_1_169' title='bbox 653 2597 885 2672; x_wconf 78' lang='lat' dir='ltr'>contineretur3</span> <span class='ocrx_word' id='word_1_170' title='bbox 919 2599 1088 2681; x_wconf 85' lang='lat' dir='ltr'>probabile</span> <span class='ocrx_word' id='word_1_171' title='bbox 1120 2604 1226 2663; x_wconf 84' lang='lat' dir='ltr'>autem</span> <span class='ocrx_word' id='word_1_172' title='bbox 1260 2606 1326 2680; x_wconf 89' lang='lat' dir='ltr'>est,</span> 
     </span>
    </p>
   </div>
   <div class='ocr_carea' id='block_1_9' title="bbox 216 2706 1326 3559">
    <p class='ocr_par' dir='ltr' id='par_1_9' title="bbox 216 2706 1326 3559">
     <span class='ocr_line' id='line_1_22' title="bbox 217 2706 1325 2790; baseline 0.002 -19"><span class='ocrx_word' id='word_1_173' title='bbox 217 2724 477 2788; x_wconf 88' lang='lat' dir='ltr'>unumquemque</span> <span class='ocrx_word' id='word_1_174' title='bbox 500 2725 581 2784; x_wconf 87' lang='lat' dir='ltr'>eam,</span> <span class='ocrx_word' id='word_1_175' title='bbox 605 2725 700 2787; x_wconf 86' lang='lat' dir='ltr'>quam</span> <span class='ocrx_word' id='word_1_176' title='bbox 718 2715 852 2790; x_wconf 90' lang='lat' dir='ltr'>poneret</span> <span class='ocrx_word' id='word_1_177' title='bbox 874 2712 979 2772; x_wconf 88' lang='lat' dir='ltr'>motus</span> <span class='ocrx_word' id='word_1_178' title='bbox 995 2708 1140 2789; x_wconf 86' lang='lat' dir='ltr'>formam,</span> <span class='ocrx_word' id='word_1_179' title='bbox 1163 2706 1325 2774; x_wconf 79' lang='lat' dir='ltr'>vocabulo</span> 
     </span>
     <span class='ocr_line' id='line_1_23' title="bbox 216 2813 1324 2899; baseline 0.001 -18"><span class='ocrx_word' id='word_1_180' title='bbox 216 2815 445 2898; x_wconf 88' lang='lat' dir='ltr'>appellavisse,</span> <span class='ocrx_word' id='word_1_181' title='bbox 476 2813 563 2896; x_wconf 88' lang='lat' dir='ltr'>qnod</span> <span class='ocrx_word' id='word_1_182' title='bbox 593 2813 689 2880; x_wconf 89' lang='lat' dir='ltr'>huius</span> <span class='ocrx_word' id='word_1_183' title='bbox 717 2816 839 2881; x_wconf 86' lang='lat' dir='ltr'>formae</span> <span class='ocrx_word' id='word_1_184' title='bbox 862 2817 1028 2899; x_wconf 89' lang='lat' dir='ltr'>proprium</span> <span class='ocrx_word' id='word_1_185' title='bbox 1050 2822 1145 2897; x_wconf 88' lang='lat' dir='ltr'>esset,</span> <span class='ocrx_word' id='word_1_186' title='bbox 1179 2837 1324 2899; x_wconf 87' lang='lat' dir='ltr'>ergoque</span> 
     </span>
     <span class='ocr_line' id='line_1_24' title="bbox 217 2924 1325 3011; baseline 0.005 -24"><span class='ocrx_word' id='word_1_187' title='bbox 217 2924 374 3011; x_wconf 80' lang='grc' dir='ltr'><em>κινήσεως</em></span> <span class='ocrx_word' id='word_1_188' title='bbox 395 2925 554 2990; x_wconf 79' lang='lat' dir='ltr'>vocabulo</span> <span class='ocrx_word' id='word_1_189' title='bbox 576 2945 640 2989; x_wconf 92' lang='lat' dir='ltr'>non</span> <span class='ocrx_word' id='word_1_190' title='bbox 663 2946 737 2991; x_wconf 89' lang='lat' dir='ltr'>usos</span> <span class='ocrx_word' id='word_1_191' title='bbox 761 2946 832 2992; x_wconf 88' lang='lat' dir='ltr'>esse</span> <span class='ocrx_word' id='word_1_192' title='bbox 848 2927 910 2991; x_wconf 91' lang='lat' dir='ltr'>nisi</span> <span class='ocrx_word' id='word_1_193' title='bbox 926 2947 991 3002; x_wconf 91' lang='lat' dir='ltr'>eos,</span> <span class='ocrx_word' id='word_1_194' title='bbox 1015 2927 1072 3008; x_wconf 90' lang='lat' dir='ltr'>qui</span> <span class='ocrx_word' id='word_1_195' title='bbox 1088 2926 1178 2990; x_wconf 92' lang='lat' dir='ltr'>illum</span> <span class='ocrx_word' id='word_1_196' title='bbox 1199 2932 1325 2992; x_wconf 89' lang='lat' dir='ltr'>motum</span> 
     </span>
     <span class='ocr_line' id='line_1_25' title="bbox 218 3035 1326 3118; baseline 0.002 -18"><span class='ocrx_word' id='word_1_197' title='bbox 218 3057 282 3100; x_wconf 91' lang='lat' dir='ltr'>non</span> <span class='ocrx_word' id='word_1_198' title='bbox 304 3037 365 3101; x_wconf 91' lang='lat' dir='ltr'>nisi</span> <span class='ocrx_word' id='word_1_199' title='bbox 389 3035 422 3100; x_wconf 93' lang='lat' dir='ltr'>in</span> <span class='ocrx_word' id='word_1_200' title='bbox 444 3035 585 3118; x_wconf 86' lang='lat' dir='ltr'>quadam</span> <span class='ocrx_word' id='word_1_201' title='bbox 608 3036 671 3100; x_wconf 88' lang='lat' dir='ltr'>loei</span> <span class='ocrx_word' id='word_1_202' title='bbox 692 3035 869 3102; x_wconf 86' lang='lat' dir='ltr'>mutatione</span> <span class='ocrx_word' id='word_1_203' title='bbox 885 3039 1058 3101; x_wconf 84' lang='lat' dir='ltr'>consistere</span> <span class='ocrx_word' id='word_1_204' title='bbox 1074 3037 1212 3111; x_wconf 80' lang='lat' dir='ltr'>vellent3</span> <span class='ocrx_word' id='word_1_205' title='bbox 1233 3058 1326 3102; x_wconf 89' lang='lat' dir='ltr'>nam-</span> 
     </span>
     <span class='ocr_line' id='line_1_26' title="bbox 217 3144 1325 3230; baseline 0.003 -20"><span class='ocrx_word' id='word_1_206' title='bbox 217 3165 280 3228; x_wconf 89' lang='lat' dir='ltr'>que</span> <span class='ocrx_word' id='word_1_207' title='bbox 300 3144 423 3229; x_wconf 77' lang='grc' dir='ltr'><strong><em>κίνησις</em></strong></span> <span class='ocrx_word' id='word_1_208' title='bbox 459 3149 587 3230; x_wconf 88' lang='lat' dir='ltr'>proprie</span> <span class='ocrx_word' id='word_1_209' title='bbox 621 3147 704 3213; x_wconf 86' lang='lat' dir='ltr'>huno</span> <span class='ocrx_word' id='word_1_210' title='bbox 736 3148 839 3212; x_wconf 88' lang='lat' dir='ltr'>solum</span> <span class='ocrx_word' id='word_1_211' title='bbox 873 3152 992 3214; x_wconf 89' lang='lat' dir='ltr'>motum</span> <span class='ocrx_word' id='word_1_212' title='bbox 1028 3147 1198 3230; x_wconf 87' lang='lat' dir='ltr'>signifieat,</span> <span class='ocrx_word' id='word_1_213' title='bbox 1232 3149 1325 3213; x_wconf 87' lang='lat' dir='ltr'>illam</span> 
     </span>
     <span class='ocr_line' id='line_1_27' title="bbox 218 3256 1323 3340; baseline 0.002 -18"><span class='ocrx_word' id='word_1_214' title='bbox 218 3264 324 3322; x_wconf 90' lang='lat' dir='ltr'>autem</span> <span class='ocrx_word' id='word_1_215' title='bbox 360 3258 503 3322; x_wconf 88' lang='lat' dir='ltr'>universi</span> <span class='ocrx_word' id='word_1_216' title='bbox 531 3259 658 3340; x_wconf 87' lang='lat' dir='ltr'>generis</span> <span class='ocrx_word' id='word_1_217' title='bbox 681 3256 951 3339; x_wconf 80' lang='lat' dir='ltr'>significationem</span> <span class='ocrx_word' id='word_1_218' title='bbox 974 3263 1040 3322; x_wconf 91' lang='lat' dir='ltr'>tum</span> <span class='ocrx_word' id='word_1_219' title='bbox 1063 3264 1151 3322; x_wconf 89' lang='lat' dir='ltr'>oerte</span> <span class='ocrx_word' id='word_1_220' title='bbox 1180 3257 1323 3324; x_wconf 89' lang='lat' dir='ltr'>nondum</span> 
     </span>
     <span class='ocr_line' id='line_1_28' title="bbox 217 3365 1323 3449; baseline 0.002 -19"><span class='ocrx_word' id='word_1_221' title='bbox 217 3373 394 3449; x_wconf 85' lang='lat' dir='ltr'>aooeperat.</span> <span class='ocrx_word' id='word_1_222' title='bbox 439 3366 524 3430; x_wconf 90' lang='lat' dir='ltr'>Num</span> <span class='ocrx_word' id='word_1_223' title='bbox 546 3373 654 3431; x_wconf 88' lang='lat' dir='ltr'>autem</span> <span class='ocrx_word' id='word_1_224' title='bbox 674 3365 914 3431; x_wconf 84' lang='lat' dir='ltr'>Anaximander</span> <span class='ocrx_word' id='word_1_225' title='bbox 936 3373 1055 3431; x_wconf 91' lang='lat' dir='ltr'>motum</span> <span class='ocrx_word' id='word_1_226' title='bbox 1080 3366 1144 3447; x_wconf 91' lang='lat' dir='ltr'>ipsi</span> <span class='ocrx_word' id='word_1_227' title='bbox 1158 3367 1323 3449; x_wconf 89' lang='lat' dir='ltr'>prinoipio</span> 
     </span>
     <span class='ocr_line' id='line_1_29' title="bbox 217 3474 1322 3559; baseline 0.003 -22"><span class='ocrx_word' id='word_1_228' title='bbox 217 3474 349 3539; x_wconf 87' lang='lat' dir='ltr'>insitum</span> <span class='ocrx_word' id='word_1_229' title='bbox 373 3476 536 3559; x_wconf 88' lang='lat' dir='ltr'>putaverit</span> <span class='ocrx_word' id='word_1_230' title='bbox 568 3475 664 3539; x_wconf 90' lang='lat' dir='ltr'>talem</span> <span class='ocrx_word' id='word_1_231' title='bbox 698 3494 779 3555; x_wconf 90' lang='lat' dir='ltr'>esse,</span> <span class='ocrx_word' id='word_1_232' title='bbox 810 3475 865 3556; x_wconf 85' lang='lat' dir='ltr'>qui</span> <span class='ocrx_word' id='word_1_233' title='bbox 895 3474 1033 3558; x_wconf 89' lang='lat' dir='ltr'>primum</span> <span class='ocrx_word' id='word_1_234' title='bbox 1064 3495 1102 3539; x_wconf 89' lang='lat' dir='ltr'>ao</span> <span class='ocrx_word' id='word_1_235' title='bbox 1123 3477 1255 3557; x_wconf 87' lang='lat' dir='ltr'>proprie</span> <span class='ocrx_word' id='word_1_236' title='bbox 1288 3477 1322 3540; x_wconf 93' lang='lat' dir='ltr'>in</span> 
     </span>
    </p>
   </div>
   <div class='ocr_carea' id='block_1_10' title="bbox 219 3662 414 3670">
    <p class='ocr_par' dir='ltr' id='par_1_10' title="bbox 219 3662 414 3670">
     <span class='ocr_line' id='line_1_30' title="bbox 219 3662 414 3670; baseline 0 0"><span class='ocrx_word' id='word_1_237' title='bbox 219 3662 414 3670; x_wconf 68' lang='lat' dir='ltr'><strong>u————</strong></span> 
     </span>
    </p>
   </div>
   <div class='ocr_carea' id='block_1_11' title="bbox 216 3767 1324 4224">
    <p class='ocr_par' dir='ltr' id='par_1_11' title="bbox 320 3767 520 3838">
     <span class='ocr_line' id='line_1_31' title="bbox 320 3767 520 3838; baseline 0 -18"><span class='ocrx_word' id='word_1_238' title='bbox 320 3770 346 3838; x_wconf 83' lang='lat'>1)</span> <span class='ocrx_word' id='word_1_239' title='bbox 365 3767 395 3821; x_wconf 89' lang='lat' dir='ltr'>P.</span> <span class='ocrx_word' id='word_1_240' title='bbox 414 3769 476 3829; x_wconf 79' lang='lat'>279,</span> <span class='ocrx_word' id='word_1_241' title='bbox 498 3768 520 3820; x_wconf 93' lang='lat'>1.</span> 
     </span>
    </p>

    <p class='ocr_par' dir='ltr' id='par_1_12' title="bbox 216 3862 1324 4224">
     <span class='ocr_line' id='line_1_32' title="bbox 316 3862 1324 3933; baseline 0.003 -16"><span class='ocrx_word' id='word_1_242' title='bbox 316 3864 345 3933; x_wconf 83' lang='lat'>2)</span> <span class='ocrx_word' id='word_1_243' title='bbox 365 3864 456 3918; x_wconf 87' lang='lat' dir='ltr'>Simili</span> <span class='ocrx_word' id='word_1_244' title='bbox 483 3864 565 3918; x_wconf 93' lang='lat' dir='ltr'>modo</span> <span class='ocrx_word' id='word_1_245' title='bbox 594 3863 667 3933; x_wconf 90' lang='lat' dir='ltr'>apud</span> <span class='ocrx_word' id='word_1_246' title='bbox 686 3862 873 3932; x_wconf 84' lang='lat' dir='ltr'>Hippolytum</span> <span class='ocrx_word' id='word_1_247' title='bbox 898 3863 1017 3930; x_wconf 82' lang='lat' dir='ltr'>(Refutt.</span> <span class='ocrx_word' id='word_1_248' title='bbox 1036 3863 1057 3927; x_wconf 90' lang='lat'>1,</span> <span class='ocrx_word' id='word_1_249' title='bbox 1076 3865 1103 3929; x_wconf 82' lang='grc'>7)</span> <span class='ocrx_word' id='word_1_250' title='bbox 1131 3865 1324 3920; x_wconf 82' lang='lat' dir='ltr'>Anaximenes</span> 
     </span>
     <span class='ocr_line' id='line_1_33' title="bbox 217 3958 1324 4029; baseline 0.002 -17"><span class='ocrx_word' id='word_1_251' title='bbox 217 3961 339 4028; x_wconf 87' lang='lat' dir='ltr'>primum</span> <span class='ocrx_word' id='word_1_252' title='bbox 358 3961 462 4014; x_wconf 85' lang='lat' dir='ltr'>dieitur</span> <span class='ocrx_word' id='word_1_253' title='bbox 481 3979 515 4014; x_wconf 91' lang='lat' dir='ltr'>ex</span> <span class='ocrx_word' id='word_1_254' title='bbox 535 3978 600 4014; x_wconf 83' lang='lat' dir='ltr'>aere</span> <span class='ocrx_word' id='word_1_255' title='bbox 618 3977 663 4014; x_wconf 89' lang='lat' dir='ltr'>res</span> <span class='ocrx_word' id='word_1_256' title='bbox 682 3959 899 4015; x_wconf 87' lang='lat' dir='ltr'>condensatione</span> <span class='ocrx_word' id='word_1_257' title='bbox 922 3964 951 4012; x_wconf 91' lang='lat' dir='ltr'>et</span> <span class='ocrx_word' id='word_1_258' title='bbox 972 3958 1159 4013; x_wconf 82' lang='lat' dir='ltr'>reressetione</span> <span class='ocrx_word' id='word_1_259' title='bbox 1176 3978 1324 4029; x_wconf 82' lang='lat' dir='ltr'>generare,</span> 
     </span>
     <span class='ocr_line' id='line_1_34' title="bbox 217 4056 1323 4125; baseline 0.003 -15"><span class='ocrx_word' id='word_1_260' title='bbox 217 4061 245 4110; x_wconf 89' lang='lat' dir='ltr'>et</span> <span class='ocrx_word' id='word_1_261' title='bbox 264 4057 328 4111; x_wconf 92' lang='lat' dir='ltr'>inde</span> <span class='ocrx_word' id='word_1_262' title='bbox 357 4058 485 4124; x_wconf 87' lang='lat' dir='ltr'>sumitur,</span> <span class='ocrx_word' id='word_1_263' title='bbox 514 4075 578 4111; x_wconf 90' lang='lat' dir='ltr'>eum</span> <span class='ocrx_word' id='word_1_264' title='bbox 604 4056 663 4110; x_wconf 85' lang='lat' dir='ltr'>aeri</span> <span class='ocrx_word' id='word_1_265' title='bbox 692 4057 894 4125; x_wconf 86' lang='lat' dir='ltr'>sempiternum</span> <span class='ocrx_word' id='word_1_266' title='bbox 925 4059 1051 4110; x_wconf 88' lang='lat' dir='ltr'>motum</span> <span class='ocrx_word' id='word_1_267' title='bbox 1080 4056 1217 4124; x_wconf 88' lang='lat' dir='ltr'>tribuere,</span> <span class='ocrx_word' id='word_1_268' title='bbox 1246 4057 1323 4114; x_wconf 84' lang='lat' dir='ltr'>hisee</span> 
     </span>
     <span class='ocr_line' id='line_1_35' title="bbox 216 4147 1323 4224; baseline -0.002 -17"><span class='ocrx_word' id='word_1_269' title='bbox 216 4153 321 4207; x_wconf 89' lang='lat' dir='ltr'>verbis:</span> <span class='ocrx_word' id='word_1_270' title='bbox 343 4159 495 4223; x_wconf 68' lang='lat' dir='ltr'>„xrvsfotnr</span> <span class='ocrx_word' id='word_1_271' title='bbox 516 4154 547 4206; x_wconf 77' lang='lat' dir='ltr'>ot</span> <span class='ocrx_word' id='word_1_272' title='bbox 569 4149 622 4206; x_wconf 81' lang='grc' dir='ltr'>ἀεί·</span> <span class='ocrx_word' id='word_1_273' title='bbox 643 4150 745 4222; x_wconf 77' lang='grc' dir='ltr'><em>οὐγὰρ</em></span> <span class='ocrx_word' id='word_1_274' title='bbox 763 4147 952 4223; x_wconf 74' lang='grc' dir='ltr'>μεταβάλλειν,</span> <span class='ocrx_word' id='word_1_275' title='bbox 970 4148 1024 4206; x_wconf 83' lang='grc' dir='ltr'>ὅσα</span> <span class='ocrx_word' id='word_1_276' title='bbox 1034 4149 1207 4223; x_wconf 73' lang='grc' dir='ltr'>μεταβάλλει,</span> <span class='ocrx_word' id='word_1_277' title='bbox 1227 4158 1257 4206; x_wconf 75' lang='lat' dir='ltr'>sl</span> <span class='ocrx_word' id='word_1_278' title='bbox 1277 4156 1323 4224; x_wconf 76' lang='grc' dir='ltr'>μὴ</span> 
     </span>
    </p>
   </div>
   <div class='ocr_carea' id='block_1_12' title="bbox 218 4250 368 4305">
    <p class='ocr_par' dir='ltr' id='par_1_13' title="bbox 218 4250 368 4305">
     <span class='ocr_line' id='line_1_36' title="bbox 218 4250 368 4305; baseline 0 -3"><span class='ocrx_word' id='word_1_279' title='bbox 218 4250 368 4305; x_wconf 76' lang='grc' dir='ltr'><strong><em>κινοῖτο.“</em></strong></span> 
     </span>
    </p>
   </div>
   <div class='ocr_carea' id='block_1_13' title="bbox 0 0 1436 4910">
    <p class='ocr_par' dir='ltr' id='par_1_14' title="bbox 0 0 1436 4910">
     <span class='ocr_line' id='line_1_37' title="bbox 0 0 1436 4910; baseline 0 0"><span class='ocrx_word' id='word_1_280' title='bbox 0 0 1436 4910; x_wconf 95' lang='lat' dir='ltr'> </span> 
     </span>
    </p>
   </div>
  </div>
 </body>
</html>
