2864 4910
629 389 682 444 373

90 579 129 624 re
155 580 226 624 non
248 577 344 642 posse
367 557 521 639 dubitari,
544 556 621 624 inde
643 565 787 642 apparet,
811 557 909 640 quod,
932 564 967 622 ut
987 565 1102 642 postea
1122 559 1209 626 vide-

91 667 220 750 bimus,
243 669 275 732 in
289 669 438 733 universa
453 667 686 733 Anaximandri
701 668 825 733 ratione
848 688 887 734 ea
908 669 1069 734 invenitur
1083 688 1208 750 caussa,
1241 705 1244 710 ·

89 797 166 859 qna
187 776 349 843 etdoiente
372 776 450 842 solis
473 777 583 842 orbem
596 778 775 862 oportuerit
798 779 938 842 omnium
955 777 1109 845 extimum
1131 779 1209 844 fieri.

89 886 170 952 Neo
194 906 270 952 vero
282 885 450 971 Hippolyti
463 887 683 952 narrationem
705 905 744 951 eo
759 886 960 970 labefactari
983 886 1070 969 quod
1083 893 1207 971 pugnat
1226 892 1229 903 '

90 1015 173 1060 eum
199 1015 238 1060 ea
253 997 449 1077 narratione,
472 1014 555 1079 quae
575 995 663 1079 apud
677 995 872 1061 Plaeitorum
888 997 1060 1080 scriptores
1081 996 1208 1080 legitur,

91 1104 183 1171 satis
207 1110 298 1188 patet
320 1125 360 1170 ex
381 1105 432 1184 iis,
457 1125 541 1188 quae
565 1104 606 1171 de
629 1103 690 1170 hae
712 1107 784 1189 ipsa
801 1125 837 1171 re
850 1111 946 1171 antea
960 1105 1206 1191 disputavimus.

204 1215 274 1280 Iam
296 1214 395 1298 igitur
427 1217 455 1280 si
474 1215 559 1281 hano
581 1215 749 1300 Hippolyti
778 1216 995 1281 narrationem
1018 1217 1206 1300 aoeipimus,

93 1345 175 1390 onm
192 1325 388 1390 Plaoitorum
411 1327 582 1410 seriptores
606 1325 723 1390 lunae
746 1326 878 1390 orbem
893 1324 1074 1391 referant
1095 1324 1206 1391 unde-

90 1433 251 1517 viginti
284 1435 465 1518 partibus
498 1440 604 1500 terra
631 1435 812 1500 maiorem
838 1433 969 1517 esse¹)‚
1002 1434 1148 1514 effioitur,
1171 1442 1207 1501 ut

93 1541 182 1608 solis
204 1544 291 1608 orbis
314 1542 552 1609 undevioies
574 1544 724 1627 viginti
752 1549 911 1626 septem,
941 1542 976 1609 id
999 1550 1056 1627 est,
1090 1545 1206 1608 DXIII

94 1652 248 1734 partibus
271 1653 374 1717 maior
397 1653 440 1718 sit
460 1674 555 1737 quam
580 1659 675 1734 terra,
695 1659 731 1717 ut
751 1653 848 1736 igitur
870 1654 943 1736 plus
966 1652 1148 1737 terDXIII,
1171 1652 1207 1718 id

96 1767 162 1843 est,
196 1762 268 1845 plus
290 1759 501 1826 MDXXXIX
524 1763 601 1828 solis
623 1763 811 1846 apparentis
838 1762 1013 1828 diametros
1035 1765 1206 1829 contineat.

94 1871 192 1936 Haeo
213 1876 330 1937 autem·
345 1869 605 1955 magnitudinum
632 1874 728 1954 ratio,
751 1873 899 1953 quamvis
920 1872 1091 1956 plurimum
1120 1872 1207 1938 absit
1294 1939 1296 1948 χ

94 2003 118 2046 a
141 1982 191 2047 rei
212 1981 358 2062 veritate,
391 1987 500 2047 tamen
526 2003 590 2047 non
618 1980 775 2047 eiusmodi
807 2001 879 2048 esse
908 1980 1045 2064 videtur,
1073 1987 1109 2047 ut
1140 2001 1203 2047 non

99 2092 209 2174 possit
222 2092 387 2157 ooneiliari
399 2111 471 2157 eum
483 2112 523 2157 ea
538 2091 699 2176 opinione,
716 2110 780 2174 qua
794 2091 872 2156 solis
888 2091 975 2156 orbis
988 2089 1135 2157 credatur
1149 2111 1204 2156 an-
1275 2139 1278 2144 -

94 2202 194 2266 nulus
205 2220 263 2283 per
277 2206 378 2266 totum
407 2201 490 2266 ooeli
505 2200 659 2266 ambitum
675 2199 850 2283 pertinens.
893 2200 979 2282 Ergo
994 2199 1074 2265 nihil
1097 2199 1204 2266 adhue

96 2313 287 2393 invenimus,
312 2331 374 2394 quo
386 2311 585 2397 probaretur,
609 2310 693 2376 hano
715 2330 779 2375 non
798 2329 871 2378 esse
882 2309 1115 2376 Anaximandri
1138 2312 1204 2393 opi-

98 2421 244 2500 nionem3
269 2429 366 2502 atque
383 2419 417 2485 id
439 2421 573 2506 primum
593 2425 671 2484 erat.

200 2530 344 2596 Alterum
367 2534 599 2614 argumentum,
620 2547 684 2612 quo
700 2528 845 2594 Zellerus
868 2528 977 2608 utitur,
1000 2534 1049 2594 est
1072 2527 1203 2610 quidam

98 2638 235 2705 thillis
257 2639 345 2704 Tatii
378 2637 510 2720 loous2).
545 2658 609 2720 quo
637 2636 761 2702 directo
793 2637 924 2720 probari
948 2644 1050 2722 putat,
1086 2638 1204 2704 Anaxi-

97 2746 227 2813 mandri
260 2749 423 2814 stellarum
457 2747 551 2814 orbes
584 2765 657 2813 esse
690 2748 828 2831 planos
861 2745 1063 2827 oylindros
1092 2748 1202 2824 tales,

97 2858 212 2940 quales
234 2856 473 2940 descripsimus.
516 2855 581 2922 Sed
604 2855 735 2921 fallitur.
776 2855 908 2922 ‘Etenim
925 2855 1050 2933 Tatius,
1074 2855 1203 2922 diversa

97 2967 139 3032 de
163 2967 231 3032 sole
254 2966 375 3048 placita
403 2964 556 3044 referens,
589 2964 649 3030 hoo
670 2965 742 3030 loeo
770 2964 892 3047 „aliqui
916 2964 1053 3046 autem“,
1088 2964 1201 3047 inquit,

101 3077 152 3152 „in
175 3073 299 3156 quibus
320 3071 562 3139 Anaximander
585 3093 712 3157 quoque
734 3079 794 3148 est,
815 3074 915 3138 solem
948 3072 1057 3139 dieunt
1079 3073 1202 3141 luoem

97 3181 306 3249 effundero
340 3189 453 3249 rotae
487 3181 620 3268 figura
651 3188 838 3258 utentem;
873 3189 909 3248 ut
942 3183 1027 3248 enim
1066 3183 1100 3247 in
1132 3189 1204 3248 rota

97 3313 198 3360 navus
219 3294 262 3358 sit
276 3292 447 3375 modiolus,
471 3314 512 3358 ex
528 3292 589 3358 hoo
602 3298 709 3359 autem
724 3290 809 3359 radii
825 3291 1040 3358 extendantur
1053 3292 1096 3358 ad
1111 3298 1201 3358 rotae

97 3409 303 3469 curvaturam
326 3402 527 3469 extrinsecus
549 3403 861 3485 circumcurrentem,
884 3402 932 3468 sio
954 3403 1064 3484 solem,
1088 3423 1160 3468 eum
1183 3424 1200 3468 e

97 3533 194 3579 oavo
217 3513 342 3578 lueem
365 3511 528 3590 emittat,
557 3512 671 3578 huius
700 3512 803 3578 lueis
828 3512 961 3578 radios
984 3512 1201 3579 extendere

97 3623 205 3706 iisque
230 3623 432 3689 extrinseous
454 3623 563 3688 amnia
585 3623 618 3687 in
641 3622 775 3688 oirouitu
797 3620 1038 3704 collustrare³)“

201 3902 226 3970 l)
246 3901 323 3956 Stob.
342 3901 403 3956 Eol.
422 3902 444 3970 1,
463 3901 497 3956 26
516 3920 543 3971 p.
563 3902 628 3956 548:
655 3902 734 3965 ,,Ἀν.
753 3897 814 3969 (τὴν
836 3895 962 3970 σελήνην)
980 3894 1096 3954 κύκλον
1114 3900 1199 3953 εἶναι

101 3993 502 4052 ἐννεακαιδεκαπλάσιον
525 3997 581 4064 τῆς
606 3998 675 4068 γῆς,
703 3993 802 4068 ὅμοιον
827 3993 964 4067 ἁρματείῳ
991 3997 1091 4067 τροχῷ,
1127 3995 1200 4052 κτλ.“

97 4095 175 4150 Idem
198 4093 326 4149 referunt
343 4094 416 4149 Plut.
435 4095 511 4149 Plau.
531 4094 580 4160 111,
599 4097 648 4163 25;
667 4095 763 4149 Galen.
783 4095 833 4162 15;
850 4093 952 4148 Euseb.
971 4092 1031 4156 XV,
1052 4094 1096 4147 26.

198 4192 226 4258 2)
246 4190 540 4262 thill.'l'aot.1sag.
560 4208 582 4246 c.
604 4193 651 4260 19;
670 4191 726 4245 vid.
744 4194 802 4245 not.
823 4207 880 4260 seq.

197 4290 223 4355 3)
243 4288 347 4343 Achill.
359 4287 436 4344 Tact.
451 4289 469 4342 l.
483 4289 515 4344 l.:
536 4287 623 4358 ητινὲς
642 4288 683 4357 δέ,
702 4273 741 4343 ὧν
758 4288 815 4341 ἔστι
834 4290 880 4341 καὶ
892 4283 1113 4360 Ἀναξίμανδρος,
1125 4290 1197 4361 φασὶ
