2882 4902
789 346 824 400 to

256 519 422 586 nitatem
445 525 599 600 tanquam
620 538 687 583 rem
709 538 766 602 per
786 538 822 584 se
844 524 1057 598 annotantem,
1086 519 1145 585 aed
1167 528 1357 584 naturam

258 630 450 714 quandam
471 627 635 694 infinita
657 627 927 711 magnitudine
942 629 982 693 in
998 649 1126 694 omnes
1140 635 1279 714 partes
1303 647 1356 692 err·

258 747 410 806 tensam
443 737 652 804 intellexisse.
697 736 735 802 Id
759 738 844 804 enim
865 738 917 802 vel
940 737 1017 804 inde
1038 746 1159 805 eertum
1179 746 1238 818 est,
1274 737 1357 822 quod

257 849 447 916 Aristoteles
479 867 589 914 omnes
624 847 779 931 physicos
809 846 890 914 dioit
922 847 1048 913 infinito
1080 848 1227 916 subioere
1258 848 1357 914 aliam

259 959 420 1045 quandam
437 966 595 1042 naturam,
618 977 702 1040 quae
724 959 767 1024 sit
784 957 919 1036 infinita,
943 958 1012 1024 sive
1036 958 1115 1025 haeo
1138 959 1181 1024 sit
1201 978 1304 1024 unum
1320 977 1356 1022 er

258 1071 435 1152 elementia,
465 1069 566 1135 veluti
592 1089 678 1152 aqua
700 1075 756 1135 aut
777 1089 842 1148 aer,
866 1070 935 1136 sive
959 1075 1074 1134 natura
1094 1068 1252 1152 quaedam
1276 1071 1356 1134 inter

257 1181 339 1246 lraeo
368 1179 478 1246 media
507 1179 720 1260 interieota1).
763 1179 866 1258 Quam
893 1179 1025 1262 quidem
1052 1186 1199 1246 naturam
1217 1178 1354 1244 mediam

259 1298 374 1376 postea
393 1290 575 1357 videbimus
598 1290 832 1356 Anaximandri
854 1309 935 1357 esse.

358 1401 446 1466 Haeo
468 1407 575 1466 autem
587 1407 703 1466 natura
721 1421 785 1467 non
805 1407 855 1466 est
869 1401 1004 1467 materia
1016 1421 1055 1466 ea
1078 1403 1203 1467 ratione
1214 1407 1354 1485 aeoepta,

260 1531 326 1594 qua
354 1508 448 1575 Plato
478 1515 510 1576 et
542 1511 647 1594 magis
676 1510 773 1575 etiam
799 1509 987 1576 Aristoteles
1014 1510 1170 1576 materiae
1197 1509 1354 1576 notionem

259 1620 571 1714 informaverant&
597 1619 743 1702 Namque
767 1620 795 1685 ai
816 1620 1005 1686 Aristoteles
1028 1639 1137 1686 omnes
1167 1621 1213 1686 ait
1234 1620 1353 1685 infinito

258 1729 414 1795 materiae
443 1729 514 1794 looo
542 1727 634 1810 uti⁸),
662 1727 696 1793 id
719 1728 849 1810 quidem
872 1748 982 1794 verum
1010 1735 1060 1795 est
1089 1748 1129 1794 ea
1150 1735 1252 1815 parte,
1280 1749 1351 1812 qua·

258 1846 351 1904 tenus
381 1858 491 1905 omnes
514 1859 565 1904 res
587 1858 628 1904 ex
649 1857 722 1903 sese
742 1845 875 1922 generat
896 1839 1002 1921 iisque
1028 1838 1174 1905 subiecta
1198 1846 1267 1919 eat3
1294 1838 1351 1924 ipsi

244 1949 346 2015 enim
373 1949 439 2013 iarn
465 1947 606 2013 vidimus
634 1967 793 2014 summum
821 1969 927 2014 rerum
950 1949 1147 2034 principium
1177 1950 1220 2016 ab
1239 1949 1351 2014 Anaxi·

260 2057 394 2124 mandre
424 2057 622 2143 appellatum
658 2077 729 2124 ease
762 2051 800 2120 nd
835 2052 1068 2140 &moraliorem
1107 2059 1166 2125 sed
1197 2059 1272 2126 iude
1292 2079 1350 2124 non

259 2169 413 2251 sequitur,
437 2173 473 2233 ut
492 2167 630 2232 materia
648 2187 730 2250 pura
749 2168 792 2232 sit
813 2167 960 2250 nihilque
983 2168 1073 2234 aliud
1094 2188 1193 2251 quam
1215 2167 1350 2244 materia,

260 2275 531 2358 quemadmodum
552 2276 748 2345 Planitorum
770 2277 953 2361 scriptores,
985 2277 1044 2342 illa
1071 2277 1210 2344 fortasse
1234 2277 1348 2342 Aristo·

258 2385 333 2450 telis
365 2386 466 2452 verba
499 2385 581 2452 falso
614 2387 827 2468 interpretati,
860 2385 984 2471 opinati
1016 2384 1131 2469 sunt⁴).
1175 2387 1283 2470 Neque
1314 2405 1351 2450 ea
1420 2427 1421 2430 κ

259 2493 370 2579 opinio
391 2515 469 2561 vera
491 2501 549 2571 eat,
582 2515 665 2577 quae
701 2494 793 2560 illam
813 2503 961 2562 naturam
983 2496 1025 2561 ab
1046 2495 1286 2562 Anaximandro
1306 2495 1351 2558 ita

259 2603 406 2687 intellegi
435 2611 536 2689 putat,
572 2611 607 2670 nt
633 2604 676 2670 sit
706 2606 833 2690 ipsum
863 2626 930 2672 ens
962 2605 1106 2689 generali
1134 2606 1262 2672 notione
1281 2623 1351 2669 eon·

259 2718 385 2797 ceptum
419 2720 451 2779 et
478 2713 519 2779 ab
541 2713 616 2780 aliis
640 2714 810 2796 quibusvis
841 2715 1106 2781 attributionibus
1134 2714 1308 2781 seiunctum
1317 2714 1348 2789 ⁵).
1420 2773 1421 2784 ,

256 2824 404 2905 Namque
429 2830 477 2890 est
499 2821 629 2906 quidem
651 2823 776 2908 ipsum
798 2843 865 2889 eus
885 2823 1032 2890 sive'ens
1050 2823 1240 2901 absolutum,
1263 2821 1349 2905 quale
1420 2831 1421 2842 ¹

259 2932 502 2998 Anaximander
517 2940 623 2998 mente
640 2933 838 3013 informavit;
858 2932 916 2998 sed
928 2954 993 2999 non
1005 2933 1147 2999 eontinet
1167 2931 1349 2997 notionem

257 3041 362 3124 ipsius
379 3041 472 3120 entia,
496 3045 655 3124 quatenus
671 3041 705 3106 id
720 3062 778 3126 per
793 3062 828 3108 se
844 3043 914 3108 sola
928 3042 1124 3128 cogitatione
1145 3040 1317 3124 coneipitur
1332 3056 1349 3100 a

258 3147 373 3230 quavis
396 3147 463 3212 alia
487 3146 705 3226 attributione,
729 3166 811 3230 quae
833 3147 963 3230 quidem
979 3167 999 3212 a
1015 3148 1163 3215 sensibus
1186 3149 1285 3234 petita
1303 3145 1347 3220 ait,
1420 3147 1421 3182 ³

360 3365 385 3434 l)
404 3365 483 3433 Phys·
505 3365 552 3434 ΙΙΙ,
574 3366 600 3418 4.
619 3365 757 3420 203216:
797 3370 840 3434 „ol
865 3367 896 3420 ol
928 3370 991 3436 περὶ
1020 3361 1130 3438 φύσεως
1160 3363 1279 3426 ἅπαντες
1303 3361 1346 3416 ἀεὶ

258 3459 484 3514 ὑποτιθέασιν
514 3461 632 3530 ἑτέραν
659 3459 734 3515 τινὰ
766 3457 870 3533 φύσιν
896 3464 938 3533 τῷ
963 3459 1093 3533 ἀπείρῳ
1122 3464 1177 3518 τῶν
1195 3467 1347 3534 λεγομένων,

259 3562 411 3627 στοιχείων,
432 3551 492 3610 οἷον
510 3552 584 3628 ὕδωρ
603 3551 619 3624 ἢ
638 3553 713 3628 ἀέρα,
734 3551 750 3624 ἢ
769 3556 799 3612 τὸ
818 3556 917 3629 μεταξὺ
935 3557 1063 3614 τοὺτων.“

358 3655 384 3716 2)
403 3653 435 3706 Id
454 3658 530 3708 reete
547 3654 619 3709 vidit
637 3655 684 3709 Fr.
705 3655 841 3723 Micholis,
872 3655 924 3710 Die
943 3655 1121 3726 Philosophia
1140 3656 1254 3710 Platona
1273 3673 1297 3724 p.
1317 3653 1346 3704 68

259 3767 427 3819 quamquam
446 3751 615 3820 generaliter
626 3754 736 3805 tanturn
746 3769 797 3806 nee
807 3769 873 3807 vero
882 3751 1017 3807 historiae
1033 3754 1203 3807 testimoniis
1221 3752 1345 3822 probavit.

275 3828 279 3836 ¹
359 3845 387 3916 3)
405 3846 487 3915 Phys.
507 3847 556 3915 ΙΙΙ,
572 3850 597 3902 7.
609 3849 684 3902 208³
697 3851 729 3901 2:
747 3889 765 3917 ‚,
785 3854 930 3920 φαίνονται
947 3849 978 3903 dd
997 3843 1096 3910 πάντες
1113 3854 1159 3904 καὶ
1180 3853 1207 3902 οἱ
1225 3843 1346 3903 diluculi

256 3938 317 4016 r‘r'lq
333 3938 517 4015 χρώμενοι
534 3945 578 4016 τῷ
597 3941 758 4017 ἀπείρῳ.“

357 4040 386 4108 4)
403 4039 474 4096 Plut.
486 4039 559 4096 Plan.
571 4040 592 4095 Ι.
604 4042 634 4094 3:
655 4039 703 4110 „nd
714 4039 768 4112 γὰρ
779 4035 895 4111 ἄπειρον
912 4039 1015 4098 οὐδὲν
1033 4036 1116 4096 r’r'llo
1136 4035 1152 4110 ἢ
1171 4039 1228 4110 ὕλη
1241 4039 1345 4096 interl

260 4135 370 4190 Pariter
389 4135 535 4192 Stobaeus.

359 4233 388 4303 5)
409 4232 488 4288 Hane
506 4235 667 4305 opinionem
686 4235 814 4291 defendit
831 4237 880 4294 Fr.
896 4236 1023 4292 Miohelis
1041 4236 1058 4291 l.
1077 4237 1096 4292 l.
