2850 4904
525 337 528 342 Ι
624 377 675 429 139

87 548 117 612 01
143 566 263 612 001000
287 548 479 630 interpretes
501 566 565 612 una
579 545 889 629 comprehendimus,
912 548 976 612 iam
991 547 1097 612 nullus
1120 547 1204 611 eius-

87 655 186 722 modi
202 655 386 723 Aristotelis
407 657 497 721 locus
517 643 715 738 relinquitur,
739 655 810 737 qui
833 673 910 720 non
931 654 979 721 ad
1002 654 1104 722 hunc
1118 654 1205 738 phi·

88 764 307 850 losophum
329 767 532 832 referatur.
1184 747 1186 754 ¹

200 873 282 940 Cum
304 875 404 959 igitur
424 893 535 941 omnes
567 876 599 939 in
629 873 691 942 hac
715 873 949 939 Anaximandri
978 871 1127 958 principii
1149 893 1204 938 no-

89 987 188 1052 tione
214 985 428 1076 corruentium,
460 985 506 1050 sic
533 1005 604 1051 eam
626 984 745 1068 ubique
768 989 960 1068 proponunt,
991 990 1026 1050 ut
1055 1003 1128 1050 eam
1160 985 1204 1048 vi-

90 1095 240 1160 deantur
260 1113 336 1160 001
362 1095 666 1161 ratiocinatione
690 1093 854 1177 quadam
875 1093 937 1160 vel
968 1091 1089 1160 etiarn
1121 1113 1205 1160 con·

92 1206 255 1270 iectura
284 1202 535 1270 informatam
567 1203 636 1270 sed
668 1203 861 1269 historiae
896 1201 976 1269 fide
1007 1210 1205 1286 acceptam

95 1313 258 1380 habere.
302 1312 341 1378 Id
363 1312 450 1396 quod
472 1313 548 1378 inde
571 1318 716 1396 apparet,
740 1311 827 1395 quod
849 1311 933 1378 hano
954 1311 1116 1378 notionem
1139 1311 1206 1377 ubi-

94 1443 163 1506 que
186 1429 384 1506 tamquam
405 1442 483 1488 rem
505 1425 656 1488 omnino
675 1428 803 1488 notam
826 1423 968 1488 10101001
989 1426 1086 1503 atque
1109 1423 1206 1487 etiam

96 1532 183 1598 duas
208 1531 283 1598 illas
307 1530 435 1598 mediae
468 1537 602 1598 naturae
634 1532 760 1617 specics
783 1533 853 1598 sine
886 1531 952 1598 ullo
972 1529 1206 1596 incertitudinis

98 1641 197 1723 signo
221 1639 276 1704 uni
288 1636 531 1704 Anaximandro
554 1637 706 1718 1111101101,
730 1639 819 1705 nulla
840 1640 942 1706 mirae
957 1638 1052 1706 huius
1072 1638 1206 1706 rationis
1317 1701 1319 1706 .

98 1747 319 1832 explicatione
341 1746 466 1830 addita;
499 1749 546 1814 sic
567 1747 654 1814 enim
681 1768 736 1814 000
766 1749 907 1815 maxime
929 1769 989 1834 par
1010 1755 1060 1815 est
1081 1751 1113 1815 in
1135 1769 1207 1816 nar-

99 1857 208 1924 randa
229 1856 339 1939 aliqua
361 1876 396 1922 re
413 1859 545 1939 versari,
580 1859 644 1940 qui,
676 1859 824 1940 quamvis
846 1857 1018 1926 110001οι0
1043 1879 1107 1925 non
1130 1878 1209 1943 pos·

100 1967 169 2034 sint
191 1967 365 2050 explicare,
389 1971 496 2032 tamen
518 1965 654 2032 historia
676 1966 828 2032 traditam
849 1987 922 2034 esse
946 1969 1058 2032 sciant.
1100 1967 1207 2050 Atque

102 2076 293 2161 Simplicius
316 2076 424 2158 etiam,
449 2081 618 2161 postquam
641 2076 730 2141 illam
751 2078 913 2143 notionem
935 2076 1067 2161 rettulit,
1090 2076 1207 2144 disere·
1241 2160 1243 2164 ι

103 2194 222 2272 pantes
251 2185 389 2251 aliorum
422 2187 596 2250 sententias
626 2184 799 2268 diligenter
832 2185 962 2251 refellit.
1006 2184 1114 2263 Quare
1144 2186 1208 2250 iam

104 2294 324 2379 quaerendum
352 2301 411 2376 001,
433 2313 452 2360 0
476 2313 615 2376 quonam
637 2294 725 2359 fonte
750 2294 837 2360 illam
860 2294 1094 2360 Anaximandri
1125 2297 1207 2379 prin-

104 2405 182 2489 cipii
205 2405 368 2470 notionem
390 2403 584 2488 acceperint.

205 2512 282 2598 Ipso
304 2512 538 2580 Anaximandri
553 2513 636 2580 libro
663 2520 750 2580 00110
780 2515 832 2579 001
854 2534 918 2580 000
940 2519 1029 2588 0001;
1058 2512 1092 2578 id
1123 2512 1208 2595 quod

104 2646 168 2691 non
192 2622 269 2690 inde
300 2622 441 2706 quidem,
475 2621 561 2704 quod
592 2623 624 2686 in
660 2621 870 2706 proponenda
901 2624 956 2687 illa
978 2620 1210 2687 Anaximandri

104 2735 256 2818 principii
283 2734 413 2799 notione
442 2730 605 2814 quandam
640 2730 785 2797 veritatis
813 2731 1070 2797 incertitudinem
1104 2736 1208 2796 osten-

105 2843 227 2925 10011),
246 2877 285 2888 -
302 2841 384 2908 hanc
398 2840 529 2906 enimin
553 2839 592 2905 iis
604 2835 668 2906 non
681 2840 815 2926 reperiri
825 2838 965 2905 vidimus
978 2875 1016 2884 -
1031 2838 1090 2905 sed
1101 2859 1119 2904 e
1131 2837 1208 2904 dua-

105 2952 249 3019 busaliis
272 2950 448 3018 rationibus
461 2949 666 3032 intellegitur.
689 2947 1024 3014 PrimumAlexander
1036 2954 1068 3014 01
1079 2947 1209 3032 Simpli-

106 3063 175 3129 cius
198 3083 256 3146 pro
281 3081 328 3138 00,
352 3079 416 3144 qua
432 3066 506 3126 0001
527 3059 699 3143 diligentia
715 3065 747 3125 et
763 3064 851 3125 recte
866 3058 1077 3143 intellegendi
1093 3057 1209 3141 studio,

106 3171 293 3256 pariterque
315 3169 524 3253 Philoponus,
548 3169 604 3251 qui
628 3169 661 3234 in
676 3166 910 3234 Anaximandri
926 3155 1085 3252 principio
1108 3165 1209 3250 expli-

106 3280 211 3348 cando
226 3271 497 3364 diligentissimus
512 3284 570 3362 001,
590 3278 632 3344 110
648 3279 739 3354 10010,
763 3278 881 3361 quibus
897 3277 977 3344 duas
993 3277 1067 3343 illas
1082 3276 1209 3344 mediae

106 3398 241 3458 naturae
264 3391 390 3473 species
415 3390 512 3456 simul
533 3387 685 3455 adunam
700 3387 932 3455 Anaximandri
956 3389 1148 3474 principium
1162 3406 1209 3452 re-

106 3501 223 3574 101001,
252 3519 314 3566 000
337 3498 434 3566 facile
456 3499 607 3564 omissuri
630 3498 776 3576 fuissent,
806 3497 889 3564 hanc
912 3497 1027 3563 miram
1051 3496 1211 3570 rationem

107 3630 147 3677 ex
168 3608 404 3676 Anaximandri
424 3608 508 3674 libro
526 3608 697 3692 explicare,
717 3607 746 3673 si
768 3605 853 3682 hunc
874 3607 993 3674 librum
1012 3605 1210 3674 habuissent.

109 3718 235 3786 Deinde
247 3717 442 3802 Simplicina
464 3723 500 3783 ut
522 3717 586 3782 iarn
609 3715 650 3782 de
665 3715 726 3783 hoc
741 3718 811 3782 0010
826 3717 950 3800 loquar,
974 3715 1099 3782 duobus
1120 3715 1210 3796 locis,

110 3828 195 3895 etin
217 3827 363 3912 generali
387 3827 445 3892 illa
466 3826 507 3893 de
524 3825 790 3911 philosophorum
812 3825 979 3910 principiis
994 3825 1211 3910 disputatione

111 3945 141 4004 et
162 3940 196 4003 in
219 3937 434 4022 explicatione
458 3938 528 4003 eius
551 3935 735 4003 Aristotelis
759 3936 822 4002 1001
843 3935 951 4020 (Phys.
976 3936 1002 4019 Ι,
1016 3933 1060 4018 4),
1084 3955 1147 4019 quo
1169 3934 1211 4001 ab

112 4045 171 4114 hoc
189 4048 328 4132 primum
345 4053 460 4113 natura
475 4047 560 4113 inter
579 4066 686 4112 aerem
709 4052 741 4111 01
756 4045 863 4129 ignem
878 4043 988 4112 media
1009 4051 1211 4122 memoratur,

212 4293 239 4365 l)
256 4293 358 4360 Zeller‚
377 4292 474 4349 Gesch.
494 4296 546 4348 010.
565 4292 586 4356 1,
604 4309 631 4362 p.
653 4294 711 4347 189.
