2850 4904
740 339 794 392 216

208 517 412 602 principium,
433 541 476 585 an
498 520 612 586 horum
633 540 762 604 quoque
785 522 916 603 aliqui
933 527 1095 599 tantum,
1122 521 1233 600 idest,
1256 520 1319 584 ali·

210 647 286 709 qua
308 627 442 693 horum
465 649 555 713 pars
577 629 743 708 dicantur;
766 630 865 696 facile
889 629 979 694 enim
1001 635 1095 713 patet
1115 631 1187 714 ipsa
1200 630 1320 694 Aristo-

210 737 282 801 telis
304 737 404 802 verba
427 739 499 821 pari
522 738 593 804 iure
616 747 751 822 utroque
772 737 868 804 modo
900 737 1010 822 accipi
1039 759 1147 822 posse.
1189 737 1322 804 Videtur

209 849 316 910 autem
337 846 467 913 aliunde
487 854 575 914 certo
597 849 729 933 probari
752 868 861 932 posse,
885 849 958 913 illos
978 839 1142 930 ‘aliquos'
1166 846 1320 913 eosdem

211 955 356 1037 intellegi
378 962 476 1039 etque
497 977 564 1030 eos,
597 957 653 1038 qui
684 951 724 1020 τὸ
747 945 889 1038 ἄπειρον
910 955 965 1020 καὶ
986 951 1026 1020 ud
1049 955 1204 1038 περιέχον
1236 955 1320 1040 prin·
1407 959 1408 1004 l

210 1065 331 1148 cipium
354 1073 485 1149 ponant.
528 1067 678 1150 Namque
707 1066 737 1133 si
758 1066 874 1133 horum
896 1087 959 1131 non
992 1067 1056 1133 nisi
1080 1068 1203 1149 aliqui
1229 1066 1319 1131 intel·
1407 1111 1408 1120 2

212 1176 406 1257 legerentur,
429 1178 537 1260 plures
561 1176 662 1244 fuisse
678 1181 842 1268 oporteret
863 1175 1076 1261 philosophos
1099 1177 1173 1242 aliis
1193 1174 1320 1259 quidem

214 1286 309 1350 rebus
331 1283 558 1352 dissentientes
590 1306 629 1351 cc
661 1307 740 1352 uero
763 1286 856 1370 vinter
885 1307 920 1352 se
952 1285 1204 1362 eonsentientes,
1237 1283 1321 1366 quod

214 1394 333 1478 pariter
364 1379 567 1477 cuidamque
598 1393 653 1458 καὶ
676 1395 715 1459 ud
738 1392 894 1475 περιέχον
925 1396 1128 1482 principium
1162 1399 1320 1480 ponerent.
1407 1375 1408 1392 i

214 1504 257 1569 At
280 1504 387 1586 paullo
414 1511 488 1587 post
510 1503 728 1585 ostendemus,
751 1505 861 1588 plures
889 1505 1020 1587 quidem
1045 1505 1164 1570 referri
1185 1504 1321 1588 philosc-
1407 1499 1408 1574 ζ

162 1593 166 1602 ’
214 1613 305 1697 phos,
328 1612 383 1694 qui
405 1630 510 1676 rerum
538 1611 733 1694 principium
755 1609 981 1676 contenderint
1008 1629 1082 1675 esse
1112 1598 1321 1690 ἄπειρονκαὶ
1407 1583 1408 1624 i

216 1701 378 1802 περιέχον,
410 1718 470 1785 sed
497 1739 610 1784 unum
637 1721 775 1800 solum,
806 1719 862 1800 qui
885 1717 1003 1784 dixerit
1030 1715 1085 1780 ‘cd
1110 1707 1321 1800 ἄπειρονκαὶ

215 1823 253 1893 τὸ
277 1826 452 1910 περιέχον’.
499 1828 585 1912 Ergo
613 1830 661 1894 ilii
682 1827 801 1910 ‘aliqui
813 1825 831 1910 ‘‚
863 1829 920 1910 qui
953 1825 992 1890 τὸ
1029 1816 1172 1909 ἄπειρον
1202 1824 1254 1890 καὶ
1285 1819 1319 1886 cd

217 1935 370 2019 περιέχον
393 1937 472 2003 illud
494 1931 532 2001 τὸ
546 1932 637 2020 παρὰ
658 1931 698 2000 τὰ
720 1940 866 2017 στοιχεῖα
882 1936 1004 2018 dicant,
1024 1939 1211 2002 necessario
1232 1934 1321 2000 intei-
1407 1995 1408 2000 ,

217 2049 367 2130 leguntur
389 2065 519 2113 omncs
543 2048 576 2128 ii,
599 2048 653 2130 qui
675 2041 713 2110 ud
743 2034 884 2126 ἄπειρον
913 2044 969 2108 καὶ
993 2039 1031 2108 ud
1059 2043 1214 2125 περιέχον
1239 2045 1320 2129 prin-

220 2157 339 2239 cipium
369 2164 500 2240 ponant,
529 2158 761 2239 intelleguntur
796 2155 897 2239 igitur
930 2155 1050 2220 iidem
1083 2161 1182 2237 atque
1203 2155 1235 2230 ii,
1269 2153 1320 2236 qui

220 2267 280 2331 hoc
303 2272 425 2350 ponant
445 2265 648 2351 principium.
694 2266 763 2330 Iam
786 2265 885 2348 igitur
908 2265 1083 2346 quaeritur,
1107 2263 1164 2346 qui
1186 2264 1228 2329 ab
1252 2262 1320 2326 Ari-

220 2378 334 2442 stotele
349 2377 577 2460 intellegantur
601 2376 634 2458 ii,
657 2375 712 2458 qui
733 2375 771 2438 cd
786 2362 926 2457 ἄπειρον
949 2373 1003 2437 καὶ
1017 2368 1056 2437 τὸ
1067 2371 1220 2459 περιέχον
1241 2372 1320 2456 prin·
1407 2423 1408 2440 ,

221 2486 341 2571 cipium
363 2491 492 2569 ponant.

319 2595 370 2660 Ex
385 2594 465 2678 ipsis
477 2594 674 2676 quaestionis
696 2593 805 2659 verbis
819 2599 965 2676 apparet,
987 2612 1052 2657 non
1065 2590 1214 2675 intellegi
1231 2607 1319 2675 posse
1349 2663 1351 2670 y
1394 2580 1398 2593 '

221 2726 332 2772 omnes
354 2725 419 2786 eos,
442 2704 497 2786 qui
518 2721 622 2768 rerum
646 2702 841 2786 principium
868 2721 941 2767 esse
966 2700 1077 2766 dicant
1106 2689 1246 2782 ἄπειρον
1272 2695 1320 2759 καὶ

142 2857 148 2868 ,
221 2813 382 2898 περιέχον,
404 2833 515 2878 verum
538 2832 593 2878 eos
616 2813 728 2893 selum,
750 2811 807 2894 qui
829 2810 941 2876 dicant
964 2803 1003 2872 ud
1025 2797 1167 2891 ἄπειρον
1195 2807 1248 2872 καὶ
1267 2827 1318 2869 πε-

149 2985 152 2992 .
222 2924 329 3009 ριέχον
353 2959 389 2970 -
412 2922 481 2988 sive
504 2917 543 2985 τὸ
565 2918 718 3003 περιέχον
735 2942 787 3002 -;
810 2918 891 2984 nibil
915 2919 1001 2985 enim
1024 2919 1133 2997 refert,
1157 2925 1261 2984 utrum
1281 2913 1320 2981 ad

224 3034 283 3100 boc
305 3033 495 3100 vocabulum
526 3032 681 3098 articulus
713 3036 880 3115 repetatur
913 3047 973 3096 nec
998 3048 1048 3094 ne.
1093 3027 1132 3092 ld
1154 3035 1261 3094 antem
1281 3023 1320 3092 ad

225 3165 319 3211 unum
355 3144 494 3226 pertinet
515 3141 801 3208 Anaximandrum.
845 3139 988 3205 Primum
1016 3137 1102 3204 enim
1125 3139 1211 3204 hunc
1233 3137 1320 3204 certis

224 3256 377 3321 historiae
404 3252 595 3318 testimoniis
619 3254 735 3318 scimus
765 3271 871 3316 rerum
900 3250 1093 3334 principium
1119 3247 1320 3333 posuissent

222 3355 362 3444 dacique
395 3370 492 3446 atque
525 3363 620 3428 etiarn
662 3361 721 3424 τοῦ
755 3357 896 3440 ἀπείρου
931 3360 1060 3424 nomine
1098 3359 1320 3444 appellavisse,
1407 3399 1408 3414 2

223 3481 351 3561 praeter
374 3469 459 3539 hune
481 3478 588 3537 autem
612 3471 750 3536 refertur
772 3470 888 3542 nullus,
923 3471 978 3550 qui
1008 3468 1068 3534 hoc
1090 3467 1186 3533 modo
1210 3463 1320 3550 princi-

223 3585 313 3668 pium
347 3581 534 3648 definiverit.
591 3579 717 3645 Deinde
746 3578 829 3644 hunc
865 3578 935 3661 ipse
967 3578 1160 3643 Aristoteles
1193 3583 1321 3642 testatur

225 3693 381 3759 infinitum
418 3690 607 3776 principium
653 3688 776 3753 dixisse
818 3683 1053 3767 ,περιέχειν
1088 3679 1242 3748 ἅπαντα
1275 3681 1321 3746 καὶ

224 3801 331 3866 πάντα
353 3798 528 3882 κιβερνᾶν“
540 3801 574 3880 ¹),
597 3819 636 3864 ao
657 3803 905 3882 postcummun,
928 3795 998 3860 sine
1022 3793 1121 3860 dubio
1145 3793 1230 3860 hanc
1245 3795 1320 3859 dna-

230 3989 426 3998 ———-

329 4123 354 4191 l)
373 4119 455 4188 Phys.
475 4119 523 4189 111,
542 4121 567 4173 4.
587 4123 660 4174 2031)
678 4118 718 4185 11,
747 4117 776 4171 in
794 4116 985 4186 disputatione
1012 4115 1047 4170 de
1075 4114 1256 4184 physicorum
1285 4117 1322 4169 in·

226 4219 315 4287 finito,
335 4217 500 4272 Aristoteles
520 4218 571 4271 ait:
593 4248 643 4286 ‚‚—
663 4213 728 4282 ιιῧιη
751 4212 779 4283 (ἡ
798 4209 869 4284 ἀρχὴ
894 4212 983 4282 δοκεῖ)
1002 4214 1178 4281 περιέχειν
1195 4208 1323 4266 ἅπαντα
