2850 4904
626 368 677 424 alr

98 539 279 624 separatim
301 539 532 623 demonstrare,
554 560 605 623 nc,
629 541 656 605 si
678 541 761 606 forte
786 539 827 606 dc
851 543 922 606 unis
944 542 996 606 vel
1016 541 1127 608 altoris
1143 561 1206 606 non

99 656 187 714 esset
210 645 474 725 demonstratum,
497 648 540 715 de
561 669 600 714 co
623 649 721 714 etiam
745 668 855 715 rursus
881 649 1043 715 dubitatio
1066 670 1208 716 movere-

99 763 162 840 tur,
185 756 272 840 quod
295 757 437 824 diximus
460 759 526 824 illis
549 758 714 824 vocabulis
731 778 828 824 unum
851 757 1001 841 idemque
1013 759 1210 843 principium

100 867 292 950 significari.
337 869 511 934 Praeterea
533 874 639 933 autem
668 887 708 932 ex
730 865 792 932 hac
820 867 1094 934 demonstratione
1117 869 1211 933 simul

98 978 197 1061 plura
218 976 456 1060 redundabunt,
485 977 615 1060 quibus,
647 995 731 1058 quac
764 996 804 1041 ex
827 977 1011 1043 Aristotelis
1043 979 1115 1043 luco
1138 997 1211 1062 pro·

98 1087 190 1151 xime
213 1088 374 1169 explicato
397 1087 617 1170 cognovimus,
641 1087 771 1150 omnino
793 1085 1028 1153 confirmentur.

205 1193 320 1278 ltaque
344 1195 498 1258 intereos
518 1195 617 1274 locos,
641 1191 758 1276 quibus
773 1194 966 1260 Aristotcles
988 1203 1044 1260 aut
1065 1191 1104 1258 ad
1121 1190 1211 1276 παρὰ

99 1298 143 1364 τὰ
177 1304 324 1382 στοιχεῖα
356 1309 413 1367 aut
448 1295 488 1365 τὸ
519 1295 640 1384 μεταξύ
673 1309 741 1369 tum
776 1306 860 1368 inter
895 1323 1004 1369 aerem
1036 1310 1069 1369 et
1102 1303 1210 1387 ignem

99 1418 170 1476 tum
193 1412 407 1476 interseram
431 1418 463 1478 et
488 1431 606 1495 aquam
628 1419 795 1496 memorat,
827 1419 957 1496 praeter
980 1413 1078 1495 illum,
1113 1432 1208 1495 quem

100 1521 348 1605 explicavimus,
372 1520 481 1605 plures
500 1521 553 1586 alii
577 1527 660 1596 aunt,
692 1521 810 1603 quibus
842 1543 906 1586 non
927 1522 1118 1587 nominatim
1141 1522 1210 1603 qui-

100 1629 176 1694 dem
201 1629 328 1694 illorum
350 1629 583 1712 principiorum
607 1637 772 1696 auctorem
795 1630 928 1714 indicat,
951 1631 1009 1696 scd
1024 1637 1131 1697 tamen
1154 1633 1210 1696 tali

101 1737 229 1803 ratione
253 1737 425 1820 significat,
447 1744 492 1819 ut,
522 1739 599 1820 quin
626 1758 709 1804 unus
730 1739 973 1804 Anaximander
995 1739 1210 1824 intellegatur,

101 1846 249 1913 dubitari
272 1848 401 1913 omnino
422 1868 487 1913 non
510 1847 623 1932 possit.
668 1849 751 1914 Sunt
783 1855 889 1914 autem
913 1849 947 1913 hi
978 1850 1040 1915 loci
1072 1848 1211 1934 duplicia

101 1959 241 2039 generis.
285 1958 388 2022 Alteri
411 1963 486 2022 sunt
504 1958 536 2040 ii,
560 1957 679 2040 quibus
695 1957 829 2040 aliquod
842 1958 968 2025 illorum
981 1960 1210 2044 principiorum

102 2086 179 2150 pars
211 2066 339 2149 ponitur
366 2066 439 2131 talis
463 2065 648 2148 divisionis,
679 2068 768 2131 cuius
797 2087 893 2132 unam
923 2069 1064 2149 aliquam
1087 2073 1212 2152 partem

102 2174 145 2240 ad
169 2173 448 2240 Anaximandrum
463 2176 625 2258 pertinere
648 2183 770 2240 certum
794 2177 845 2259 sit,
868 2176 1071 2241 lrancautcm
1087 2181 1212 2260 partem

102 2303 174 2350 eam
198 2303 281 2361 esse,
313 2302 397 2366 quae
421 2284 476 2348 illo
501 2283 663 2368 principio
695 2284 907 2364 contineatur,
938 2285 1133 2368 reliquarum
1159 2304 1212 2350 ex-

102 2394 250 2458 elusione
262 2391 514 2470 demonstratum
538 2393 678 2474 alteriii‚
700 2392 817 2475 quibus
841 2394 965 2458 illorum
978 2393 1212 2477 principiorum

103 2509 217 2569 auctor
232 2503 354 2568 talibus
375 2501 546 2585 insignitur
568 2502 662 2578 notis,
685 2497 767 2583 quaa
784 2500 998 2566 demonstrari
1011 2503 1113 2586 possit
1128 2502 1212 2566 Ana-

102 2611 266 2678 ximandri
289 2612 419 2676 omnino
445 2609 596 2696 proprias
621 2629 702 2676 esse.

205 2720 329 2785 Prioris
360 2720 489 2802 generis
529 2719 593 2785 duo
616 2727 692 2785 sunt
723 2719 786 2785 loci
820 2721 951 2784 omnino
983 2719 1119 2784 eandem
1142 2737 1213 2783 sen-

103 2829 240 2896 tentiam
263 2830 493 2912 exprimentem
517 2849 534 2892 c
556 2828 676 2911 quibus
690 2815 900 2910 cognoscitur,
926 2828 1131 2893 Aristotelem
1147 2847 1212 2910 cos,

104 2940 161 3021 qni
185 2945 368 3003 naturam
389 2940 495 3003 inter
519 2956 656 3019 aquam
686 2944 724 3002 et
744 2956 874 3002 aerem
895 2936 1056 3001 mediam
1081 2943 1212 3019 ponant,

107 3047 382 3116 Anaximandrum
406 3048 600 3130 intellegere.
639 3046 766 3112 Etenim
790 3048 980 3112 Aristoteles
1011 3045 1044 3110 in
1069 3047 1213 3129 disputa-

103 3159 192 3224 tione
215 3157 257 3223 de
278 3157 411 3239 infinito,
434 3175 498 3239 qua
520 3155 601 3221 dicit
622 3155 776 3241 physicos
800 3175 864 3220 non
887 3157 989 3240 ipsam
1013 3154 1213 3236 infinitatem,

105 3267 164 3332 aad
189 3273 335 3332 naturam
360 3264 534 3349 quandam,
556 3285 641 3348 quae
665 3265 708 3330 sit
721 3263 854 3346 infinita,
876 3265 1066 3348 principium
1083 3283 1212 3347 ponere,

105 3375 284 3456 contendit,
308 3376 431 3441 nullum
444 3375 652 3459 physicorum
676 3380 794 3439 terram
813 3379 874 3438 aut
895 3373 1013 3456 ignem,
1036 3373 1094 3438 sed
1110 3374 1212 3438 solum

105 3493 169 3551 aut
191 3489 408 3567 aqnamaut
430 3505 560 3550 acrem
583 3490 651 3548 aut
672 3488 852 3547 naturam
874 3482 987 3547 inter
1020 3482 1115 3548 haec
1137 3482 1212 3547 duo

105 3596 302 3660 clementa
323 3593 490 3660 mediam
512 3613 633 3679 ponere
672 3614 743 3659 eam
780 3599 938 3671 naturam,
967 3613 1051 3676 quae
1085 3593 1212 3658 infinita

106 3705 148 3768 sit
158 3706 192 3783 ¹).
237 3703 305 3769 Iam
337 3723 414 3770 vero
443 3702 687 3768 Anaximander
719 3703 902 3767 Aristotelis
935 3701 1097 3767 sententia
1131 3722 1213 3767 nnus

210 3972 238 4042 Ι)
257 3972 337 4042 Phys,
356 3973 406 4041 ΙΙΙ,
428 3977 453 4027 4.
473 3975 606 4038 203,1u:
628 3975 671 4041 „ot
690 3972 722 4025 dl
742 3974 804 4040 περὶ
823 3965 934 4041 φύσεως
951 3965 1071 4028 ἅπαντες
1086 3967 1127 4021 ἀεὶ
1146 3967 1215 4024 ὑπο-

106 4073 236 4124 τιθέασιν
256 4069 352 4137 ἑτέραν
370 4067 429 4124 τινὰ
449 4066 536 4140 φύσιν
554 4070 591 4139 τῷ
602 4065 708 4138 ἀπείρῳ
727 4069 783 4121 τῶν
792 4070 953 4137 λεγομένων
972 4071 1123 4136 στοιχείων,
1143 4061 1218 4120 οἷον

109 4159 194 4234 ὕδωρ
213 4157 230 4230 ἢ
247 4159 326 4232 ἀέρα
346 4158 361 4232 ἢ
380 4163 417 4217 τὸ
441 4161 565 4235 μεταξὺ
584 4159 741 4217 τοὺτων.“
779 4162 850 4218 Vide
869 4180 954 4232 supra
972 4163 1045 4231 pta
1066 4167 1095 4216 et
1114 4167 1172 4216 not.
1195 4165 1217 4214 l.

108 4261 280 4316 Particulam
298 4257 394 4329 “οἶον’,
422 4262 554 4317 hocloco
574 4261 785 4330 explicandi,
812 4279 864 4315 nec
891 4277 958 4314 vero
982 4260 1139 4329 exempla
1166 4259 1218 4314 ad·
