<?xml version="1.0" encoding="UTF-8"?>
<!DOCTYPE html PUBLIC "-//W3C//DTD XHTML 1.0 Transitional//EN"
    "http://www.w3.org/TR/xhtml1/DTD/xhtml1-transitional.dtd">
<html xmlns="http://www.w3.org/1999/xhtml" xml:lang="en" lang="en">
 <head>
  <title>
</title>
<meta http-equiv="Content-Type" content="text/html;charset=utf-8" />
  <meta name='ocr-system' content='tesseract 3.04.00' />
  <meta name='ocr-capabilities' content='ocr_page ocr_carea ocr_par ocr_line ocrx_word'/>
</head>
<body>
  <div class='ocr_page' id='page_1' title='image "./anaximandermile00neuhgoog/anaximandermile00neuhgoog_0019.png"; bbox 0 0 2882 4902; ppageno 0'>
   <div class='ocr_carea' id='block_1_1' title="bbox 776 401 829 458">
    <p class='ocr_par' dir='ltr' id='par_1_1' title="bbox 776 401 829 458">
     <span class='ocr_line' id='line_1_1' title="bbox 776 401 829 458; baseline 0.038 -2"><span class='ocrx_word' id='word_1_1' title='bbox 776 401 829 458; x_wconf 82' lang='lat' dir='ltr'><strong>xn</strong></span> 
     </span>
    </p>
   </div>
   <div class='ocr_carea' id='block_1_2' title="bbox 644 690 987 758">
    <p class='ocr_par' dir='ltr' id='par_1_2' title="bbox 644 690 987 758">
     <span class='ocr_line' id='line_1_2' title="bbox 644 690 987 758; baseline 0.006 -5"><span class='ocrx_word' id='word_1_2' title='bbox 644 690 771 755; x_wconf 81' lang='lat' dir='ltr'><strong>LIBER</strong></span> <span class='ocrx_word' id='word_1_3' title='bbox 793 691 987 758; x_wconf 84' lang='lat' dir='ltr'>TERTIVS.</span> 
     </span>
    </p>
   </div>
   <div class='ocr_carea' id='block_1_3' title="bbox 316 874 1308 931">
    <p class='ocr_par' dir='ltr' id='par_1_3' title="bbox 316 874 1308 931">
     <span class='ocr_line' id='line_1_3' title="bbox 316 874 1308 931; baseline -0.004 -1"><span class='ocrx_word' id='word_1_4' title='bbox 316 877 366 930; x_wconf 84' lang='lat' dir='ltr'><strong>DE</strong></span> <span class='ocrx_word' id='word_1_5' title='bbox 384 875 535 931; x_wconf 89' lang='lat' dir='ltr'><strong>NATVRA</strong></span> <span class='ocrx_word' id='word_1_6' title='bbox 558 877 725 930; x_wconf 86' lang='lat' dir='ltr'><strong>INFINITA</strong></span> <span class='ocrx_word' id='word_1_7' title='bbox 743 877 820 931; x_wconf 84' lang='lat' dir='ltr'><strong>VNA</strong></span> <span class='ocrx_word' id='word_1_8' title='bbox 838 876 989 931; x_wconf 87' lang='lat' dir='ltr'>OMNIVM</span> <span class='ocrx_word' id='word_1_9' title='bbox 1008 875 1141 931; x_wconf 80' lang='lat' dir='ltr'><strong>RERVM</strong></span> <span class='ocrx_word' id='word_1_10' title='bbox 1160 874 1308 930; x_wconf 78' lang='lat' dir='ltr'><strong>CAVSSA.</strong></span> 
     </span>
    </p>
   </div>
   <div class='ocr_carea' id='block_1_4' title="bbox 293 1023 1365 1152">
    <p class='ocr_par' dir='ltr' id='par_1_4' title="bbox 293 1023 1365 1152">
     <span class='ocr_line' id='line_1_4' title="bbox 293 1023 1365 1066; baseline -0.001 -4"><span class='ocrx_word' id='word_1_11' title='bbox 293 1043 301 1066; x_wconf 83' lang='lat'><em>.</em></span> <span class='ocrx_word' id='word_1_12' title='bbox 1308 1023 1365 1062; x_wconf 65' lang='lat' dir='ltr'><strong>rau·</strong></span> 
     </span>
     <span class='ocr_line' id='line_1_5' title="bbox 301 1083 1270 1152; baseline 0.002 -18"><span class='ocrx_word' id='word_1_13' title='bbox 301 1086 322 1136; x_wconf 92' lang='lat' dir='ltr'><strong>l.</strong></span> <span class='ocrx_word' id='word_1_14' title='bbox 359 1083 569 1138; x_wconf 78' lang='lat' dir='ltr'><strong>Anaximander</strong></span> <span class='ocrx_word' id='word_1_15' title='bbox 595 1101 629 1137; x_wconf 90' lang='lat' dir='ltr'><strong>ex</strong></span> <span class='ocrx_word' id='word_1_16' title='bbox 652 1083 762 1137; x_wconf 87' lang='lat' dir='ltr'><strong>infinito</strong></span> <span class='ocrx_word' id='word_1_17' title='bbox 782 1084 922 1152; x_wconf 88' lang='lat' dir='ltr'><strong>principio</strong></span> <span class='ocrx_word' id='word_1_18' title='bbox 946 1101 1041 1137; x_wconf 88' lang='lat' dir='ltr'><strong>rerum</strong></span> <span class='ocrx_word' id='word_1_19' title='bbox 1061 1083 1270 1137; x_wconf 78' lang='lat' dir='ltr'><strong>multitudinem</strong></span> 
     </span>
    </p>
   </div>
   <div class='ocr_carea' id='block_1_5' title="bbox 298 1179 1366 4444">
    <p class='ocr_par' dir='ltr' id='par_1_5' title="bbox 362 1179 1366 1348">
     <span class='ocr_line' id='line_1_6' title="bbox 362 1179 1271 1250; baseline 0.002 -18"><span class='ocrx_word' id='word_1_20' title='bbox 362 1197 428 1234; x_wconf 90' lang='lat' dir='ltr'><strong>non</strong></span> <span class='ocrx_word' id='word_1_21' title='bbox 441 1180 684 1249; x_wconf 85' lang='lat' dir='ltr'><strong>aliquaipsius</strong></span> <span class='ocrx_word' id='word_1_22' title='bbox 697 1179 869 1250; x_wconf 86' lang='lat' dir='ltr'><strong>principii</strong></span> <span class='ocrx_word' id='word_1_23' title='bbox 884 1180 1077 1234; x_wconf 77' lang='lat' dir='ltr'><strong>mutatione</strong></span> <span class='ocrx_word' id='word_1_24' title='bbox 1090 1181 1148 1234; x_wconf 82' lang='lat' dir='ltr'><strong>sed</strong></span> <span class='ocrx_word' id='word_1_25' title='bbox 1167 1197 1271 1234; x_wconf 88' lang='lat' dir='ltr'><strong>seore-</strong></span> 
     </span>
     <span class='ocr_line' id='line_1_7' title="bbox 362 1275 1366 1348; baseline -0.001 -18"><span class='ocrx_word' id='word_1_26' title='bbox 362 1276 456 1330; x_wconf 87' lang='lat' dir='ltr'><strong>tione</strong></span> <span class='ocrx_word' id='word_1_27' title='bbox 476 1277 737 1332; x_wconf 89' lang='lat' dir='ltr'><strong>contrariorum</strong></span> <span class='ocrx_word' id='word_1_28' title='bbox 756 1275 873 1348; x_wconf 83' lang='lat' dir='ltr'><strong>generat</strong></span> <span class='ocrx_word' id='word_1_29' title='bbox 897 1316 1266 1330; x_wconf 86' lang='lat'>...........</span> <span class='ocrx_word' id='word_1_30' title='bbox 1311 1277 1366 1328; x_wconf 78' lang='lat'><strong>274</strong></span> 
     </span>
    </p>

    <p class='ocr_par' dir='ltr' id='par_1_6' title="bbox 318 1371 1366 1540">
     <span class='ocr_line' id='line_1_8' title="bbox 318 1371 1271 1444; baseline -0.002 -18"><span class='ocrx_word' id='word_1_31' title='bbox 318 1413 323 1426; x_wconf 92' lang='lat'>.</span> <span class='ocrx_word' id='word_1_32' title='bbox 362 1371 438 1427; x_wconf 87' lang='lat' dir='ltr'><strong>ldem</strong></span> <span class='ocrx_word' id='word_1_33' title='bbox 455 1373 577 1428; x_wconf 84' lang='lat' dir='ltr'><strong>refertur</strong></span> <span class='ocrx_word' id='word_1_34' title='bbox 602 1374 742 1444; x_wconf 88' lang='lat' dir='ltr'><strong>principio</strong></span> <span class='ocrx_word' id='word_1_35' title='bbox 762 1378 941 1428; x_wconf 87' lang='lat' dir='ltr'><strong>aeternum</strong></span> <span class='ocrx_word' id='word_1_36' title='bbox 961 1373 1128 1442; x_wconf 88' lang='lat' dir='ltr'><strong>quendam</strong></span> <span class='ocrx_word' id='word_1_37' title='bbox 1146 1376 1271 1426; x_wconf 90' lang='lat' dir='ltr'><strong>motum</strong></span> 
     </span>
     <span class='ocr_line' id='line_1_9' title="bbox 362 1461 1366 1540; baseline -0.002 -16"><span class='ocrx_word' id='word_1_38' title='bbox 362 1461 496 1538; x_wconf 84' lang='lat' dir='ltr'><strong>tribuere,</strong></span> <span class='ocrx_word' id='word_1_39' title='bbox 515 1489 569 1540; x_wconf 89' lang='lat' dir='ltr'><strong>quo</strong></span> <span class='ocrx_word' id='word_1_40' title='bbox 590 1488 674 1525; x_wconf 88' lang='lat' dir='ltr'><strong>exeo</strong></span> <span class='ocrx_word' id='word_1_41' title='bbox 694 1488 737 1524; x_wconf 87' lang='lat' dir='ltr'><strong>res</strong></span> <span class='ocrx_word' id='word_1_42' title='bbox 757 1471 885 1524; x_wconf 87' lang='lat' dir='ltr'><strong>oriantur</strong></span> <span class='ocrx_word' id='word_1_43' title='bbox 901 1508 1264 1524; x_wconf 91' lang='grc'>...........</span> <span class='ocrx_word' id='word_1_44' title='bbox 1309 1469 1366 1522; x_wconf 81' lang='grc'><strong>279</strong></span> 
     </span>
    </p>

    <p class='ocr_par' dir='ltr' id='par_1_7' title="bbox 318 1567 1365 2217">
     <span class='ocr_line' id='line_1_10' title="bbox 318 1567 1352 1638; baseline 0 -18"><span class='ocrx_word' id='word_1_45' title='bbox 318 1608 323 1620; x_wconf 92' lang='grc'><em>.</em></span> <span class='ocrx_word' id='word_1_46' title='bbox 361 1567 414 1621; x_wconf 89' lang='lat' dir='ltr'><strong>Hic</strong></span> <span class='ocrx_word' id='word_1_47' title='bbox 432 1572 523 1621; x_wconf 88' lang='lat' dir='ltr'><strong>motus</strong></span> <span class='ocrx_word' id='word_1_48' title='bbox 537 1569 615 1621; x_wconf 89' lang='lat' dir='ltr'><strong>nulla</strong></span> <span class='ocrx_word' id='word_1_49' title='bbox 630 1567 739 1638; x_wconf 85' lang='lat' dir='ltr'><strong>generis</strong></span> <span class='ocrx_word' id='word_1_50' title='bbox 754 1568 868 1622; x_wconf 88' lang='lat' dir='ltr'><strong>notione</strong></span> <span class='ocrx_word' id='word_1_51' title='bbox 882 1567 1024 1636; x_wconf 90' lang='lat' dir='ltr'><strong>definitur,</strong></span> <span class='ocrx_word' id='word_1_52' title='bbox 1044 1567 1092 1622; x_wconf 87' lang='lat' dir='ltr'><strong>sed</strong></span> <span class='ocrx_word' id='word_1_53' title='bbox 1105 1567 1270 1636; x_wconf 87' lang='lat' dir='ltr'><strong>simpliciter</strong></span> <span class='ocrx_word' id='word_1_54' title='bbox 1351 1601 1352 1604; x_wconf 61' lang='lat'><em>=</em></span> 
     </span>
     <span class='ocr_line' id='line_1_11' title="bbox 362 1663 1270 1740; baseline -0.001 -22"><span class='ocrx_word' id='word_1_55' title='bbox 362 1669 471 1719; x_wconf 83' lang='lat' dir='ltr'><strong>tanturn</strong></span> <span class='ocrx_word' id='word_1_56' title='bbox 482 1669 573 1719; x_wconf 89' lang='lat' dir='ltr'><strong>motus</strong></span> <span class='ocrx_word' id='word_1_57' title='bbox 583 1665 695 1719; x_wconf 88' lang='lat' dir='ltr'><strong>dieitur.</strong></span> <span class='ocrx_word' id='word_1_58' title='bbox 708 1665 949 1740; x_wconf 16' lang='lat' dir='ltr'><strong>-hcommentioia</strong></span> <span class='ocrx_word' id='word_1_59' title='bbox 968 1669 1010 1719; x_wconf 90' lang='lat' dir='ltr'><strong>est</strong></span> <span class='ocrx_word' id='word_1_60' title='bbox 1022 1665 1161 1719; x_wconf 85' lang='lat' dir='ltr'><strong>sententia</strong></span> <span class='ocrx_word' id='word_1_61' title='bbox 1174 1663 1270 1718; x_wconf 86' lang='lat' dir='ltr'><strong>Teich-</strong></span> 
     </span>
     <span class='ocr_line' id='line_1_12' title="bbox 362 1761 1268 1831; baseline -0.002 -15"><span class='ocrx_word' id='word_1_62' title='bbox 362 1763 498 1830; x_wconf 88' lang='lat' dir='ltr'><strong>muelleri‚</strong></span> <span class='ocrx_word' id='word_1_63' title='bbox 515 1763 563 1831; x_wconf 90' lang='lat' dir='ltr'><strong>qui</strong></span> <span class='ocrx_word' id='word_1_64' title='bbox 580 1780 642 1816; x_wconf 92' lang='lat' dir='ltr'><strong>eum</strong></span> <span class='ocrx_word' id='word_1_65' title='bbox 656 1763 800 1817; x_wconf 85' lang='lat' dir='ltr'><strong>contendit</strong></span> <span class='ocrx_word' id='word_1_66' title='bbox 813 1767 958 1817; x_wconf 89' lang='lat' dir='ltr'><strong>aeternum</strong></span> <span class='ocrx_word' id='word_1_67' title='bbox 970 1763 1030 1816; x_wconf 85' lang='lat' dir='ltr'><strong>esse</strong></span> <span class='ocrx_word' id='word_1_68' title='bbox 1048 1763 1161 1830; x_wconf 87' lang='lat' dir='ltr'><strong>ipsius</strong></span> <span class='ocrx_word' id='word_1_69' title='bbox 1180 1761 1268 1830; x_wconf 89' lang='lat' dir='ltr'><strong>prin·</strong></span> 
     </span>
     <span class='ocr_line' id='line_1_13' title="bbox 363 1859 1271 1930; baseline -0.001 -17"><span class='ocrx_word' id='word_1_70' title='bbox 363 1859 447 1928; x_wconf 86' lang='lat' dir='ltr'><strong>cipii</strong></span> <span class='ocrx_word' id='word_1_71' title='bbox 467 1864 594 1913; x_wconf 89' lang='lat' dir='ltr'><strong>motum</strong></span> <span class='ocrx_word' id='word_1_72' title='bbox 614 1860 841 1929; x_wconf 65' lang='lat' dir='ltr'><strong>circularem</strong></span> <span class='ocrx_word' id='word_1_73' title='bbox 869 1864 1038 1930; x_wconf 87' lang='lat' dir='ltr'><strong>argumenta</strong></span> <span class='ocrx_word' id='word_1_74' title='bbox 1060 1861 1096 1914; x_wconf 89' lang='lat' dir='ltr'><strong>ab</strong></span> <span class='ocrx_word' id='word_1_75' title='bbox 1121 1877 1152 1914; x_wconf 90' lang='lat' dir='ltr'><strong>eo</strong></span> <span class='ocrx_word' id='word_1_76' title='bbox 1171 1875 1271 1928; x_wconf 90' lang='lat' dir='ltr'><strong>propo·</strong></span> 
     </span>
     <span class='ocr_line' id='line_1_14' title="bbox 363 1955 1268 2025; baseline 0 -16"><span class='ocrx_word' id='word_1_77' title='bbox 363 1956 417 2009; x_wconf 88' lang='lat' dir='ltr'><strong>sita</strong></span> <span class='ocrx_word' id='word_1_78' title='bbox 442 1955 608 2025; x_wconf 84' lang='lat' dir='ltr'><strong>singillatim</strong></span> <span class='ocrx_word' id='word_1_79' title='bbox 631 1956 822 2023; x_wconf 85' lang='lat' dir='ltr'><strong>revincuntur,</strong></span> <span class='ocrx_word' id='word_1_80' title='bbox 848 1957 943 2025; x_wconf 85' lang='lat' dir='ltr'><strong>plures</strong></span> <span class='ocrx_word' id='word_1_81' title='bbox 966 1957 1127 2010; x_wconf 83' lang='lat' dir='ltr'><strong>Aristotelis</strong></span> <span class='ocrx_word' id='word_1_82' title='bbox 1151 1957 1205 2010; x_wconf 89' lang='lat' dir='ltr'><strong>loci</strong></span> <span class='ocrx_word' id='word_1_83' title='bbox 1229 1959 1268 2009; x_wconf 91' lang='lat' dir='ltr'><strong>te·</strong></span> 
     </span>
     <span class='ocr_line' id='line_1_15' title="bbox 362 2052 1271 2124; baseline -0.001 -19"><span class='ocrx_word' id='word_1_84' title='bbox 362 2069 438 2106; x_wconf 90' lang='lat' dir='ltr'><strong>mere</strong></span> <span class='ocrx_word' id='word_1_85' title='bbox 449 2052 568 2106; x_wconf 87' lang='lat' dir='ltr'><strong>adhibiti</strong></span> <span class='ocrx_word' id='word_1_86' title='bbox 582 2053 768 2120; x_wconf 76' lang='lat' dir='ltr'><strong>explicantur,</strong></span> <span class='ocrx_word' id='word_1_87' title='bbox 781 2053 949 2107; x_wconf 79' lang='lat' dir='ltr'><strong>sententiam</strong></span> <span class='ocrx_word' id='word_1_88' title='bbox 959 2071 1010 2122; x_wconf 92' lang='lat' dir='ltr'><strong>per</strong></span> <span class='ocrx_word' id='word_1_89' title='bbox 1019 2070 1046 2107; x_wconf 89' lang='lat' dir='ltr'><strong>ae</strong></span> <span class='ocrx_word' id='word_1_90' title='bbox 1060 2054 1149 2124; x_wconf 85' lang='lat' dir='ltr'><strong>ipsam</strong></span> <span class='ocrx_word' id='word_1_91' title='bbox 1159 2052 1271 2106; x_wconf 89' lang='lat' dir='ltr'><strong>omnino</strong></span> 
     </span>
     <span class='ocr_line' id='line_1_16' title="bbox 363 2149 1365 2217; baseline 0 -14"><span class='ocrx_word' id='word_1_92' title='bbox 363 2149 578 2217; x_wconf 87' lang='lat' dir='ltr'><strong>improbabilem</strong></span> <span class='ocrx_word' id='word_1_93' title='bbox 597 2167 655 2203; x_wconf 88' lang='lat' dir='ltr'><strong>esse</strong></span> <span class='ocrx_word' id='word_1_94' title='bbox 673 2150 830 2204; x_wconf 82' lang='lat' dir='ltr'><strong>ostenditur</strong></span> <span class='ocrx_word' id='word_1_95' title='bbox 862 2189 1266 2202; x_wconf 89' lang='grc'>............</span> <span class='ocrx_word' id='word_1_96' title='bbox 1311 2151 1365 2202; x_wconf 84' lang='grc'><strong>283</strong></span> 
     </span>
    </p>

    <p class='ocr_par' dir='ltr' id='par_1_8' title="bbox 320 2245 1365 2398">
     <span class='ocr_line' id='line_1_17' title="bbox 320 2245 1272 2317; baseline 0.001 -19"><span class='ocrx_word' id='word_1_97' title='bbox 320 2287 325 2298; x_wconf 94' lang='grc'><em>.</em></span> <span class='ocrx_word' id='word_1_98' title='bbox 362 2245 499 2300; x_wconf 89' lang='lat' dir='ltr'><strong>Aeternue</strong></span> <span class='ocrx_word' id='word_1_99' title='bbox 509 2246 557 2300; x_wconf 92' lang='lat' dir='ltr'><strong>ille</strong></span> <span class='ocrx_word' id='word_1_100' title='bbox 575 2251 667 2300; x_wconf 89' lang='lat' dir='ltr'><strong>motus</strong></span> <span class='ocrx_word' id='word_1_101' title='bbox 677 2264 734 2301; x_wconf 89' lang='lat' dir='ltr'><strong>non</strong></span> <span class='ocrx_word' id='word_1_102' title='bbox 750 2247 821 2301; x_wconf 86' lang='lat' dir='ltr'><strong>alius</strong></span> <span class='ocrx_word' id='word_1_103' title='bbox 834 2252 876 2302; x_wconf 89' lang='lat' dir='ltr'><strong>est</strong></span> <span class='ocrx_word' id='word_1_104' title='bbox 896 2251 981 2316; x_wconf 91' lang='lat' dir='ltr'><strong>atque</strong></span> <span class='ocrx_word' id='word_1_105' title='bbox 992 2247 1053 2317; x_wconf 87' lang='lat' dir='ltr'><strong>ipsa</strong></span> <span class='ocrx_word' id='word_1_106' title='bbox 1066 2245 1272 2301; x_wconf 87' lang='lat' dir='ltr'><strong>contrariorum</strong></span> 
     </span>
     <span class='ocr_line' id='line_1_18' title="bbox 362 2343 1365 2398; baseline -0.001 -2"><span class='ocrx_word' id='word_1_107' title='bbox 362 2343 478 2397; x_wconf 84' lang='lat' dir='ltr'><strong>secretio</strong></span> <span class='ocrx_word' id='word_1_108' title='bbox 507 2383 1266 2398; x_wconf 82' lang='grc'>......................</span> <span class='ocrx_word' id='word_1_109' title='bbox 1313 2345 1365 2396; x_wconf 83' lang='grc'><strong>305</strong></span> 
     </span>
    </p>

    <p class='ocr_par' dir='ltr' id='par_1_9' title="bbox 318 2440 1365 3382">
     <span class='ocr_line' id='line_1_19' title="bbox 318 2440 1271 2511; baseline 0.002 -19"><span class='ocrx_word' id='word_1_110' title='bbox 318 2480 324 2492; x_wconf 92' lang='grc'><strong>.</strong></span> <span class='ocrx_word' id='word_1_111' title='bbox 361 2440 1271 2511; x_wconf 85' lang='lat' dir='ltr'><strong>Hicseoretionismotusinquaipsiusprineipiiactione</strong></span> 
     </span>
     <span class='ocr_line' id='line_1_20' title="bbox 363 2535 1365 2594; baseline 0 -5"><span class='ocrx_word' id='word_1_112' title='bbox 363 2535 542 2590; x_wconf 84' lang='lat' dir='ltr'><strong>consistat</strong></span> <span class='ocrx_word' id='word_1_113' title='bbox 570 2590 572 2594; x_wconf 83' lang='lat'><em>.</em></span> <span class='ocrx_word' id='word_1_114' title='bbox 573 2576 1265 2590; x_wconf 89' lang='grc'>....................</span> <span class='ocrx_word' id='word_1_115' title='bbox 1312 2539 1365 2590; x_wconf 85' lang='grc'><strong>308</strong></span> 
     </span>
     <span class='ocr_line' id='line_1_21' title="bbox 363 2633 1273 2704; baseline 0.001 -19"><span class='ocrx_word' id='word_1_116' title='bbox 363 2633 574 2687; x_wconf 84' lang='lat' dir='ltr'><strong>Contrariorum</strong></span> <span class='ocrx_word' id='word_1_117' title='bbox 601 2633 717 2687; x_wconf 90' lang='lat' dir='ltr'><strong>secretio</strong></span> <span class='ocrx_word' id='word_1_118' title='bbox 743 2634 772 2686; x_wconf 92' lang='lat' dir='ltr'><strong>in</strong></span> <span class='ocrx_word' id='word_1_119' title='bbox 796 2651 828 2688; x_wconf 93' lang='lat' dir='ltr'><strong>eo</strong></span> <span class='ocrx_word' id='word_1_120' title='bbox 847 2638 975 2688; x_wconf 88' lang='lat' dir='ltr'><strong>motuum</strong></span> <span class='ocrx_word' id='word_1_121' title='bbox 1001 2651 1104 2704; x_wconf 84' lang='lat' dir='ltr'><strong>genere</strong></span> <span class='ocrx_word' id='word_1_122' title='bbox 1121 2637 1172 2700; x_wconf 88' lang='lat' dir='ltr'><strong>est,</strong></span> <span class='ocrx_word' id='word_1_123' title='bbox 1198 2633 1273 2700; x_wconf 91' lang='lat' dir='ltr'><strong>quod</strong></span> 
     </span>
     <span class='ocr_line' id='line_1_22' title="bbox 363 2729 1272 2799; baseline 0.001 -18"><span class='ocrx_word' id='word_1_124' title='bbox 363 2729 522 2797; x_wconf 87' lang='lat' dir='ltr'><strong>appellatur</strong></span> <span class='ocrx_word' id='word_1_125' title='bbox 540 2729 728 2799; x_wconf 84' lang='lat' dir='ltr'><strong>generatio</strong></span> <span class='ocrx_word' id='word_1_126' title='bbox 742 2729 869 2799; x_wconf 75' lang='grc' dir='ltr'>(γένεσις)</span> <span class='ocrx_word' id='word_1_127' title='bbox 881 2735 910 2784; x_wconf 89' lang='lat' dir='ltr'><strong>et</strong></span> <span class='ocrx_word' id='word_1_128' title='bbox 923 2731 1075 2799; x_wconf 90' lang='lat' dir='ltr'><strong>opponitur</strong></span> <span class='ocrx_word' id='word_1_129' title='bbox 1085 2730 1272 2784; x_wconf 86' lang='lat' dir='ltr'><strong>mutationi</strong></span> 
     </span>
     <span class='ocr_line' id='line_1_23' title="bbox 361 2819 1273 2894; baseline 0.004 -18"><span class='ocrx_word' id='word_1_130' title='bbox 361 2819 535 2894; x_wconf 75' lang='grc' dir='ltr'><strong>(ἀλλοιώσει),</strong></span> <span class='ocrx_word' id='word_1_131' title='bbox 555 2825 711 2880; x_wconf 82' lang='lat' dir='ltr'><strong>cuiusmodi</strong></span> <span class='ocrx_word' id='word_1_132' title='bbox 724 2829 766 2880; x_wconf 88' lang='lat' dir='ltr'><strong>est</strong></span> <span class='ocrx_word' id='word_1_133' title='bbox 776 2825 955 2881; x_wconf 89' lang='lat' dir='ltr'><strong>condensatio</strong></span> <span class='ocrx_word' id='word_1_134' title='bbox 970 2831 998 2880; x_wconf 93' lang='lat' dir='ltr'><strong>et</strong></span> <span class='ocrx_word' id='word_1_135' title='bbox 1007 2826 1167 2891; x_wconf 87' lang='lat' dir='ltr'><strong>rarefactio,</strong></span> <span class='ocrx_word' id='word_1_136' title='bbox 1188 2826 1273 2880; x_wconf 89' lang='lat' dir='ltr'><strong>immo</strong></span> 
     </span>
     <span class='ocr_line' id='line_1_24' title="bbox 361 2921 1273 2993; baseline 0.002 -19"><span class='ocrx_word' id='word_1_137' title='bbox 361 2921 449 2990; x_wconf 86' lang='lat' dir='ltr'><strong>ipsam</strong></span> <span class='ocrx_word' id='word_1_138' title='bbox 468 2922 673 2977; x_wconf 86' lang='lat' dir='ltr'><strong>Anaximandri</strong></span> <span class='ocrx_word' id='word_1_139' title='bbox 693 2923 883 2993; x_wconf 78' lang='lat' dir='ltr'><strong>generationis</strong></span> <span class='ocrx_word' id='word_1_140' title='bbox 903 2923 1046 2977; x_wconf 89' lang='lat' dir='ltr'><strong>notionem</strong></span> <span class='ocrx_word' id='word_1_141' title='bbox 1066 2924 1204 2991; x_wconf 87' lang='lat' dir='ltr'><strong>continet;</strong></span> <span class='ocrx_word' id='word_1_142' title='bbox 1224 2923 1273 2977; x_wconf 88' lang='lat' dir='ltr'><strong>sed</strong></span> 
     </span>
     <span class='ocr_line' id='line_1_25' title="bbox 362 3021 1275 3090; baseline 0.002 -18"><span class='ocrx_word' id='word_1_143' title='bbox 362 3036 531 3088; x_wconf 87' lang='lat' dir='ltr'><strong>quamquam</strong></span> <span class='ocrx_word' id='word_1_144' title='bbox 559 3038 627 3074; x_wconf 89' lang='lat' dir='ltr'><strong>vera</strong></span> <span class='ocrx_word' id='word_1_145' title='bbox 655 3038 792 3074; x_wconf 88' lang='lat' dir='ltr'><strong>novarum</strong></span> <span class='ocrx_word' id='word_1_146' title='bbox 819 3038 913 3075; x_wconf 89' lang='lat' dir='ltr'><strong>rerum</strong></span> <span class='ocrx_word' id='word_1_147' title='bbox 939 3021 1083 3090; x_wconf 86' lang='lat' dir='ltr'><strong>generatio</strong></span> <span class='ocrx_word' id='word_1_148' title='bbox 1106 3025 1148 3074; x_wconf 87' lang='lat' dir='ltr'><strong>est</strong></span> <span class='ocrx_word' id='word_1_149' title='bbox 1172 3026 1200 3075; x_wconf 88' lang='lat' dir='ltr'><strong>et</strong></span> <span class='ocrx_word' id='word_1_150' title='bbox 1221 3021 1275 3074; x_wconf 88' lang='lat' dir='ltr'><strong>hac</strong></span> 
     </span>
     <span class='ocr_line' id='line_1_26' title="bbox 361 3117 1273 3187; baseline 0 -17"><span class='ocrx_word' id='word_1_151' title='bbox 361 3121 442 3184; x_wconf 86' lang='lat' dir='ltr'><strong>parte</strong></span> <span class='ocrx_word' id='word_1_152' title='bbox 456 3117 666 3185; x_wconf 83' lang='lat' dir='ltr'><strong>condensationi</strong></span> <span class='ocrx_word' id='word_1_153' title='bbox 685 3123 713 3172; x_wconf 91' lang='lat' dir='ltr'><strong>et</strong></span> <span class='ocrx_word' id='word_1_154' title='bbox 732 3117 914 3173; x_wconf 87' lang='lat' dir='ltr'><strong>rareiaotioni</strong></span> <span class='ocrx_word' id='word_1_155' title='bbox 928 3118 1090 3187; x_wconf 89' lang='lat' dir='ltr'><strong>opponitur,</strong></span> <span class='ocrx_word' id='word_1_156' title='bbox 1110 3123 1203 3172; x_wconf 87' lang='lat' dir='ltr'><strong>tamen</strong></span> <span class='ocrx_word' id='word_1_157' title='bbox 1216 3135 1273 3171; x_wconf 89' lang='lat' dir='ltr'><strong>non</strong></span> 
     </span>
     <span class='ocr_line' id='line_1_27' title="bbox 362 3195 1272 3283; baseline -0.001 -16"><span class='ocrx_word' id='word_1_158' title='bbox 362 3213 394 3268; x_wconf 90' lang='lat' dir='ltr'><strong>fit</strong></span> <span class='ocrx_word' id='word_1_159' title='bbox 413 3195 486 3268; x_wconf 87' lang='lat' dir='ltr'><strong>eine</strong></span> <span class='ocrx_word' id='word_1_160' title='bbox 505 3214 652 3282; x_wconf 87' lang='lat' dir='ltr'><strong>quadam</strong></span> <span class='ocrx_word' id='word_1_161' title='bbox 670 3215 842 3283; x_wconf 88' lang='lat' dir='ltr'><strong>principii</strong></span> <span class='ocrx_word' id='word_1_162' title='bbox 862 3214 1138 3268; x_wconf 87' lang='lat' dir='ltr'><strong>condensatione</strong></span> <span class='ocrx_word' id='word_1_163' title='bbox 1168 3218 1201 3268; x_wconf 89' lang='lat' dir='ltr'><strong>et</strong></span> <span class='ocrx_word' id='word_1_164' title='bbox 1224 3231 1272 3267; x_wconf 90' lang='lat' dir='ltr'><strong>ra-</strong></span> 
     </span>
     <span class='ocr_line' id='line_1_28' title="bbox 362 3311 1318 3382; baseline 0.001 -17"><span class='ocrx_word' id='word_1_165' title='bbox 362 3311 572 3380; x_wconf 82' lang='lat' dir='ltr'><strong>refectione3</strong></span> <span class='ocrx_word' id='word_1_166' title='bbox 591 3313 770 3381; x_wconf 86' lang='lat' dir='ltr'><strong>explicantur</strong></span> <span class='ocrx_word' id='word_1_167' title='bbox 789 3313 843 3368; x_wconf 87' lang='lat' dir='ltr'><strong>loci</strong></span> <span class='ocrx_word' id='word_1_168' title='bbox 856 3314 1016 3367; x_wconf 86' lang='lat' dir='ltr'><strong>Aristotelis</strong></span> <span class='ocrx_word' id='word_1_169' title='bbox 1036 3315 1089 3368; x_wconf 86' lang='lat' dir='ltr'><strong>huc</strong></span> <span class='ocrx_word' id='word_1_170' title='bbox 1100 3313 1272 3382; x_wconf 88' lang='lat' dir='ltr'><strong>pertinentes</strong></span> <span class='ocrx_word' id='word_1_171' title='bbox 1314 3321 1318 3334; x_wconf 89' lang='lat'>&#39;</span> 
     </span>
    </p>

    <p class='ocr_par' dir='ltr' id='par_1_10' title="bbox 317 3408 1360 4056">
     <span class='ocr_line' id='line_1_29' title="bbox 317 3408 1273 3480; baseline 0.001 -19"><span class='ocrx_word' id='word_1_172' title='bbox 317 3449 323 3461; x_wconf 92' lang='lat'><strong>.</strong></span> <span class='ocrx_word' id='word_1_173' title='bbox 361 3408 437 3474; x_wconf 79' lang='lat' dir='ltr'><strong>Quae</strong></span> <span class='ocrx_word' id='word_1_174' title='bbox 456 3427 471 3462; x_wconf 91' lang='lat' dir='ltr'><strong>e</strong></span> <span class='ocrx_word' id='word_1_175' title='bbox 490 3409 630 3478; x_wconf 89' lang='lat' dir='ltr'><strong>principio</strong></span> <span class='ocrx_word' id='word_1_176' title='bbox 650 3415 842 3478; x_wconf 84' lang='lat' dir='ltr'><strong>secernuntur,</strong></span> <span class='ocrx_word' id='word_1_177' title='bbox 859 3414 965 3464; x_wconf 87' lang='lat' dir='ltr'><strong>statuto</strong></span> <span class='ocrx_word' id='word_1_178' title='bbox 984 3415 1111 3480; x_wconf 89' lang='lat' dir='ltr'><strong>tempore</strong></span> <span class='ocrx_word' id='word_1_179' title='bbox 1129 3411 1159 3464; x_wconf 93' lang='lat' dir='ltr'><strong>in</strong></span> <span class='ocrx_word' id='word_1_180' title='bbox 1169 3409 1273 3478; x_wconf 91' lang='lat' dir='ltr'><strong>princi·</strong></span> 
     </span>
     <span class='ocr_line' id='line_1_30' title="bbox 367 3505 1272 3584; baseline 0 -26"><span class='ocrx_word' id='word_1_181' title='bbox 367 3505 445 3573; x_wconf 90' lang='lat' dir='ltr'><strong>pium</strong></span> <span class='ocrx_word' id='word_1_182' title='bbox 463 3509 653 3573; x_wconf 89' lang='lat' dir='ltr'><strong>revertuntur,</strong></span> <span class='ocrx_word' id='word_1_183' title='bbox 680 3507 834 3575; x_wconf 83' lang='lat' dir='ltr'><strong>haecque</strong></span> <span class='ocrx_word' id='word_1_184' title='bbox 859 3525 916 3561; x_wconf 86' lang='lat' dir='ltr'><strong>res</strong></span> <span class='ocrx_word' id='word_1_185' title='bbox 945 3507 986 3560; x_wconf 91' lang='lat' dir='ltr'><strong>ab</strong></span> <span class='ocrx_word' id='word_1_186' title='bbox 1012 3508 1102 3560; x_wconf 90' lang='lat' dir='ltr'><strong>omni</strong></span> <span class='ocrx_word' id='word_1_187' title='bbox 1126 3507 1272 3584; x_wconf 76' lang='lat' dir='ltr'><strong>aeterni-</strong></span> 
     </span>
     <span class='ocr_line' id='line_1_31' title="bbox 362 3603 1271 3672; baseline 0.003 -18"><span class='ocrx_word' id='word_1_188' title='bbox 362 3606 434 3661; x_wconf 79' lang='lat' dir='ltr'><strong>tate</strong></span> <span class='ocrx_word' id='word_1_189' title='bbox 454 3603 615 3656; x_wconf 87' lang='lat' dir='ltr'><strong>continua</strong></span> <span class='ocrx_word' id='word_1_190' title='bbox 635 3608 698 3672; x_wconf 87' lang='lat' dir='ltr'><strong>est;</strong></span> <span class='ocrx_word' id='word_1_191' title='bbox 720 3603 1095 3672; x_wconf 89' lang='lat' dir='ltr'><strong>quareinnumerabiles</strong></span> <span class='ocrx_word' id='word_1_192' title='bbox 1109 3603 1271 3672; x_wconf 80' lang='lat' dir='ltr'><strong>deinceps</strong></span> 
     </span>
     <span class='ocr_line' id='line_1_32' title="bbox 362 3697 1271 3767; baseline 0.006 -19"><span class='ocrx_word' id='word_1_193' title='bbox 362 3697 480 3749; x_wconf 90' lang='lat' dir='ltr'><strong>mundi</strong></span> <span class='ocrx_word' id='word_1_194' title='bbox 509 3699 721 3766; x_wconf 88' lang='lat' dir='ltr'><strong>eprinoipio</strong></span> <span class='ocrx_word' id='word_1_195' title='bbox 747 3699 915 3766; x_wconf 71' lang='lat' dir='ltr'><strong>oriuntur</strong></span> <span class='ocrx_word' id='word_1_196' title='bbox 943 3702 975 3752; x_wconf 85' lang='lat' dir='ltr'><strong>et</strong></span> <span class='ocrx_word' id='word_1_197' title='bbox 999 3699 1033 3751; x_wconf 93' lang='lat' dir='ltr'><strong>in</strong></span> <span class='ocrx_word' id='word_1_198' title='bbox 1056 3699 1271 3767; x_wconf 89' lang='lat' dir='ltr'><strong>principium</strong></span> 
     </span>
     <span class='ocr_line' id='line_1_33' title="bbox 355 3775 1272 3862; baseline 0.004 -19"><span class='ocrx_word' id='word_1_199' title='bbox 355 3775 553 3859; x_wconf 82' lang='lat' dir='ltr'><strong>intereunt,</strong></span> <span class='ocrx_word' id='word_1_200' title='bbox 589 3794 794 3862; x_wconf 87' lang='lat' dir='ltr'><strong>pariterque</strong></span> <span class='ocrx_word' id='word_1_201' title='bbox 828 3810 962 3861; x_wconf 90' lang='lat' dir='ltr'><strong>semper</strong></span> <span class='ocrx_word' id='word_1_202' title='bbox 998 3793 1272 3862; x_wconf 87' lang='lat' dir='ltr'><strong>uniuscuiusque</strong></span> 
     </span>
     <span class='ocr_line' id='line_1_34' title="bbox 362 3888 1270 3958; baseline 0.002 -18"><span class='ocrx_word' id='word_1_203' title='bbox 362 3889 479 3943; x_wconf 88' lang='lat' dir='ltr'><strong>mundi</strong></span> <span class='ocrx_word' id='word_1_204' title='bbox 505 3888 646 3957; x_wconf 88' lang='lat' dir='ltr'><strong>aliquae</strong></span> <span class='ocrx_word' id='word_1_205' title='bbox 668 3895 788 3958; x_wconf 90' lang='lat' dir='ltr'><strong>partes</strong></span> <span class='ocrx_word' id='word_1_206' title='bbox 812 3891 846 3944; x_wconf 93' lang='lat' dir='ltr'><strong>in</strong></span> <span class='ocrx_word' id='word_1_207' title='bbox 864 3891 1077 3958; x_wconf 86' lang='lat' dir='ltr'><strong>principium</strong></span> <span class='ocrx_word' id='word_1_208' title='bbox 1097 3891 1270 3944; x_wconf 86' lang='lat' dir='ltr'><strong>resolvun-</strong></span> 
     </span>
     <span class='ocr_line' id='line_1_35' title="bbox 363 3987 1360 4056; baseline 0.003 -18"><span class='ocrx_word' id='word_1_209' title='bbox 363 3989 414 4038; x_wconf 88' lang='lat' dir='ltr'><strong>tur</strong></span> <span class='ocrx_word' id='word_1_210' title='bbox 433 3990 465 4039; x_wconf 90' lang='lat' dir='ltr'><strong>et</strong></span> <span class='ocrx_word' id='word_1_211' title='bbox 485 4002 499 4038; x_wconf 92' lang='lat' dir='ltr'><strong>e</strong></span> <span class='ocrx_word' id='word_1_212' title='bbox 517 3987 698 4055; x_wconf 88' lang='lat' dir='ltr'><strong>principio</strong></span> <span class='ocrx_word' id='word_1_213' title='bbox 717 3988 926 4056; x_wconf 88' lang='lat' dir='ltr'><strong>supplentur</strong></span> <span class='ocrx_word' id='word_1_214' title='bbox 971 4027 1263 4039; x_wconf 90' lang='grc'>.........</span> <span class='ocrx_word' id='word_1_215' title='bbox 1308 3990 1360 4042; x_wconf 78' lang='grc'><strong>315</strong></span> 
     </span>
    </p>

    <p class='ocr_par' dir='ltr' id='par_1_11' title="bbox 298 4078 1272 4444">
     <span class='ocr_line' id='line_1_36' title="bbox 298 4078 1272 4154; baseline 0.001 -21"><span class='ocrx_word' id='word_1_216' title='bbox 298 4084 323 4133; x_wconf 85' lang='grc'><strong>8.</strong></span> <span class='ocrx_word' id='word_1_217' title='bbox 360 4083 564 4136; x_wconf 86' lang='lat' dir='ltr'><strong>Anaximandri</strong></span> <span class='ocrx_word' id='word_1_218' title='bbox 584 4085 723 4138; x_wconf 88' lang='lat' dir='ltr'><strong>sententia</strong></span> <span class='ocrx_word' id='word_1_219' title='bbox 741 4085 840 4137; x_wconf 87' lang='lat' dir='ltr'><strong>nulla</strong></span> <span class='ocrx_word' id='word_1_220' title='bbox 859 4091 908 4138; x_wconf 89' lang='lat' dir='ltr'><strong>est</strong></span> <span class='ocrx_word' id='word_1_221' title='bbox 929 4085 1110 4154; x_wconf 79' lang='lat' dir='ltr'><strong>generatio</strong></span> <span class='ocrx_word' id='word_1_222' title='bbox 1128 4078 1272 4152; x_wconf 74' lang='lat' dir='ltr'><strong>‘xdntqr‘‚</strong></span> 
     </span>
     <span class='ocr_line' id='line_1_37' title="bbox 362 4177 1271 4251; baseline 0 -19"><span class='ocrx_word' id='word_1_223' title='bbox 362 4179 418 4233; x_wconf 88' lang='lat' dir='ltr'><strong>sed</strong></span> <span class='ocrx_word' id='word_1_224' title='bbox 432 4181 540 4234; x_wconf 91' lang='lat' dir='ltr'><strong>omnis</strong></span> <span class='ocrx_word' id='word_1_225' title='bbox 562 4182 747 4251; x_wconf 84' lang='lat' dir='ltr'><strong>generatio</strong></span> <span class='ocrx_word' id='word_1_226' title='bbox 767 4177 1014 4235; x_wconf 66' lang='lat' dir='ltr'><strong>‘aad&#39;xitse‘uv&#39;</strong></span> <span class='ocrx_word' id='word_1_227' title='bbox 1035 4199 1075 4236; x_wconf 88' lang='lat' dir='ltr'><strong>ex</strong></span> <span class='ocrx_word' id='word_1_228' title='bbox 1091 4183 1164 4250; x_wconf 91' lang='lat' dir='ltr'><strong>ipso</strong></span> <span class='ocrx_word' id='word_1_229' title='bbox 1182 4181 1271 4250; x_wconf 91' lang='lat' dir='ltr'><strong>prin·</strong></span> 
     </span>
     <span class='ocr_line' id='line_1_38' title="bbox 362 4275 1271 4345; baseline 0 -16"><span class='ocrx_word' id='word_1_230' title='bbox 362 4275 454 4344; x_wconf 89' lang='lat' dir='ltr'><strong>cipio</strong></span> <span class='ocrx_word' id='word_1_231' title='bbox 473 4275 527 4344; x_wconf 85' lang='lat' dir='ltr'><strong>iit,</strong></span> <span class='ocrx_word' id='word_1_232' title='bbox 554 4277 584 4330; x_wconf 93' lang='lat' dir='ltr'><strong>id</strong></span> <span class='ocrx_word' id='word_1_233' title='bbox 606 4282 658 4345; x_wconf 89' lang='lat' dir='ltr'><strong>est,</strong></span> <span class='ocrx_word' id='word_1_234' title='bbox 680 4277 783 4344; x_wconf 87' lang='lat' dir='ltr'><strong>omnia,</strong></span> <span class='ocrx_word' id='word_1_235' title='bbox 809 4293 879 4345; x_wconf 84' lang='lat' dir='ltr'><strong>quae</strong></span> <span class='ocrx_word' id='word_1_236' title='bbox 897 4277 927 4329; x_wconf 91' lang='lat' dir='ltr'><strong>in</strong></span> <span class='ocrx_word' id='word_1_237' title='bbox 950 4279 1054 4331; x_wconf 88' lang='lat' dir='ltr'><strong>mundo</strong></span> <span class='ocrx_word' id='word_1_238' title='bbox 1074 4283 1146 4342; x_wconf 91' lang='lat' dir='ltr'><strong>sunt,</strong></span> <span class='ocrx_word' id='word_1_239' title='bbox 1178 4278 1219 4330; x_wconf 89' lang='lat' dir='ltr'><strong>ita</strong></span> <span class='ocrx_word' id='word_1_240' title='bbox 1238 4294 1271 4330; x_wconf 91' lang='lat' dir='ltr'><strong>ex</strong></span> 
     </span>
     <span class='ocr_line' id='line_1_39' title="bbox 362 4373 1272 4444; baseline 0.001 -19"><span class='ocrx_word' id='word_1_241' title='bbox 362 4373 422 4441; x_wconf 87' lang='lat' dir='ltr'><strong>ipso</strong></span> <span class='ocrx_word' id='word_1_242' title='bbox 441 4373 581 4442; x_wconf 88' lang='lat' dir='ltr'><strong>principio</strong></span> <span class='ocrx_word' id='word_1_243' title='bbox 601 4373 740 4443; x_wconf 88' lang='lat' dir='ltr'><strong>oriuntur,</strong></span> <span class='ocrx_word' id='word_1_244' title='bbox 759 4377 791 4427; x_wconf 90' lang='lat' dir='ltr'><strong>ut</strong></span> <span class='ocrx_word' id='word_1_245' title='bbox 810 4377 889 4427; x_wconf 85' lang='lat' dir='ltr'><strong>reeta</strong></span> <span class='ocrx_word' id='word_1_246' title='bbox 907 4374 954 4428; x_wconf 90' lang='lat' dir='ltr'><strong>via</strong></span> <span class='ocrx_word' id='word_1_247' title='bbox 973 4378 1022 4429; x_wconf 91' lang='lat' dir='ltr'><strong>aut</strong></span> <span class='ocrx_word' id='word_1_248' title='bbox 1034 4393 1086 4444; x_wconf 89' lang='lat' dir='ltr'><strong>per</strong></span> <span class='ocrx_word' id='word_1_249' title='bbox 1103 4393 1132 4429; x_wconf 91' lang='lat' dir='ltr'><strong>se</strong></span> <span class='ocrx_word' id='word_1_250' title='bbox 1153 4375 1214 4443; x_wconf 88' lang='lat' dir='ltr'><strong>ipsa</strong></span> <span class='ocrx_word' id='word_1_251' title='bbox 1225 4377 1272 4426; x_wconf 84' lang='lat' dir='ltr'><strong>aut</strong></span> 
     </span>
    </p>
   </div>
   <div class='ocr_carea' id='block_1_6' title="bbox 0 0 1447 4900">
    <p class='ocr_par' dir='ltr' id='par_1_12' title="bbox 0 0 1447 4900">
     <span class='ocr_line' id='line_1_40' title="bbox 0 0 1447 4900; baseline 0 0"><span class='ocrx_word' id='word_1_252' title='bbox 0 0 1447 4900; x_wconf 95' lang='lat' dir='ltr'><strong> </strong></span> 
     </span>
    </p>
   </div>
  </div>
 </body>
</html>
