2864 4910
653 387 707 440 428

126 560 241 637 partes
263 554 426 639 humidae,
453 573 536 638 quae
566 557 636 622 sine
659 555 758 622 dubio
780 557 889 638 solis,
916 556 954 622 id
973 564 1032 624 est
1054 559 1169 642 iguis,
1200 563 1233 626 vi

125 681 170 726 ex
195 684 281 746 aqua
303 671 495 746 omassum,
520 665 635 731 eadem
658 666 736 732 solis
758 668 790 731 vi
812 669 914 750 magis
938 669 1034 747 etiam
1057 675 1232 735 extenuan-

128 779 193 836 tur.
238 773 331 851 Quod
356 774 398 840 ad
418 775 518 840 nubes
543 785 574 840 et
596 776 735 858 pluviam
760 775 909 858 pertinet,
933 777 1074 861 pluviam
1095 778 1164 844 fieri
1179 782 1233 860 ait,

128 882 158 945 si
182 902 203 945 a
225 884 307 949 sole
330 890 456 948 eterra
480 885 581 949 nubes
610 884 841 968 attollantur¹);
874 887 906 950 in
929 905 995 968 qua
1017 889 1232 972 explicatione

128 990 371 1073 simplieissima
400 991 572 1057 eorundem
604 991 833 1076 principiorum
862 995 912 1059 vis
941 996 1090 1062 eernitur.
1136 1000 1232 1063 Toni-

129 1105 200 1163 trus
228 1098 367 1182 denique
392 1107 423 1166 et
446 1102 574 1183 fulgura
605 1105 722 1185 repetit
744 1103 764 1168 a
787 1110 952 1169 ventorum
973 1108 1006 1171 vi
1028 1107 1165 1174 nubibus
1189 1111 1233 1173 in-

131 1209 301 1290 clusorum,
324 1209 359 1272 in
384 1207 467 1273 huno
493 1209 639 1274 modum:
663 1211 691 1276 si
717 1218 832 1276 ventus
854 1211 956 1276 densa
970 1213 1054 1280 nube
1070 1215 1233 1282 involutus
1316 1263 1319 1268 -

129 1338 171 1382 ex
193 1317 291 1384 haoee
314 1325 445 1401 propter
473 1339 553 1400 eam,
584 1339 647 1401 qua
669 1327 787 1403 utetur,
817 1323 954 1404 partium
984 1326 1171 1390 tenuitatem
1200 1333 1233 1391 et

128 1427 292 1492 levitatem
315 1429 347 1492 vi
360 1435 516 1511 erumpat,
540 1429 633 1494 nubis
650 1428 835 1511 diruptione
858 1431 1027 1495 sonitum
1050 1432 1113 1514 edi,
1137 1435 1232 1499 simul

128 1541 236 1600 autem
252 1535 391 1619 partium
406 1535 587 1602 divulsione
602 1537 692 1602 iuxta
708 1538 804 1603 nubis
819 1537 1021 1622 nigredinem
1036 1541 1230 1624 fulgorem

129 1643 313 1720 existere2).
358 1644 430 1722 Qua
451 1646 577 1712 ratione
593 1645 685 1712 nubis
702 1647 883 1713 divulsione
899 1648 1008 1732 fulgor
1019 1649 1103 1716 effioi
1120 1654 1230 1734 possit,

128 1754 299 1819 obscurum
331 1761 390 1819 e'st.
438 1754 566 1820 Etenim
598 1756 832 1822 Anaximandri
865 1761 1034 1842 sententia,
1070 1767 1103 1825 ut
1134 1768 1231 1828 antea

130 1865 280 1941 vidimus,
305 1865 377 1949 ipsa
399 1867 502 1932 nubes
525 1873 558 1932 et
577 1867 648 1951 ipse
671 1874 796 1946 ventus,
823 1870 975 1951 quoniam
998 1891 1016 1936 e
1040 1879 1152 1936 natura
1173 1871 1229 1937 hu·
1253 1957 1254 1960 ρ

128 1975 219 2040 mida
252 1981 334 2058 sunt,
366 1978 454 2042 nullo
486 1977 580 2043 modo
612 1980 644 2042 in
677 1978 787 2063 ignem
820 1981 902 2046 verti
934 1986 1068 2064 possunt
1090 1980 1112 2063 ).
1161 1981 1230 2046 Neo

129 2106 202 2151 eum
223 2085 331 2151 verbis
355 2077 514 2152 eonsentit
536 2093 659 2172 putere,
683 2109 741 2172 per
760 2089 906 2154 fissuram
930 2090 1024 2156 nubis
1048 2092 1229 2156 divulsione

129 2197 247 2262 saetam
275 2197 442 2262 clariorem
474 2199 557 2264 ooeli
584 2200 685 2263 lucem
719 2199 893 2283 perlucere.
928 2199 1003 2266 sed
1026 2221 1083 2283 per
1110 2202 1229 2266 Anaxi·

128 2349 236 2416 (Galen.
257 2365 280 2402 e.
301 2349 346 2414 20)
366 2342 513 2418 „'Avrt5lpr.'
529 2343 634 2420 ‹irreptor›
652 2350 718 2402 εἶναι
740 2345 820 2420 ῥύσιν
838 2345 927 2420 ἀέρος,
946 2350 1000 2403 τῶν
1011 2347 1181 2404 λεπτοτάτων
1199 2352 1229 2404 ἐν

128 2442 269 2514 αὐτῷκαὶ
288 2440 443 2516 ὑγροτάτων
472 2443 524 2499 ὑπὸ
553 2447 600 2500 τοῦ
628 2445 702 2513 ἡλίου
720 2452 939 2517 κινουμένων
968 2441 982 2514 ἢ
1007 2450 1227 2518 τιμιομένωνιι.

128 2541 242 2611 Hippol.
262 2540 371 2596 Refutt.
390 2543 449 2604 Le:
472 2541 606 2613 „rivrprour
625 2544 656 2596 ds
675 2549 804 2613 γίνεσθαι
814 2545 868 2598 τῶν
878 2538 1048 2598 λεπτοτάτων
1068 2541 1164 2614 ἀτμῶν
1182 2547 1229 2598 τοῦ

127 2634 209 2706 ἀέρος
228 2637 268 2706 [id
287 2645 338 2699 est,
357 2640 406 2706 qui
423 2646 488 2694 sunt
505 2641 534 2693 in
553 2641 625 2708 aere]
644 2636 874 2710 ἀποκρινομένων
892 2645 938 2694 καὶ
956 2636 1022 2695 ὅταν
1040 2637 1225 2710 deputemur,

128 2735 325 2803 κινουμένων.“
362 2735 596 2792 Teiohmuellerus
615 2754 671 2790 non
690 2741 766 2790 reete
780 2738 909 2806 explieat,
929 2745 1042 2792 ventum
1062 2756 1119 2792 esse
1137 2743 1228 2792 tenu·

127 2831 279 2884 issimam
298 2830 389 2884 aeris
400 2829 662 2885 exhalationem
681 2831 849 2898 (disseruere
861 2831 1072 2903 Verdampfung
1085 2833 1135 2886 der
1148 2833 1228 2900 Lult)

127 2926 207 2981 stud.
226 2945 255 2996 p.
276 2929 317 2981 10.

232 3025 257 3090 1)
275 3023 387 3092 Hippol.
406 3024 423 3076 l.
442 3023 472 3076 l.:
498 3018 595 3090 ,ὑετὸν
620 3024 652 3076 δὲ
671 3022 822 3092 (γίνεσθαι)
845 3025 875 3077 ἐκ
898 3026 947 3094 γῆς
970 3019 1172 3095 ἆναιλιδομένης
1196 3026 1226 3077 ἐκ

126 3121 182 3172 τῶν
195 3116 243 3190 ὑφ’
262 3115 364 3184 ἥλιον.
384 3118 443 3186 Quo
455 3120 515 3174 loeo
534 3121 744 3189 corruptissimo
764 3121 793 3174 in
802 3121 894 3174 verbis
912 3120 982 3175 ‘roiv
1001 3120 1049 3192 ὑφ’
1065 3116 1150 3188 ἣλιον
1170 3139 1226 3174 non

127 3222 207 3286 puto,
231 3221 263 3270 ut
289 3216 453 3270 Dunokerus
478 3217 636 3286 arbitretur,
676 3218 786 3272 latere
810 3215 879 3272 ’τῶν
903 3214 1050 3289 νεφελῶν,
1081 3219 1129 3272 sed
1156 3219 1228 3274 hane
1281 3207 1283 3212 ¹

127 3331 223 3367 voeem
238 3318 300 3382 post
318 3310 366 3384 ὑφ’
377 3309 453 3380 ἥλιον
470 3315 598 3368 omissum
613 3332 683 3384 esse;
703 3333 768 3369 nam
779 3316 917 3370 sententio
930 3316 1091 3384 postulante
1104 3317 1144 3370 sie
1157 3321 1225 3384 puto

126 3409 276 3480 legendum
296 3427 367 3464 esse:
389 3411 435 3478 ,ἐκ
453 3412 502 3480 γῆς
513 3409 725 3482 ἀναδιδομένων
742 3409 794 3483 ὑφ’
814 3409 908 3478 ἡλίου
926 3415 1098 3483 νεφελῶν.“

230 3505 509 3575 2)P1ut.Plae.111‚
529 3511 545 3561 3
565 3501 671 3577 (Galen.
690 3526 713 3563 o.
736 3511 783 3577 193
809 3508 884 3563 Stob.
904 3510 926 3576 I,
947 3513 991 3570 29,
1011 3511 1070 3575 590)
1097 3505 1175 3578 „'Av.
1196 3513 1226 3564 ἐκ

127 3603 176 3655 τοῦ
193 3596 360 3673 πνε’μτιτος·
386 3599 523 3672 ὅτανγὰρ
542 3606 716 3676 περιληφθὲν
734 3610 814 3676 νέφει
832 3612 917 3674 παχεῖ
933 3603 1104 3677 βιασάμενον
1122 3607 1226 3680 ἐκπέσῃ

67 3751 69 3757 ,
126 3701 158 3772 τῇ
178 3702 357 3770 λεπτομερείᾳ
376 3703 422 3752 καὶ
441 3694 596 3770 κουφότητι,
616 3694 675 3754 τότε
694 3698 710 3767 ἡ
728 3701 783 3771 μὲν
802 3702 873 3771 ῥῆξις
891 3700 940 3756 τὸν
958 3697 1067 3773 ψόφον,
1085 3701 1100 3767 ἡ
1119 3702 1150 3756 dt
1165 3703 1226 3762 ,drur-
1247 3709 1249 3714 '

129 3791 210 3860 στολὴ
230 3792 304 3864 παρὰ
327 3793 375 3861 τὴν
392 3797 526 3866 μελανίαν
543 3798 590 3849 τοῦ
608 3803 709 3868 νέφους
727 3795 775 3850 τὸν
795 3798 970 3868 διαυγασμὸν
986 3795 1138 3852 ἀποτελεῑ.“
1157 3800 1225 3870 Hip-

127 3893 183 3962 pol.
203 3893 221 3944 l.
241 3892 259 3946 1.
283 3888 442 3970 ,ἀστραπὰς
461 3893 491 3946 el
512 3892 672 3962 (γίνεσθαι),
692 3889 758 3948 ὅταν
785 3888 887 3966 ι’ένεμος
906 3895 1053 3964 ἐμπίπτων
1071 3897 1162 3967 ιλιϊστᾷ
1179 3897 1226 3957 τὰς

127 3990 271 4059 νεφίλο’ς.“
1105 4057 1106 4062 ¹

229 4088 257 4154 3)
278 4086 369 4140 Aliter
396 4087 482 4140 sentit
502 4086 750 4156 Teiohmuellerus3
777 4088 800 4142 is
828 4089 902 4143 enim
921 4087 1012 4155 (saud.
1032 4107 1059 4156 p.
1084 4091 1114 4140 10
1133 4092 1160 4140 et
1182 4089 1225 4156 ll)

127 4183 268 4252 opinatur,
291 4187 403 4236 tenuem
423 4185 500 4237 venti
531 4185 676 4238 materiam
693 4202 744 4253 per
763 4202 791 4237 se
811 4203 868 4238 esse
888 4187 1007 4254 igneam,
1027 4187 1111 4238 immo
1131 4186 1224 4254 ignem

127 4297 141 4332 e
161 4283 245 4334 vento
265 4281 343 4332 oriri.
