2882 4902
797 377 832 429 ι

272 556 428 630 statuant,
461 547 636 633 separatim
659 568 714 614 eos
743 567 869 630 quoque
890 555 1057 630 memorat,
1080 549 1135 630 qui
1159 547 1218 613 hoe
1238 546 1272 610 ab
1290 545 1345 610 ele·
1409 527 1410 576 ¹

273 659 398 736 mentis
426 658 692 742 praedicuntur,
720 657 882 724 diversum
907 651 1011 738 (παρὰ
1038 652 1079 721 τὰ
1107 657 1259 736 στοιχεῖα)
1285 677 1347 720 esse

272 767 382 845 velint,
412 776 445 833 et
471 767 578 852 addit,
608 769 688 834 tale
721 767 914 851 quoddam
947 788 1086 852 eorpus
1119 768 1259 833 sensile
1285 785 1347 831 esse
1410 797 1411 860 p

272 895 336 942 non
359 896 454 961 posse
463 880 499 958 1);
534 897 597 960 quo
628 877 699 944 loeo
730 877 1007 943 Anaximandrum
1040 876 1225 960 significari,
1254 881 1350 959 postea
1410 869 1411 878 ’

273 986 392 1053 elarius
413 987 545 1072 patebit.
590 989 690 1053 Porro
709 988 910 1061 Aristoteles,
932 995 966 1052 nt
984 988 1114 1070 saepius
1136 988 1200 1052 iam
1220 985 1349 1066 diximus,

273 1115 392 1175 omnes,
424 1097 629 1183 quiquidem
652 1097 811 1162 infinitum
834 1095 967 1180 aliquod
988 1104 1118 1180 ponant,
1140 1115 1212 1160 eam
1232 1095 1268 1160 ob
1287 1113 1350 1158 eau-
1411 1151 1412 1160 ,

273 1224 358 1282 sam,
393 1205 479 1287 quod
509 1207 625 1272 mentis
659 1205 813 1288 cogitatio
852 1205 983 1287 quosvis
1018 1203 1248 1289 magnitudinis
1282 1202 1350 1267 fines

273 1313 541 1398 transgrediatur,
575 1316 705 1382 eredere
728 1317 783 1393 ait,
804 1315 963 1381 infinitam
985 1314 1147 1397 quandam
1171 1322 1259 1381 extra
1276 1333 1350 1378 mun·

274 1421 349 1488 dum
371 1442 442 1489 esse
465 1432 641 1491 naturam
662 1428 947 1509 corpoream²);
986 1425 1072 1508 quod
1102 1445 1158 1490 eur
1186 1424 1228 1489 ad
1248 1423 1350 1489 Anaxi·
1412 1411 1413 1414 ¹

274 1532 440 1599 mandram
474 1553 600 1617 quoque
624 1515 827 1600 referendum
850 1540 949 1613 esset,
986 1553 1085 1618 supra
1117 1531 1351 1618 exposuimusll.

273 1641 422 1724 Denique
450 1642 655 1722 Aristoteles,
683 1643 738 1708 nbi
770 1649 912 1709 veterum
939 1642 1147 1728 physieomm
1181 1643 1221 1709 de
1244 1640 1352 1707 infinito

273 1752 442 1836 opiniones
468 1753 594 1835 refellit,
618 1773 746 1837 semper
768 1753 815 1820 ita
835 1753 986 1836 loquitur,
1012 1735 1268 1820 ut'infinitum
1287 1770 1353 1818 eor·

275 1881 346 1945 pus
368 1863 518 1928 sensile
541 1861 631 1928 dieat
652 1882 801 1929 essenon
822 1865 969 1948 posse⁴);
992 1863 1077 1930 unde
1093 1865 1246 1946 sequitur,
1266 1869 1297 1928 ut
1313 1858 1353 1925 illi

274 1991 384 2038 omnes
403 1971 563 2038 infinitum
586 1971 619 2036 in
641 1970 768 2037 infinita
789 1971 929 2055 quadam
949 1979 1065 2038 natura
1084 1992 1238 2057 corporea
1258 1968 1353 2038 sensili

274 2083 421 2168 posuisse
443 2081 577 2165 putandi
600 2083 674 2148 siut.
720 2081 832 2148 Omnis
866 2090 973 2148 autem
994 2081 1154 2149 dubitatio
1179 2085 1307 2165 tolletur,
1331 2079 1353 2144 si

274 2212 344 2257 eam
369 2193 474 2275 ipsam
495 2211 562 2256 rem
583 2192 764 2258 aeeuratius
786 2191 1039 2275 cognoverimus
1061 2192 1113 2258 eui
1136 2190 1356 2259 Anaximander

274 2301 464 2366 infinitatem
487 2300 644 2366 tribuerit.
1415 2265 1416 2320 ¹

374 2411 496 2492 ltaque,
519 2416 556 2475 ut
556 2429 661 2494 ,quae
679 2409 922 2493 disputavimus,
947 2400 1096 2476 brevibus
1113 2351 1355 2496 eompleotamur,

224 2521 230 2538 ⁸
273 2518 508 2585 Anaximandri
531 2519 691 2586 infinitum
713 2517 762 2585 sie
784 2519 892 2585 animo
917 2519 1154 2586 informandum
1182 2529 1243 2600 est,
1268 2527 1300 2586 ut
1322 2516 1356 2582 sit

374 2745 401 2814 1)
419 2745 501 2814 Psy..
520 2746 569 2816 ιιι,
579 2727 608 2801 t.
629 2749 682 2802 σοι
694 2745 739 2802 ba
758 2764 810 2817 sq,
831 2747 898 2804 sura
917 2765 942 2802 v.
954 2749 1002 2801 ss:
1022 2743 1107 2814 ‚arn
1129 2743 1187 2818 μὴν
1201 2743 1262 2800 atas
1280 2745 1308 2800 a
1320 2746 1356 2796 ιιι

273 2838 379 2894 ἁπλοῦν
391 2841 460 2895 εἶναι
473 2843 612 2913 ἐνδέχεται
623 2840 654 2898 τὸ
667 2839 783 2915 ἄπειρον
792 2846 883 2915 σῶμα,
902 2836 962 2896 οὔτε
976 2841 1011 2904 ὡς
1022 2845 1136 2911 λέγουσί
1146 2861 1216 2902 τινες
1226 2840 1261 2897 τὸ
1280 2835 1355 2908 παρὰ

272 2934 310 2991 τὰ
333 2945 495 3010 στοιχεῖα,
514 2941 549 3000 ἐξ
566 2925 602 2994 οὗ
619 2941 719 2994 ταῦτα
738 2943 911 3010 γεννῶσιν,
934 2935 994 2994 olo'
1007 2939 1108 3000 ἁπλῶς.
1130 2945 1184 2994 εἰσὶ
1195 2935 1246 3010 γάρ
1256 2956 1320 2996 τινες
1335 2937 1355 2986 Οἳ

273 3034 351 3087 τοῦτο
372 3036 486 3088 norodur'
505 3033 535 3089 τὸ
559 3029 680 3104 ἄπειρον,
698 3031 755 3087 ἀλλ’
773 3029 823 3088 οὖν
840 3030 908 3105 ἀέρα
928 3028 943 3101 ἢ
963 3030 1035 3103 ὕδωρ
1048 3075 1055 3089 .
1066 3035 1091 3088 .“
1108 3033 1139 3088 V.
1153 3037 1201 3089 29:
1222 3029 1357 3104 „edmero

274 3131 299 3182 δ’
320 3131 388 3185 εἶναι
407 3133 537 3200 τοιοῦτον,
556 3128 608 3203 οὐχ
626 3127 666 3185 ὅτι
685 3127 800 3202 ἄπειρον
818 3174 824 3186 .
844 3173 849 3185 .
869 3172 890 3194 .,
921 3128 978 3183 ἀλλ’
997 3127 1037 3184 ὅτι
1062 3128 1112 3184 ονἰκ
1135 3133 1193 3186 ἔστι
1219 3129 1357 3184 τοιοῦτον

275 3227 372 3299 σῶμα
386 3227 563 3296 αἰσθητὸν
582 3227 670 3298 παρὰ
688 3226 725 3282 τὰ
745 3229 925 3300 στοιχεῖα.“
949 3227 1076 3282 Cs.205⁸
1091 3229 1140 3283 26:
1160 3224 1267 3297 „adduit
1290 3222 1316 3278 τὸ
1332 3220 1357 3272 ἓν

274 3323 319 3372 καὶ
337 3313 452 3391 ἄπειρον
470 3323 524 3392 πῦρ
544 3323 675 3389 ἐποίησεν
700 3319 765 3376 οὐδὲ
789 3324 842 3394 γῆν
868 3327 923 3379 τῶν
946 3319 1130 3396 φυσιολόγων,
1158 3321 1216 3377 ἀλλ’
1233 3319 1248 3390 ἢ
1266 3307 1356 3387 ridelli

273 3413 342 3487 ἀέρα
359 3411 375 3484 ἢ
393 3414 424 3470 τὸ
443 3417 543 3488 μεταξὺ
562 3415 678 3473 αὐτῶν.“

373 3516 400 3582 2)
418 3513 482 3568 viu.
501 3533 585 3585 supra
603 3534 630 3586 p.
649 3519 691 3571 33.

373 3610 402 3680 3)
417 3609 487 3666 Vide
505 3611 573 3667 ibid.

373 3706 401 3775 l)
421 3707 501 3778 Phys.
513 3708 559 3778 ΠΙ,
569 3710 594 3762 4.
606 3713 679 3764 204⁸
694 3711 725 3765 l:
744 3706 883 3782 ,μάλιστα
895 3713 926 3764 dt
946 3712 1064 3783 φυσικοῦ
1083 3712 1140 3765 ἐστὶ
1161 3717 1323 3780 σκέψασθαι,
1338 3705 1355 3754 ti

274 3804 329 3856 ἔστι
350 3807 505 3875 μέγιθος
522 3805 700 3874 aladardo
717 3803 894 3878 ι’ίπειρον.“
923 3808 963 3862 Ib.
982 3811 1007 3862 5.
1025 3793 1144 3862 20527':
1175 3810 1238 3877 „dei
1257 3808 1285 3860 dt
1302 3794 1355 3856 aar&

274 3901 376 3960 παντὸς
398 3902 533 3956 lerninis
552 3910 676 3966 σκοπεῖν,
698 3908 722 3957 εἰ
740 3905 880 3976 ἐνδέχεται
902 3899 918 3971 ἢ
942 3899 991 3957 olor
1009 3905 1150 3975 ἐνδέχεται
1180 3906 1247 3960 εἶναι
1274 3902 1354 3969 adpo

273 3992 421 4068 ἄπειρον
439 3995 600 4066 αἰσθητόν.“
638 4002 677 4056 lb.
696 4001 831 4057 2061222:
864 4007 960 4071 „tineo
981 3997 1096 4073 μήέστι
1117 3993 1355 4074 κατὰσυμβεβηκός

274 4093 472 4165 ἐντελεχείᾳ
490 4090 649 4166 ἄπειρον,
664 4095 903 4171 ὥσπερφασὶνοὶ
920 4094 1126 4170 φυσιολόγοι
1145 4097 1182 4153 τὸ
1201 4100 1260 4160 ἔξω
1276 4095 1355 4162 σῶμ(ι

273 4190 329 4242 τοῦ
348 4185 496 4262 κόσμου,
514 4178 546 4246 οὗ
561 4193 577 4260 ἡ
595 4191 674 4249 οὐσία
694 4191 710 4262 ἢ
729 4195 781 4267 ἀὴρ
800 4191 816 4264 ἢ
834 4191 900 4249 ἄλλο
922 4217 945 4250 τι
969 4199 1099 4251 τοιοῦτον.
1124 4193 1181 4248 ἀλλ’
1206 4200 1231 4250 εἰ
1254 4191 1291 4266 μὴ
1309 4178 1355 4240 οἷόν

272 4303 301 4339 τε
321 4285 389 4340 εἶναι
408 4287 609 4361 ἐντελεχείᾳ
629 4293 726 4364 σῶμα
745 4291 921 4360 αἰσθητὸν
942 4287 1026 4346 οὕτω
1045 4293 1117 4347 κτλ.“
