2882 4902
610 400 645 458 65

78 593 139 656 que
168 572 401 640 elementorum
432 574 599 638 materiam
629 593 726 639 unam
759 594 831 640 esso
864 581 995 640 oenseat
1026 573 1068 641 ab
1101 574 1179 660 ipsis

78 684 248 750 elementis
270 682 441 766 diversam,
462 681 547 748 hano
568 701 645 747 vero
665 703 740 766 non,
767 683 1035 766 quemadmodum
1057 685 1089 769 ii,
1122 687 1179 769 qui

77 793 165 857 illam
187 792 328 858 mediam
349 798 496 858 naturam
519 792 692 875 ponebant,
716 811 832 875 eorpus
847 793 1011 875 quoddam
1033 813 1105 862 esso
1127 814 1179 860 ve·

30 919 33 926 ’
78 901 114 966 lit
134 921 194 984 per
223 921 258 968 se
281 910 432 969 constans
465 903 596 984 suisque
624 903 833 985 qualitatibus
855 909 957 987 utens,
991 903 1049 970 sod
1083 904 1180 970 talem

79 1011 423 1094 quandam-naturam,
445 1030 530 1092 quae
564 1011 637 1096 ipsa
667 1031 726 1094 per
756 1031 791 1077 se
812 1013 926 1093 quavis
949 1012 1105 1093 qualitate
1128 1031 1179 1076 oa·

80 1127 149 1186 reat
172 1123 356 1205 pariterque
377 1120 524 1185 omnibns
539 1121 768 1186 elementorum
789 1120 997 1202 qualitatibus
1010 1121 1182 1186 eontrariis

81 1230 227 1296 subieota
244 1230 296 1312 sit,
320 1235 492 1312 antequam
515 1248 605 1294 suam
628 1227 671 1294 de
693 1248 756 1293 una
777 1230 911 1295 materia
922 1230 1112 1296 sententiam
1128 1250 1181 1295 ex-

82 1347 190 1423 ponat,
212 1359 322 1406 eorum
344 1341 534 1424 opinionem,
558 1339 613 1420 qui
635 1343 780 1404 naturam
798 1339 885 1403 illam
906 1338 1046 1404 mediam
1068 1359 1127 1423 per
1146 1359 1181 1406 so

83 1455 281 1516 constantem
304 1449 534 1515 elomentorum
561 1449 727 1514 materiam
749 1455 880 1532 ponant,
910 1448 1036 1524 refellit,
1063 1447 1182 1531 diosus,

84 1578 149 1639 eos,
172 1561 226 1642 qui
252 1579 363 1624 unam
393 1562 571 1624 statuant
603 1559 799 1622 materiam
826 1558 872 1622 ab
906 1558 1107 1623 elementis
1129 1557 1182 1622 di·

84 1661 356 1750 versamtrcoooi
379 1661 420 1730 τὰ
442 1661 594 1750 εἰρημένα
616 1686 659 1733 so.
681 1666 840 1749 στοιχεῖα)
864 1687 1027 1750 samque
1047 1687 1181 1750 oorpo-

86 1797 186 1844 ream
208 1784 247 1844 st
270 1797 341 1861 per
372 1796 412 1842 se
435 1782 677 1843 constantem
703 1771 903 1864 (σωματικὴν
933 1762 987 1840 καὶ
1007 1770 1184 1862 χωριστὴν)

88 1907 157 1952 asse
178 1886 290 1969 velint,
314 1885 437 1963 errares
459 1885 520 1952 hoo
543 1885 628 1951 onim
650 1905 774 1970 eorpus,
797 1888 858 1968 vel,
872 1922 907 1932 —
922 1892 957 1952 ut
979 1887 1087 1970 paullo
1111 1891 1185 1970 post

87 1995 175 2079 dioit,
195 1997 355 2064 vocabulo
388 2003 481 2062 utens
502 1996 543 2061 ab
567 1998 638 2079 ipso
661 1994 753 2062 huius
776 1998 954 2062 sententiae
976 2003 1106 2062 auotore
1128 1994 1184 2060 ad·
1244 2063 1248 2069 ,

88 2103 184 2173 hibito
201 2142 240 2152 —-
256 2105 336 2171 hoo
358 2106 554 2171 infinitum
575 2099 626 2186 (νί
642 2093 782 2187 ἄπειρον
804 2106 928 2185 τοῦτο),
951 2107 1100 2186 quoniam
1114 2122 1183 2170 sen·

89 2217 145 2280 sile
166 2217 214 2300 sit,
237 2236 302 2281 non
324 2234 420 2299 possa
442 2217 511 2280 sine
534 2235 598 2280 una
618 2215 671 2280 vol
692 2216 795 2282 altera
808 2216 997 2297 qualitatum
1019 2215 1184 2280 sensilium

90 2343 169 2404 esse,
193 2324 250 2390 sed
274 2324 457 2392 necessario
486 2332 541 2390 aut
563 2345 661 2408 grave
691 2330 747 2390 aut
768 2326 839 2390 leve
868 2320 908 2390 et'
921 2344 1031 2390 rursus
1054 2331 1109 2389 aut
1132 2343 1183 2389 oa-

91 2432 187 2498 lidum
209 2442 266 2501 ant
287 2434 437 2518 frigidum
456 2454 527 2500 esse
536 2433 570 2515 ¹).
613 2434 760 2516 Denique
786 2436 819 2500 in
840 2433 934 2499 huius
956 2433 1185 2517 disputationis

91 2541 160 2625 fine,
182 2549 352 2627 postquam
375 2563 466 2608 snam
489 2542 530 2608 de
551 2545 685 2608 materia
708 2545 899 2609 sententiam
911 2545 1068 2627 exposuit,
1091 2562 1183 2608 aoon-

93 2653 188 2718 ratius
218 2653 318 2718 etiarn
347 2651 633 2731 demonstraturus,
666 2653 786 2718 nullam
813 2671 888 2730 rem,
922 2671 1007 2734 quae
1040 2652 1113 2736 ipsa
1144 2653 1185 2717 sit

93 2779 202 2845 eorpus
225 2781 284 2845 per
306 2779 341 2826 so
364 2766 516 2826 oonstans
540 2760 671 2842 suisque
687 2761 895 2842 qualitatibus
918 2766 1020 2844 utens,
1045 2762 1185 2828 omnium

94 2889 192 2935 rernm
213 2871 381 2936 materiam
404 2889 476 2935 esse
497 2887 603 2953 posse,
632 2869 821 2952 singillatim
850 2875 882 2934 et
906 2888 961 2934 eos
981 2869 1109 2951 refellit,
1130 2871 1186 2951 qui

93 2996 186 3043 uuum
209 2997 249 3043 ex
275 2979 451 3062 elementis,
474 2985 593 3059 atem,
620 2979 676 3061 qni
703 2984 851 3043 naturam
872 2976 1033 3060 quandam
1055 2978 1097 3042 ab
1124 2979 1187 3043 elo·

94 3090 202 3154 mentis
223 3087 385 3154 diversam
408 3089 550 3154 omnium
577 3109 681 3154 rerum
705 3089 874 3153 materiam
898 3087 1017 3169 dioant,
1046 3089 1078 3151 in
1102 3087 1187 3152 huno
1239 3137 1249 3157 .

95 3195 158 3262 fere
180 3198 310 3264 modum
327 3198 368 3263 de
389 3197 430 3264 iis
444 3197 627 3282 disputans:
649 3198 817 3263 materiam
835 3198 984 3263 omnibus
1004 3198 1100 3263 rebus
1115 3196 1188 3278 sub·

96 3506 185 3576 μάτων
202 3503 218 3579 ἢ
238 3509 394 3581 στοιχείων)
421 3506 470 3576 τὴν
487 3507 673 3584 satrapam
697 3505 763 3576 ὕλην
790 3513 817 3563 οἱ
840 3514 895 3583 μέν
913 3526 1001 3583 φασιν
1026 3507 1094 3561 εἶναι
1112 3511 1188 3581 μίαν,

97 3601 152 3660 οἷον
168 3603 236 3680 ἀέρα
253 3611 374 3666 τιθέντες
393 3600 408 3674 ἢ
426 3608 491 3676 πῦρ,
518 3600 534 3674 ἥ
561 3628 590 3662 τι
608 3604 733 3680 μεταξὺ
756 3603 881 3660 τούτων
904 3602 1000 3678 σῶμα
1023 3623 1055 3658 νε
1078 3598 1116 3659 ὃν
1134 3607 1189 3657 καὶ

95 3699 271 3774 χωριστόν,
298 3706 328 3756 οἱ
351 3703 383 3756 δὲ
402 3706 487 3756 πλείω
508 3701 557 3758 τὸν
581 3699 705 3777 ἀριθμὸν
731 3698 816 3763 ἑνός.“
862 3703 930 3756 Post
955 3703 1009 3772 πῦρ
1034 3701 1188 3756 necessario

98 3797 345 3872 interpungendum
364 3805 413 3855 est.

191 3902 214 3962 1)
232 3898 294 3953 Ibid
323 3898 391 3952 3292
406 3900 438 3952 8:
459 3894 535 3968 „utu
555 3901 582 3951 ol
599 3896 655 3971 μὲν
678 3897 819 3956 ποιοῦντες
840 3901 923 3969 μίαν
944 3889 1023 3962 ὕλην
1044 3889 1133 3963 παρὰ
1152 3891 1188 3946 τὰ

99 3993 259 4065 εἰρημένα,
278 3988 401 4060 ταύτην
425 3994 461 4047 δὲ
485 3990 681 4067 σωματικὴν
703 3997 758 4047 καὶ
774 3985 952 4064 χωριστήν,
973 3983 1188 4062 ἁμαρτάνουσιν·

99 4081 226 4142 altentoe
242 4088 296 4162 γὰρ
309 4083 373 4145 ἄνευ
385 4086 569 4150 ἐναντιώσεως
588 4091 654 4146 εἶναι
674 4085 709 4142 τὸ
730 4090 826 4160 σῶμα
844 4089 940 4141 τοῦτο
959 4083 1124 4153 αἰσθητὸν
1144 4079 1189 4139 ὅν·

99 4175 179 4254 ἢγάρ
196 4187 303 4258 κοῦφον
321 4179 337 4253 ἢ
356 4184 426 4255 βαρὺ
444 4179 460 4252 ἢ
481 4183 591 4258 ψυχρὸν
609 4179 624 4254 ἢ
644 4183 752 4258 θερμὸν
770 4178 876 4254 ἀνάγκη
902 4184 970 4236 εἶναι
992 4181 1027 4236 τὸ
1047 4177 1190 4250 ἄπειρον

100 4280 195 4352 τοῦτο,
215 4278 230 4334 ὃ
249 4284 364 4352 λέγουσι
382 4301 452 4344 τινες
468 4280 517 4350 τὴν
535 4277 648 4354 ἆρχήν.“

972 4377 989 4430 5
