2850 4904
771 355 821 414 164

259 519 319 590 “ab
339 527 436 610 σῶμα
459 521 498 592 τὸ
521 527 742 612 ὑποκείμενον
751 519 771 614 ³,
804 550 870 613 qua
896 529 992 596 buius
1014 530 1161 616 corporis
1194 529 1281 596 notio
1309 549 1357 614 per

263 637 335 703 eius
359 637 526 720 ambitum,
553 638 659 705 idest
689 639 841 724 persius
864 639 983 706 formas
1009 660 1030 705 a
1056 638 1198 704 diversis
1225 638 1358 724 physicis

261 744 425 813 adhibitas
444 747 556 814 modo
580 747 829 816 disiunctivo
857 750 1083 834 explicatur¹);
1117 754 1225 832 atque,
1252 755 1287 814 ut
1306 747 1357 812 hoc

262 854 405 921 breviter
423 855 576 939 adiciam,
599 878 640 924 ex
662 859 725 926 hac
752 861 826 943 ipsa
837 879 882 941 re,
905 858 991 942 quod
1008 857 1157 924 diversae
1173 856 1234 925 hae
1248 858 1357 924 formae

261 962 532 1048 adpositionis
564 964 676 1031 modo
707 964 751 1030 ad
782 959 838 1029 ‘tv
859 964 956 1046 σῶμα
988 959 1027 1028 cd
1060 955 1178 1029 cnon)
1209 963 1358 1030 adduntur

262 1091 366 1155 neque
388 1079 496 1140 autem
527 1076 743 1158 separatim
777 1075 1039 1153 enuntiantur,
1074 1073 1221 1157 intellegi
1253 1078 1357 1158 potest,

262 1179 323 1246 hoo
345 1183 416 1248 loco
437 1203 501 1249 non
525 1185 731 1268 potissimum
754 1182 795 1248 de
816 1181 1054 1266 distinguendis
1078 1182 1160 1267 ipsis
1182 1182 1235 1247 his
1257 1181 1358 1246 formis

262 1289 294 1356 id
317 1297 375 1376 ost,
407 1291 448 1360 do
471 1291 707 1377 distinguendis
729 1292 866 1358 diversis
888 1293 1119 1376 principiorum
1149 1291 1358 1374 qualitatibus,

260 1421 372 1467 verum
393 1401 433 1468 de
455 1403 522 1469 alia
544 1401 685 1488 quadam
707 1422 742 1468 re
765 1404 827 1486 agi.
872 1401 934 1468 His
955 1401 1129 1485 disputatis
1154 1407 1300 1485 apertum
1320 1400 1359 1463 vi-

262 1509 355 1576 detur
377 1531 459 1594 esse,
482 1512 523 1578 ab
540 1512 712 1578 Aristotele
736 1512 800 1577 illis
814 1511 923 1577 verbis
947 1531 1185 1576 communem
1206 1511 1358 1575 omnium

261 1621 529 1708 physicorum,
551 1621 749 1706 quiquidem
771 1620 805 1686 id
825 1619 912 1704 quod
935 1628 985 1686 est
999 1641 1097 1688 unum
1111 1621 1263 1687 volebant
1285 1638 1358 1698 esse,

261 1731 302 1796 dc
326 1732 398 1814 ipsa
421 1732 503 1796 ontis
525 1735 641 1796 natura
663 1728 841 1795 doctrinam
863 1727 925 1794 hoc
947 1728 1043 1794 modo
1066 1726 1211 1793 definiri:
1234 1726 1358 1812 physi-

262 1859 327 1906 cos
349 1839 385 1906 id
409 1837 512 1923 quod
534 1845 593 1904 est
620 1859 771 1924 ponere
801 1859 911 1904 unam
940 1837 1205 1905 substantiam
1235 1855 1359 1920 corpo-

261 1968 378 2030 ream,
401 1969 491 2031 eam,
514 1968 613 2030 quae
632 1948 812 2013 omnibus
828 1947 947 2013 rebus
970 1946 1155 2012 subiecta
1171 1947 1230 2029 sit,
1252 1952 1359 2027 atque

261 2057 415 2140 quidem
449 2063 514 2124 aut
544 2077 659 2122 unum
692 2076 710 2121 e
746 2055 872 2121 tribus
905 2056 1121 2121 elementis
1154 2062 1221 2122 aut
1252 2055 1359 2121 aliam

261 2166 454 2249 quandam
475 2172 654 2232 naturam
684 2166 792 2232 inter
824 2185 953 2231 aerem
976 2171 1013 2230 et
1042 2167 1170 2247 ignem
1193 2164 1360 2241 mediam,

262 2277 337 2342 illa
359 2275 606 2341 subtiliorem
629 2273 703 2340 hac
725 2281 854 2341 autem
877 2272 1104 2339 densiorem.

362 2384 452 2450 Haec
474 2384 648 2468 explicatio
671 2382 878 2447 confirmatur
899 2383 998 2446 etiarn
1014 2381 1120 2466 priore
1144 2382 1284 2464 quodam
1296 2381 1360 2446 Ari-

262 2493 388 2558 stotelis
409 2493 490 2570 loco,
513 2513 579 2576 quo
601 2491 640 2576 is,
663 2491 971 2558 contraEleatarum
994 2489 1175 2557 doctrinam
1197 2492 1361 2571 disserens,

262 2621 342 2685 „uec
366 2601 474 2684 vero“,
500 2602 633 2685 ,inquit
662 2601 695 2666 id
718 2601 805 2685 quod
829 2608 879 2667 est
901 2601 1027 2667 forma
1046 2609 1153 2686 potest
1176 2623 1273 2669 unum
1295 2620 1361 2668 esse

261 2712 325 2777 nisi
354 2731 394 2776 oa
426 2712 561 2788 ratione,
592 2711 693 2796 quod
720 2718 860 2778 natura
881 2712 997 2777 rcbus
1031 2711 1215 2800 subiecta
1241 2712 1362 2778 forma

261 2827 323 2886 est
346 2839 441 2898 una3
476 2820 537 2886 hac
558 2829 665 2887 autem
694 2822 817 2886 ratione
840 2822 937 2885 etiam
962 2819 1220 2904 physicorum
1243 2820 1361 2903 aliqui

261 2929 294 2995 id
320 2928 405 3013 quod
428 2937 477 2996 cst
499 2929 727 2996 dicuntforma
747 2951 845 2996 unum
870 2950 953 3012 esse,
976 2948 1082 3012 neque
1107 2937 1216 2996 autem
1241 2931 1297 2996 illa
1317 2950 1361 2993 ra-

260 3039 348 3103 tione
371 3039 432 3122 (ea,
456 3059 521 3122 qua
542 3039 841 3122 voluntllleatae,
863 3040 920 3121 qui
943 3058 1016 3104 cum
1030 3039 1238 3105 multitudine
1260 3059 1360 3103 rerum

260 3147 359 3213 etiam
384 3168 509 3214 ornnem
529 3147 743 3214 formarum
766 3147 1042 3214 diversitatem
1063 3146 1207 3232 tollunt);
1230 3166 1360 3231 namque

260 3256 482 3342 (physicorum
511 3259 636 3325 illorum
659 3257 834 3340 sententia)
857 3259 952 3325 bomo
976 3265 1008 3324 et
1031 3278 1132 3341 equus
1156 3256 1287 3336 (idest,
1313 3275 1360 3321 res

261 3365 455 3448 singulares)
478 3371 510 3430 et
533 3367 694 3432 contraria
714 3370 811 3449 (quae
827 3367 869 3432 ab
891 3367 955 3432 illis
977 3388 1043 3433 non
1065 3369 1228 3452 tolluntur,
1259 3386 1360 3450 quem-

260 3474 436 3541 admodum
465 3474 506 3540 ab
529 3475 660 3553 Eleatis,
693 3494 804 3540 verum
835 3495 876 3540 cx
908 3476 965 3542 illa
994 3497 1059 3542 una
1081 3483 1198 3543 natura
1220 3475 1359 3541 omnibus

261 3585 408 3651 subiecta
437 3589 525 3650 motu
560 3584 657 3648 insito
679 3582 898 3666 generantur),
931 3584 1037 3650 formai
1067 3584 1199 3650 diversa
1225 3581 1317 3650 sunt“
1328 3581 1359 3662 ²).

1416 3713 1417 3760 l

363 3790 390 3857 1)
408 3787 485 3842 Haeo
503 3787 643 3856 adpositio
665 3804 728 3842 curn
747 3787 890 3856 prioribus
911 3787 1005 3842 verbis
1023 3787 1173 3842 coniuncta
1195 3787 1237 3842 sic
1258 3785 1358 3856 poterit

260 3886 347 3964 verti:
377 3883 510 3954 ,physici
532 3884 581 3953 qui
600 3883 629 3938 id
648 3883 723 3953 quod
744 3887 786 3938 est
804 3885 903 3938 volunt
926 3900 985 3936 esse
1008 3901 1096 3938 unum
1114 3901 1225 3953 eorpus,
1242 3883 1273 3938 id
1290 3880 1359 3952 quod
1416 3889 1417 3944 t

259 3981 388 4036 omnibus
406 3981 489 4035 rebus
507 3980 663 4035 subiectum
681 3979 729 4041 sit,
755 3985 859 4048 atque
878 3979 1020 4048 quidem
1046 3986 1097 4035 aut
1113 3997 1202 4034 unum
1220 3997 1254 4034 ex
1273 3979 1358 4034 tribus
1416 3977 1417 4068 p

259 4078 404 4132 elementis
433 4082 484 4132 aut
511 4077 589 4132 aliud
616 4077 694 4132 iuter
722 4094 814 4130 aerem
842 4080 872 4129 et
902 4076 997 4146 ignem
1015 4075 1166 4144 medium“,
1194 4077 1239 4132 vel
1266 4076 1356 4130 etiam:
1416 4085 1417 4168 }

262 4205 314 4244 „-
332 4173 408 4242 quod
426 4174 539 4243 quidem
557 4178 608 4228 aut
626 4191 712 4228 unum
731 4191 766 4226 ex
784 4173 877 4226 tribus
895 4173 1040 4227 elementis
1058 4173 1104 4240 sit,
1123 4177 1174 4226 aut
1192 4173 1257 4226 vei.
1278 4215 1284 4224 .
1304 4172 1327 4226 ,⁹

364 4273 393 4339 2)
412 4272 475 4325 vid.
496 4271 579 4339 Phys.
598 4272 621 4339 1,
639 4273 665 4323 3.
692 4271 819 4334 186219,
850 4270 900 4324 ubi
927 4269 996 4324 haec
1023 4270 1170 4340 leguntur:
1199 4265 1284 4338 ,ἀλλὰ
1307 4264 1359 4340 μὴν
