2860 4906
760 347 814 402 226

236 520 324 605 apud
346 519 552 586 Aristotelem
574 519 735 585 voeabula
758 521 797 584 τὸ
820 513 911 599 παρὰ
934 514 974 582 τὰ
996 521 1144 598 στοιχεῖα
1166 525 1198 584 et
1223 514 1259 582 τὸ
1279 540 1326 599 με·

234 624 313 709 rati
349 629 418 694 sive
453 629 537 694 inter
573 648 692 711 aquam
729 633 761 693 et
804 647 912 694 aerem
950 629 1018 694 sive
1049 628 1134 692 inter
1169 649 1271 694 aerem
1300 633 1326 691 et

235 741 342 821 ignem
379 737 514 803 eandem
547 757 614 802 rem
650 737 835 820 significare
870 743 903 802 et
937 738 978 802 ab
1013 759 1051 803 eo
1085 738 1156 802 sine
1188 739 1251 803 ullo
1281 737 1326 800 de·

235 848 319 914 lectu
352 848 394 913 ad
417 847 661 930 significandum
699 847 784 912 idem
807 845 1040 912 Anaximandri
1072 846 1262 931 principium
1281 845 1327 910 ad·

235 955 350 1021 hiberi.
394 958 500 1038 Atque
534 955 614 1021 haee
645 957 805 1020 voeabula
836 955 958 1039 pariter
988 975 1008 1020 a
1035 955 1199 1039 plerisque
1221 955 1328 1019 Aristo-

235 1067 308 1130 telis
340 1065 570 1150 interpretibus
607 1065 649 1130 ad
685 1065 963 1130 Anaximandrum
995 1065 1117 1142 referri,
1150 1071 1245 1130 antea
1274 1063 1329 1127 iam

235 1175 445 1242 ostendimus.
488 1175 608 1241 Postea
633 1181 740 1240 autem
749 1177 773 1252 ¹)
795 1173 1013 1254 ostendemus,
1036 1193 1108 1238 eum
1132 1174 1206 1258 ipsa
1224 1171 1329 1238 Anaxi-

236 1285 360 1348 mandri
395 1286 518 1349 ratione
550 1286 703 1350 universa
737 1286 783 1349 ita
817 1283 1024 1349 ooniunotnm
1057 1303 1140 1358 esse,
1178 1287 1213 1348 nt
1246 1303 1329 1348 unum

235 1394 377 1458 omnium
390 1413 496 1458 rerum
511 1393 709 1476 principium
733 1393 819 1459 inter
842 1393 907 1458 duo
930 1394 1091 1458 contraria
1106 1375 1247 1458 medium
1268 1411 1329 1455 esse

235 1509 394 1586 oporteat,
417 1509 452 1566 ut
473 1502 660 1567 necessario
683 1501 782 1566 etiam
805 1501 954 1568 debuerit
975 1500 1119 1567 medium
1144 1521 1268 1585 ponere.

335 1613 386 1676 23.
435 1613 503 1676 Iam
539 1613 729 1676 revertimur
765 1611 807 1676 ad
841 1631 912 1676 earn
946 1613 1179 1694 quaestionem,
1214 1617 1330 1694 propter

236 1740 332 1803 quam
355 1727 454 1786 totum
478 1720 561 1786 hano
582 1720 624 1785 de
640 1727 776 1786 naturae
793 1720 922 1786 mediae
944 1727 1075 1786 auetore
1090 1720 1329 1803 disputationem

236 1831 443 1912 instituimus,
474 1849 570 1912 quam
599 1832 670 1910 ipso
692 1829 788 1895 huius
823 1829 1052 1912 disputationis
1074 1829 1167 1895 initio
1202 1829 1279 1912 (eap.
1303 1827 1328 1907 l)

235 1939 470 2022 proposuimus.
495 1939 573 2004 Erat
586 1947 694 2004 autem
709 1939 856 2021 quaestio
869 1939 997 2015 haeeoe,
1015 1959 1088 2004 num
1102 1936 1329 2004 Anaximander

236 2046 395 2112 inlinitum
419 2049 624 2131 principium,
647 2048 734 2130 quod
754 2048 954 2114 ostendimus
976 2069 1041 2113 nou
1064 2067 1138 2114 esee
1153 2047 1325 2112 mixtionem

236 2175 254 2219 e
279 2155 418 2222 diversis
451 2158 547 2224 rebus
579 2159 789 2241 compositam
813 2156 871 2222 sed
902 2163 1052 2224 naturam
1073 2156 1234 2239 quandam
1262 2155 1325 2220 sin-

236 2265 363 2346 plieem,
388 2283 460 2328 esse
485 2265 648 2347 putaverit
669 2271 818 2330 naturam
842 2284 899 2348 per
922 2285 958 2330 se
980 2271 1182 2330 eoustantem
1196 2263 1325 2347 propria·

236 2392 297 2454 qne
328 2393 388 2438 sua
418 2373 574 2455 qualitate
597 2379 750 2454 utentem,
782 2393 823 2438 an
851 2381 1000 2439 naturam
1023 2373 1166 2439 euiusvis
1188 2371 1326 2438 delinitae

236 2481 400 2562 qualitatis
437 2489 611 2561 expertem.
664 2481 756 2561 Quae
793 2482 925 2566 quidem
962 2481 1110 2564 quaestio
1148 2499 1326 2563 quamquam

236 2589 453 2673 disputatione
483 2597 673 2674 antegressa
702 2594 766 2656 iam
789 2592 919 2658 videtur
940 2593 1047 2658 soluta
1068 2611 1150 2673 esse,
1181 2589 1326 2673 quoniam,

235 2700 263 2764 si
286 2699 519 2766 Anaximandri
549 2700 743 2785 principium
778 2707 828 2766 est
850 2708 967 2766 natura
993 2699 1162 2766 interduo
1185 2700 1326 2763 elementa

236 2806 352 2888 media,
373 2809 557 2876 neeessario
580 2809 677 2874 etiam
700 2810 854 2892 qualitate
877 2812 960 2876 inter
992 2809 1073 2874 haee
1095 2806 1205 2874 media
1226 2807 1269 2872 uti
1288 2804 1326 2870 ri-

235 2916 338 2997 detur,
361 2924 468 2982 tamen
493 2919 667 3000 separatim
690 2917 731 2983 de
754 2938 794 2984 ea
815 2918 977 3002 agendum
1001 2924 1061 3000 eat,
1090 2924 1123 2983 et
1152 2917 1237 3000 quod
1256 2921 1325 2992 sunt,

236 3025 292 3106 qui
313 3032 490 3106 sequantur
512 3028 705 3093 sententiam
728 3028 930 3106 contrariam,
961 3032 994 3090 et
1015 3025 1102 3108 quod
1125 3026 1222 3092 huius
1244 3042 1325 3106 quae-

236 3132 351 3198 stionis
377 3133 565 3200 diiudicatio
581 3135 705 3218 aliquid
728 3135 826 3200 etiam
848 3127 993 3200 conferre
1013 3135 1143 3200 videtur·
1166 3135 1209 3200 ad
1225 3151 1323 3214 eogno-

236 3243 389 3308 scendam
411 3263 481 3308 eam
497 3245 663 3322 rationem,
688 3265 752 3326 qua
774 3243 1039 3328 philosophorum
1063 3243 1228 3310 doetrinae
1249 3240 1323 3326 paul·

235 3351 325 3416 latim
346 3371 536 3436 progressae
557 3355 629 3420 sint.

335 3461 486 3544 Plerique
510 3463 608 3544 igitur
620 3463 793 3548 scriptores
806 3461 1002 3528 recentiores
1026 3461 1231 3543 contendunt,
1251 3461 1320 3526 Ana·

235 3567 350 3632 xandri
370 3568 528 3634 infinitum
552 3570 747 3653 prineipium
770 3590 842 3635 esse
864 3577 1012 3636 naturam
1043 3570 1205 3652 quandam
1226 3565 1322 3652 quavis

236 3674 371 3744 definita
392 3678 551 3760 qualitate
573 3686 745 3746 carentem.
788 3679 913 3745 Natura
934 3687 1041 3746 autem
1057 3681 1171 3762 quavis
1187 3678 1321 3762 qualitate

236 3785 369 3852 definita
391 3807 504 3854 earens
528 3785 607 3852 nihil
629 3795 678 3854 est
700 3790 763 3854 nisi
786 3789 923 3856 materia
945 3789 1102 3872 informis,
1125 3808 1160 3854 re
1183 3789 1250 3874 ipsa
1268 3801 1321 3848 uon
1405 3767 1406 3856 l

235 3893 367 3961 diversa
387 3896 433 3983 ab¹
452 3916 499 3978 ea,
525 3917 621 3980 quam
636 3898 827 3963 Aristoteles
850 3897 999 3962 omnibus
1022 3899 1119 3962 rebus
1136 3896 1241 3962 doeuit
1261 3891 1321 3957 sub-

237 4003 352 4069 ieotam
382 4025 463 4070 esse.
508 4005 614 4083 Quare
648 4007 773 4073 illorum
807 4009 967 4072 sententia
989 4005 1222 4073 Anaximandri
1249 3997 1322 4084 prin-

1405 4147 1406 4202 l

337 4236 364 4306 1)
384 4237 446 4291 Vid.
465 4238 540 4291 infra
560 4255 620 4306 eap.
639 4241 675 4292 25
693 4243 722 4292 et
740 4241 783 4294 26.
