2864 4910
609 390 660 446 381

83 565 251 632 ambitum
273 566 517 648 circumeuntes,
546 585 606 650 per
626 566 784 632 foramina
810 565 969 649 quaedam
991 564 1136 631 flammas
1159 565 1201 630 ad

84 696 150 740 nos
168 675 383 753 effundentes,
406 678 440 740 in
456 674 517 740 hec
534 675 770 741 Anaximandri
786 674 934 740 doctrina
945 677 1091 759 primum,
1114 674 1201 758 quod

85 829 296 837 u———.-.

83 918 122 971 ad
138 935 228 986 quam
246 918 406 988 opinionem
418 935 474 971 non
486 918 599 972 videtur
616 917 753 972 adductus
766 935 824 972 esse
844 918 898 972 nisi
912 918 1009 973 eodem
1022 918 1157 973 vocabulo
1170 919 1199 972 in

83 1015 187 1067 verbis
205 1010 315 1084 ‘uicum
329 1011 374 1066 dni
388 1016 542 1084 πρηστῆρος
555 1010 661 1068 odlori’.
681 1015 757 1085 Ergo
768 1020 918 1068 ventorum
930 1016 1049 1070 vortices
1060 1015 1137 1077 dicit,
1151 1015 1200 1084 qui

84 1112 238 1166 stellarum
247 1113 341 1182 ignem
349 1115 491 1180 tamquam
503 1113 614 1165 annulis
622 1111 697 1166 cavis
708 1111 862 1194 includant,
872 1116 900 1165 et
907 1111 1038 1179 vortices,
1049 1112 1097 1180 qni
1106 1112 1200 1181 ignem

84 1227 120 1261 cx
135 1209 190 1262 illo
199 1209 294 1277 priore
304 1209 412 1262 vortice
420 1209 570 1276 expellant.
584 1207 658 1262 Num
669 1209 758 1278 igitur
769 1207 798 1283 hi
809 1213 874 1262 sunt
885 1207 940 1261 duc
952 1209 1070 1262 vortices
1078 1209 1200 1262 diversi?

87 1305 228 1358 Diversos
237 1323 295 1360 esse
307 1309 429 1374 oportet,
438 1305 459 1358 si
471 1305 644 1374 respicimus,
659 1323 729 1374 quae
740 1304 830 1358 adhuc
838 1304 982 1373 disputata
992 1309 1069 1373 sunt3
1088 1305 1199 1358 sednon

85 1407 158 1456 sunt
169 1402 282 1465 diversi,
302 1403 325 1454 si
336 1419 368 1455 ea
379 1402 551 1470 respicimus,
566 1419 637 1470 quae
650 1403 685 1454 ab
702 1401 762 1470 ipso
774 1401 995 1456 Teichmuellero
1007 1401 1067 1455 loco
1079 1401 1200 1470 quodam

86 1499 251 1566 posteriore
266 1499 409 1553 dicuntur.
445 1499 572 1566 Namque
590 1517 618 1568 p.
630 1501 676 1564 26,
696 1515 779 1567 quem
793 1499 885 1552 locum
895 1498 1024 1567 deinceps
1034 1498 1200 1567 adferemus,

87 1595 290 1664 contendit,
318 1596 439 1650 iisdem
462 1601 649 1650 ventorum
673 1595 880 1663 vorticibus,
904 1596 966 1663 qui
989 1596 1100 1666 ignem
1119 1601 1199 1651 tam·

89 1711 194 1761 quam
214 1692 350 1747 annulis
369 1693 461 1747 cavis
474 1692 668 1758 includant,
687 1691 761 1746 hunc
778 1692 872 1762 ignem
891 1692 976 1746 etiem
993 1710 1044 1762 per
1063 1692 1200 1761 quaedam

88 1789 235 1843 foramina
254 1788 358 1857 expelli
376 1790 455 1855 (mus
468 1788 592 1842 welchen
608 1819 639 1830 -
655 1806 693 1842 sc.
713 1788 1002 1844 radlrrana'aihnlichen
1016 1787 1200 1844 Luftwirbsln

89 1915 123 1924 -
146 1885 327 1940 diesclben
346 1885 546 1940 Wirbelvvinde
566 1885 615 1939 das
635 1885 728 1939 Feuer
745 1885 834 1939 durch
853 1886 915 1940 eine
928 1884 1069 1957 Oeffnung
1087 1886 1199 1940 herens·

88 1983 218 2052 spriihen
234 1983 356 2050 lassen‘).
395 1983 471 2036 Haec
499 1981 640 2050 quomodo
669 1982 882 2052 intellegantur,
911 2001 968 2036 non
991 1984 1080 2038 ausim
1099 1983 1200 2038 dicere.

88 2081 168 2136 Num
187 2080 262 2135 forte
282 2085 430 2134 ventorum
451 2080 571 2133 vortices
590 2080 763 2134 annulorum
784 2079 904 2134 formam
922 2079 1076 2135 referentes
1094 2099 1131 2148 se,
1154 2099 1200 2136 ve·

89 2179 146 2231 luti
167 2177 197 2230 iu
216 2176 383 2231 animalibus
402 2177 531 2238 arteriae,
560 2175 732 2230 contrahunt
756 2175 864 2245 hacque
892 2193 922 2230 re
945 2175 1039 2246 ignem
1061 2177 1198 2232 inclusum

89 2272 277 2342 propellunt?
314 2271 418 2327 Verum
437 2273 496 2327 sive
514 2273 568 2327 hoc
586 2273 645 2326 sive
665 2273 721 2327 alio
740 2273 824 2327 modo
844 2291 904 2326 rem
926 2271 988 2327 fieri
1006 2278 1098 2343 putat,
1123 2281 1199 2329 certe

89 2371 145 2424 hac
166 2363 314 2433 sententia,
340 2371 472 2438 quoniam
495 2374 597 2424 vortex
622 2370 716 2439 ignem
741 2371 884 2440 expellens
901 2387 958 2423 non
977 2371 1033 2425 iam
1051 2372 1144 2425 inest
1161 2373 1196 2425 in

90 2469 214 2535 annulis,
247 2468 304 2536 ipse
330 2484 407 2520 suam
437 2467 514 2521 illam
540 2467 690 2520 verborum
721 2464 832 2536 ’ὥσπερ
859 2463 905 2519 ded
924 2469 1078 2538 πρηστῆρος
1101 2463 1194 2520 adici*

91 2564 428 2633 interpretationem
449 2565 589 2616 omnino
607 2564 720 2617 tollit.
749 2563 802 2618 Sed
813 2565 866 2632 ipsi
878 2564 1198 2632 anteasatisdocuimus,

90 2661 167 2716 hanc
194 2665 284 2715 totam
311 2661 573 2730 interpretationem
606 2661 730 2730 ineptam
761 2662 857 2716 inesse.
895 2661 958 2716 Vid.
978 2679 1062 2730 supra
1089 2679 1116 2730 p.
1137 2664 1198 2728 364,

91 2763 152 2811 not.
174 2759 200 2812 3,

195 2854 275 2922 Quod
296 2855 325 2908 in
344 2855 446 2923 verbis,
465 2855 615 2924 dequibus
634 2852 1003 2925 hucusque'disputavimus,
1023 2859 1124 2924 quarto
1137 2854 1197 2909 loco

91 2952 173 3020 dicit,
187 2952 298 3006 orbium
317 2952 375 3006 sive
395 2952 563 3006 annulorum
583 2953 695 3006 illorum
714 2951 853 3007 foramina
871 2969 930 3006 esse
950 2951 983 3004 in
1000 2952 1089 3006 aeris
1107 2952 1198 3006 locis

92 3047 325 3116 densioribus,
344 3048 495 3102 absurdum
518 3053 568 3103 est.
611 3047 678 3116 Quis
702 3049 775 3103 enim
800 3048 953 3118 intelleget,
978 3065 1027 3102 cur
1049 3047 1197 3115 foramina,

92 3162 143 3213 per
164 3161 238 3213 quae
257 3145 329 3214 ignis
348 3144 384 3198 ad
404 3162 454 3198 nos
473 3145 638 3212 effunditur,
657 3145 698 3198 ibi
717 3161 775 3198 esse
788 3145 925 3210 dicantur,
945 3145 993 3199 ubi
1012 3163 1060 3200 aer
1080 3146 1118 3199 sit
1130 3145 1195 3199 den·

92 3241 159 3305 sior,
181 3257 243 3294 cum
264 3241 353 3311 magis
373 3246 448 3295 certe
467 3246 683 3295 consentaneum
709 3240 746 3295 sit
769 3257 801 3295 ea
826 3240 866 3294 ibi
888 3257 1003 3310 ponore‚
1026 3241 1074 3295 ubi
1091 3258 1140 3296 aer
1158 3242 1196 3296 sit

92 3339 207 3392 rarior?
244 3337 297 3392 Sed
315 3337 551 3392 Teichmuellerus
570 3339 718 3407 Hippolyti
737 3339 824 3392 verba
842 3334 959 3397 ‘adnuae
971 3333 1194 3408 rrvdrdrooidoe‘

92 3436 147 3490 isto
166 3433 251 3488 modo
269 3435 481 3504 interpretatur.
502 3465 535 3474 —
555 3434 631 3503 Quae
650 3435 801 3490 abeodem
820 3435 876 3489 alio
895 3434 1023 3489 locoalia
1042 3435 1076 3489 de
1095 3434 1196 3490 horum

93 3533 263 3586 annulorum
282 3536 383 3586 natura
401 3532 541 3594 dicuntur,
561 3532 590 3584 in
609 3531 691 3584 huius
710 3530 909 3600 disputationis
930 3529 984 3585 fine
1004 3530 1174 3586 adferentur.

195 3629 254 3683 Iam
273 3629 412 3698 quomodo
431 3629 576 3682 stellarum
595 3629 711 3682 annulos
736 3633 818 3698 putet
841 3633 940 3683 ortos
960 3646 1041 3696 esse,
1067 3645 1102 3682 ex
1120 3628 1196 3683 hisce

92 3731 174 3794 patet
194 3725 261 3779 ibid.
280 3743 307 3795 p.
329 3728 375 3780 15:
405 3726 477 3794 „Das
505 3726 562 3780 sich
589 3725 730 3780 drehende
749 3725 811 3780 Rad
840 3725 877 3779 ist
902 3726 947 3779 die
975 3743 1080 3795 ganzo
1099 3724 1195 3778 Luft·

93 3823 229 3893 sphiire,
254 3821 357 3876 welche
376 3839 423 3874 um
450 3821 495 3876 dic
518 3822 595 3876 Erde
613 3821 711 3890 rotirt;
741 3839 776 3876 an
804 3822 867 3876 dem
894 3826 1050 3876 aussersten
1074 3820 1197 3891 Umfang

94 3919 187 3974 dieser
196 3917 367 3988 Lultsphire
384 3919 496 3973 ivirbelt
514 3918 573 3973 sich
591 3918 637 3972 die
650 3917 719 3972 Luft
738 3935 906 3986 zusammen,
925 3935 955 3972 so
974 3917 1037 3972 dass
1056 3917 1095 3971 sie
1113 3917 1196 3970 dort

94 4017 149 4071 mit
159 4016 214 4070 den
232 4015 300 4070 hohl
310 4033 343 4068 zu
362 4015 526 4069 denkenden
538 4014 644 4083 Felgeru
663 4015 711 4068 des
721 4014 899 4068 Radlrranzes
910 4013 1072 4084 verglichen
1084 4013 1197 4067 werden

94 4113 171 4168 kann
192 4112 278 4181 (nunc
296 4111 384 4182 igitur
402 4111 545 4180 sphaera
564 4111 638 4164 sive
657 4111 779 4180 globus
798 4115 977 4179 comparatur
995 4127 1058 4165 cum
1078 4114 1150 4177 rota,
1167 4113 1194 4162 et

95 4209 266 4264 excelsior
286 4208 455 4278 quaedam
474 4207 646 4276 sphaerae
666 4225 748 4277 pars
768 4225 830 4262 cum
849 4212 928 4262 rotae
947 4207 1131 4272 curvatura).'
1150 4208 1195 4259 An

95 4308 239 4361 einzelnen
257 4306 362 4360 Stellen
385 4306 499 4361 dieser
519 4305 710 4358 Radlrreise
740 4303 816 4371 (sunt
839 4305 928 4374 igitur
946 4305 1072 4373 plures,
1099 4319 1195 4371 quam·
