2850 4904
782 372 833 424 188

261 544 418 608 relatione
440 542 618 609 arctissime
641 542 791 610 cohaeret
813 545 970 627 quaestio,
997 549 1102 609 utrum
1125 543 1298 626 Simplicius
1318 541 1341 606 iu

262 651 445 718 Aristotelis
478 652 699 736 propositione
730 647 781 718 ‘ci
814 650 874 733 μὲν
903 647 961 737 γὰρ
995 648 1031 718 ἓν
1063 645 1258 738 ποιήσαντες
1278 649 1339 716 κτλῖ

263 761 370 827 verbis
389 756 443 824 ’ἓν
464 783 522 824 τιον
536 755 659 846 fucatas
679 756 719 824 τὰ
741 755 778 824 ὃν
804 763 900 843 σῶμα
927 754 965 826 τὸ
998 755 1226 841 ὑποκείμενον,
1254 752 1341 842 iistis

262 869 364 951 aquic
387 894 420 934 τι
443 863 462 954 ἢ
483 868 579 934 ἄλλο’
604 870 782 954 significari
806 873 966 955 putaverit
990 869 1268 950 differentiam,
1292 888 1341 950 qua

263 979 387 1063 priores
419 978 549 1063 physici
581 973 628 1059 (oi
648 977 722 1062 μὲν)
755 981 797 1045 ab
821 981 929 1046 alteris
964 971 1009 1054 (οἱ
1032 978 1083 1056 δὲ)
1114 977 1280 1051 differrent,
1308 997 1341 1042 au

264 1088 484 1154 doctrinam
509 1089 688 1155 omnibus
716 1089 774 1155 his
793 1087 971 1173 physicis
1002 1107 1232 1154 communem
1253 1088 1341 1153 statim

263 1218 321 1283 per
354 1197 436 1264 duas
468 1199 569 1282 ipsius
592 1197 718 1282 species
741 1198 946 1281 explicatam.
991 1197 1026 1263 Si
1055 1198 1156 1264 verba
1178 1196 1233 1261 illa
1253 1196 1344 1280 priore

263 1309 387 1373 ratione
410 1309 546 1392 accepit,
576 1301 608 1372 oi
633 1305 864 1392 προειρημένοι
895 1309 1078 1374 necessario
1110 1305 1285 1372 referuntur
1310 1304 1345 1368 ad

264 1422 363 1482 totam
387 1415 471 1482 hanc
493 1417 675 1483 Aristotelis
698 1419 875 1483 orationem
915 1409 946 1479 ci
968 1409 1096 1499 μὲνγὰρ
1120 1409 1345 1498 ἓντιοιήοοντες

266 1560 305 1571 -
327 1518 348 1612 ἢ
368 1527 434 1589 τῶν
464 1528 564 1608 τριῶν
594 1549 627 1591 τι
656 1520 676 1614 ἢ
707 1516 814 1607 ι”λλο’,
847 1528 1141 1610 intellegunturque
1175 1543 1298 1590 omnes
1324 1523 1346 1586 ii

266 1634 432 1719 physici,
454 1639 510 1719 qui
541 1636 684 1720 idquod
710 1645 878 1704 estunam
909 1656 1025 1720 corpus
1057 1636 1155 1701 rebus
1188 1633 1345 1700 subiectum

266 1750 363 1826 atque
390 1745 521 1828 quidem
552 1753 726 1812 autunum
748 1767 789 1812 ex
816 1749 980 1814 elementis
1004 1752 1059 1811 aut
1093 1750 1239 1810 naturam
1265 1761 1346 1824 quau-

267 1853 342 1919 dam
373 1855 512 1921 mediam
545 1858 709 1940 ponant1).
757 1859 792 1924 Si
824 1859 1001 1941 posteriore
1035 1854 1131 1920 modo
1165 1853 1294 1936 accepit,
1321 1843 1347 1913 ci

267 1964 499 2050 προειρημένοι
522 1988 585 2033 non
608 1967 789 2033 referuntur
815 1969 877 2032 nisi
900 1966 943 2032 ad
964 1966 1064 2032 verba
1088 1955 1136 2026 ‘ci
1162 1961 1222 2045 μὲν
1249 1956 1301 2045 γὰρ
1319 1953 1347 2023 ἓν

268 2074 463 2163 ποιήσαντες
492 2069 530 2138 τὸ
563 2069 600 2139 iiv
622 2077 717 2158 σῶμα
745 2070 784 2140 τὰ
806 2073 1044 2157 ὕποκειμὲνον’,
1076 2074 1347 2156 intellegunturque

267 2206 330 2251 non
353 2205 486 2252 omnes
518 2188 544 2252 ii
574 2185 744 2271 physici,
770 2188 824 2270 qui
854 2185 887 2252 id
922 2185 1010 2268 quod
1042 2190 1093 2250 est
1120 2201 1218 2249 unum
1249 2197 1347 2262 corpus

266 2299 363 2374 atque
379 2291 509 2374 quidem
529 2298 586 2358 aut
606 2313 705 2358 unum
728 2313 769 2359 ex
791 2291 959 2358 elementis
982 2297 1038 2357 aut
1060 2296 1209 2356 naturam
1227 2288 1348 2356 mediam

268 2407 399 2484 ponant,
437 2402 504 2467 sed
540 2423 667 2468 eorum
704 2404 819 2469 alteri
857 2402 989 2482 solum,
1025 2407 1122 2483 atque
1160 2398 1194 2465 hi
1231 2400 1288 2482 ipsi
1318 2415 1349 2460 ea

267 2511 370 2576 solum
404 2517 493 2591 parte
516 2511 754 2595 intelleguntur,
782 2518 940 2594 quatenus
968 2510 1089 2594 pariter
1121 2515 1219 2592 atque
1251 2504 1349 2588 reliqui

265 2619 298 2685 id
321 2619 407 2702 quod
430 2627 479 2686 est
501 2627 533 2686 et
555 2640 653 2686 unum
686 2627 719 2686 et
751 2640 867 2704 corpus
900 2619 993 2700 (haee
1016 2621 1100 2686 euim
1122 2625 1174 2684 est
1196 2619 1276 2684 ratio
1297 2635 1348 2681 om·

266 2729 361 2795 nibus
377 2729 576 2810 communis),
599 2749 658 2796 neo
673 2750 750 2795 vero
773 2737 929 2814 superte,
952 2735 1112 2813 quatenus
1129 2725 1226 2794 modo
1248 2726 1348 2790 disiun-

267 2839 353 2903 ctivo
384 2836 445 2903 hoc
466 2858 582 2922 corpus
607 2845 782 2905 autunum
804 2859 845 2905 ex
867 2838 1034 2904 elementis
1056 2843 1112 2903 eut
1134 2844 1278 2904 naturam
1297 2851 1349 2898 me-

268 2947 355 3013 diam
378 2966 497 3030 ponere
519 2947 715 3029 dicantur²);
738 2967 821 3030 quae
845 2969 896 3014 res
918 2949 1028 3031 paullo
1050 2954 1125 3032 post
1146 2947 1250 3030 magis
1266 2960 1349 3027 appa-

370 3201 397 3269 1)
418 3199 563 3270 Quoniam,
587 3204 619 3254 ut
637 3200 814 3270 sumpsimus,
837 3200 924 3254 verba
946 3198 992 3253 ’ἓν
1009 3193 1173 3265 ποιήσαντες
1192 3199 1257 3251 xri?
1278 3194 1349 3266 sigui·

267 3297 354 3350 ficant
372 3295 570 3364 differentiam,
594 3314 649 3366 qua
671 3297 780 3366 priores
802 3297 910 3366 physici
937 3297 972 3351 ab
991 3296 1088 3351 alteris
1107 3294 1248 3357 differant,
1264 3296 1289 3346 ci
1306 3289 1350 3361 pia

268 3393 422 3448 necessario
441 3393 645 3463 intelleguntur
664 3411 776 3448 omnes
800 3394 833 3461 ii,
862 3393 922 3461 qui
941 3392 993 3448 hac
1019 3391 1181 3447 differentia
1208 3411 1225 3446 a
1250 3387 1349 3456 reliquis

268 3491 479 3561 distinguantur
497 3490 605 3561 ipsique
623 3492 705 3546 huius
718 3490 894 3546 differentiae
906 3489 1066 3546 differentia
1085 3489 1115 3543 in
1134 3490 1203 3543 duas
1215 3491 1302 3558 partes
1317 3483 1349 3536 di-

268 3589 415 3658 vidantur;
442 3588 529 3657 hique
546 3605 641 3644 omnes
660 3605 704 3642 res
726 3585 942 3642 condensatione
970 3591 1000 3640 et
1018 3584 1207 3640 rarefactioue
1232 3595 1349 3654 generare
1406 3587 1407 3608 ¹

269 3687 409 3742 dicuntur.

370 3783 398 3851 2)
417 3782 563 3850 Quoniam,
582 3785 614 3836 ut
632 3782 688 3837 iam
710 3780 886 3850 sumpsimus,
904 3780 992 3834 verba
1008 3773 1229 3845 “ἓ’ντιοιήσανιες
1245 3771 1304 3830 ντὶ]
1322 3771 1350 3826 si·
1406 3753 1407 3816 i

268 3878 403 3950 gnificant
418 3875 575 3934 doctrinam
589 3879 718 3933 omnibus
727 3878 849 3947 physicis
863 3894 1038 3932 communem
1052 3875 1150 3930 statim
1169 3874 1198 3927 in
1217 3872 1283 3928 duas
1299 3883 1349 3923 suas

270 3976 373 4047 species
392 3976 519 4044 divisam,
539 3975 582 4029 illi
603 3975 703 4046 οἱμὲν
721 3980 786 4030 sunt
804 3974 910 4029 alteri
940 3973 1031 4028 solum
1059 3989 1156 4026 eorum
1183 3969 1350 4039 physicorum,

272 4073 319 4139 qui
338 4071 367 4125 id
386 4071 461 4139 quod
485 4077 527 4126 est
550 4089 635 4125 uuum
659 4089 760 4140 corpus
782 4071 891 4139 hocque
914 4074 964 4125 aut
986 4085 1072 4122 unum
1095 4085 1130 4121 ex
1153 4064 1293 4121 elementis
1311 4061 1349 4114 aut

269 4172 400 4222 naturam
429 4168 550 4222 mediam
574 4171 689 4236 ponant.
726 4167 763 4220 Hi
777 4213 778 4216 ,
791 4166 874 4222 alteri
900 4170 966 4220 sunt
984 4163 1098 4234 quidem
1116 4163 1268 4219 necessario
1285 4158 1348 4216 tales,

271 4263 366 4334 quiid
386 4264 460 4334 quod
480 4269 671 4319 estetunum
697 4269 725 4318 et
748 4281 849 4333 corpus
872 4268 993 4334 ponant3
1022 4266 1118 4316 utrum
1141 4265 1235 4316 autem
1257 4259 1276 4312 ii
1297 4253 1349 4316 sinti
