2862 4910
614 393 666 457 aab

70 596 141 640 ram
167 583 343 660 propterea
372 578 406 642 in
429 578 549 641 nullam
573 583 698 660 partem
718 577 840 641 moveri
865 595 970 660 posse,
1003 575 1088 657 qnod
1112 565 1184 640 ubi·

71 706 136 766 que
170 686 284 750 eodem
320 686 491 751 intervallo
519 706 539 750 a
570 685 706 750 oirouitu
739 684 878 764 abesset,
912 690 1020 749 tamen
1054 690 1185 768 propter

72 793 159 858 bano
185 795 378 860 sententiam
402 814 464 859 non
490 795 672 860 necessario
695 795 791 860 etiam
817 794 963 876 putabat,
986 793 1019 858 in
1035 793 1183 858 omnibus

73 909 183 968 terrae
206 905 285 968 loeis
308 906 427 984 pariter
448 923 551 986 aquas
563 903 733 969 subsidere
755 903 944 969 ethomines
965 904 1184 986 animaliaque

73 1011 230 1076 insistere
263 1031 368 1096 posse.
414 1013 494 1079 Cum
524 1019 631 1078 autem
665 1013 786 1095 ubique
817 1013 1045 1096 cogitationem
1078 1013 1184 1096 magis
1277 1078 1281 1085 ,

73 1105 175 1201 quam
191 1123 349 1187 'sensuum
371 1124 597 1218 perceptiones
623 1128 720 1204 atque
743 1121 818 1186 iude
841 1124 1005 1206 prolectas
1018 1124 1184 1206 opiniones
1253 1171 1256 1176 -

74 1239 243 1313 sequatur,
265 1251 329 1296 non
351 1232 529 1297 verisimile
545 1239 605 1313 est,
628 1251 701 1296 eum
725 1231 791 1295 illis
806 1231 987 1297 rationibus
1000 1237 1183 1297 contentum

75 1339 191 1403 luisse.
238 1340 427 1404 Aristoteles
453 1341 485 1404 in
509 1342 611 1405 altero
634 1339 674 1405 de
688 1339 786 1404 Coelo
809 1340 893 1404 libro
902 1338 926 1421 ¹)
950 1359 1060 1405 omnes
1083 1339 1193 1424 philo·'

76 1447 201 1529 sophos
224 1449 266 1512 ab
298 1469 337 1514 ea
366 1449 530 1532 opinione,
562 1469 659 1532 quam
691 1447 731 1513 de
758 1455 863 1514 terrae
897 1447 1001 1532 figura
1033 1448 1183 1534 habeant,

76 1555 229 1622 bifariam
254 1556 373 1622 dividit
397 1559 428 1622 in
453 1578 519 1640 eos,
551 1560 604 1640 qui
627 1567 744 1623 terram
768 1557 976 1640 globosam,
1008 1566 1040 1622 et
1062 1560 1093 1622 in
1117 1579 1183 1633 eos,

78 1666 133 1746 qui
158 1667 316 1750 planam
347 1688 390 1732 ao
413 1669 588 1750 tympani
616 1667 784 1732 similem
819 1686 890 1732 esse
917 1667 1027 1748 velint,
1061 1665 1184 1749 hosque

78 1777 277 1855 posteriores
310 1778 407 1841 refert
446 1776 525 1841 duas
557 1796 637 1841 suae
671 1777 834 1859 opinionis
868 1777 1010 1842 rationes
1043 1775 1184 1858 adferre,

78 1885 225 1966 alteram,
250 1885 354 1967 quod
376 1887 432 1950 sol
455 1886 590 1950 oriens
618 1891 655 1951 et
678 1885 864 1950 ooeidens
896 1905 971 1950 non
995 1885 1182 1952 oireulari

79 1995 146 2058 sed
171 2002 280 2059 reeta
301 1996 412 2059 linea
431 1995 645 2061 ascendere
669 2001 705 2059 et
723 1995 969 2060 descendere
990 1994 1183 2078 videatur,

79 2104 226 2186 alteram,
259 2105 344 2186 quod
368 2111 452 2170 terra
483 2106 552 2170 sine
584 2104 645 2169 hae
667 2106 771 2169 torma
801 2125 864 2169 non
890 2106 992 2188 possit
1023 2105 1065 2169 ab
1099 2125 1185 2187 aqua

80 2219 134 2275 aut
163 2233 241 2278 aere
265 2215 424 2278 sustineri.
469 2215 519 2278 Ex
551 2215 624 2298 ipsa
657 2213 816 2278 divisione
851 2220 948 2296 patet,
973 2212 1182 2279 Aristotelem

82 2322 211 2387 nomine
235 2343 353 2398 eorum,
377 2323 434 2405 qui
457 2330 575 2388 terram
599 2323 700 2387 velint
733 2324 862 2405 planam
895 2343 933 2387 ao
967 2325 1112 2407 tympani
1143 2325 1184 2388 si·
1248 2347 1249 2352 ¹

81 2431 188 2495 milem
213 2451 293 2512 esse,
316 2451 445 2496 omnes
471 2450 526 2496 eos
543 2431 741 2513 intellegere,
767 2433 821 2512 qui
837 2437 955 2495 terram
974 2453 1037 2498 non
1054 2434 1183 2516 globum

83 2540 138 2604 sed
162 2560 280 2624 eorpus
304 2540 465 2623 quoddam
490 2542 616 2625 planum
641 2560 713 2605 esse
746 2547 865 2622 putent.
912 2542 950 2605 ln
972 2541 1089 2622 quibus
1111 2562 1183 2608 oum

82 2649 324 2715 Anaximander
358 2670 485 2733 quoque
509 2651 551 2715 rit
583 2656 615 2714 et
642 2651 683 2715 ab
704 2649 878 2715 Aristotele
904 2651 974 2733 ipso
997 2671 1059 2716 non
1082 2653 1183 2716 multo

83 2767 155 2838 post
188 2760 221 2822 in
254 2779 362 2823 eorum
397 2778 529 2823 numero
564 2760 798 2848 memoretur2),
836 2758 1090 2825 concludendum
1124 2766 1184 2834 est,

85 2865 167 2932 huno
200 2850 327 2951 quoque
355 2869 395 2932 ab
419 2868 593 2932 Aristotele
617 2868 650 2931 in
674 2868 713 2932 iis
737 2867 893 2950 intellegi,
930 2869 993 2950 qui
1024 2868 1071 2933 ad
1100 2888 1184 2952 pro-

85 2974 246 3041 bandam
270 2997 374 3042 suam
396 2977 630 3042 seutentiam
654 2977 786 3059 priore
810 2976 880 3040 illa
902 2978 1058 3042 ratione
1074 2983 1184 3042 utan-

85 3088 156 3166 tur;
191 3104 329 3167 namque
351 3104 423 3148 eum
448 3104 513 3147 non
542 3083 584 3148 iis
607 3085 702 3147 etiam
726 3082 897 3161 numerari,
933 3084 987 3164 qui
1010 3085 1113 3149 altera
1134 3104 1184 3148 ra-

84 3195 167 3258 tione
198 3200 337 3270 utantur,
371 3213 412 3258 ex
445 3193 486 3257 iis
519 3197 617 3275 patet,
651 3211 733 3274 quae
765 3192 874 3275 paullo
908 3197 1015 3276 posti)
1050 3193 1184 3277 abipso

87 3303 259 3369 Aristotele
291 3302 332 3368 de
367 3303 435 3367 (iius
461 3302 623 3367 sententia
657 3302 844 3366 referuntur.
888 3302 937 3365 Ao
971 3303 1123 3385 prolecto,
1157 3304 1185 3368 si

87 3412 284 3494 Aristoteles,
311 3419 345 3477 ut
367 3412 466 3477 dioit
492 3432 613 3494 omnes,
636 3412 690 3494 qui
706 3418 809 3476 terrae
833 3412 962 3495 planam
983 3411 1119 3494 figuram
1131 3412 1185 3477 tri·

87 3745 173 3805 putat,
192 3740 434 3794 Anaximandrum
466 3745 560 3794 vetere
589 3740 709 3808 quadam
739 3739 879 3807 opinione.
909 3755 964 3806 qua
994 3744 1087 3792 terrae
1116 3741 1185 3796 disci

88 3834 173 3889 torma
193 3837 343 3898 tribuatur,
373 3837 408 3889 ad
435 3853 513 3888 suam
533 3835 692 3904 opinionem
712 3834 863 3888 adductum
884 3851 955 3902 ess03
985 3834 1064 3888 addit
1083 3823 1193 3905 autem,

88 3930 118 3983 de
136 3934 189 3986 hae
207 3951 238 3986 re
256 3933 327 3986 nihil
346 3933 415 3986 certi
434 3933 553 3986 inveniri
572 3949 661 4000 posse.

186 4051 213 4117 1)
234 4048 351 4100 Aristot.
373 4047 445 4100 Goel.
465 4047 499 4113 ΙΙ,
523 4049 564 4115 13,
583 4046 656 4099 2931)
671 4048 704 4099 33
719 4076 752 4084 -
764 4047 839 4098 294⁵
854 4047 879 4097 8.

183 4163 211 4227 2)
230 4161 301 4214 Ibid.
321 4157 397 4214 2951>
419 4163 460 4215 10.

184 4284 212 4352 a)
231 4282 302 4336 rua
321 4283 339 4336 1.
359 4283 376 4336 1.
