<?xml version="1.0" encoding="UTF-8"?>
<!DOCTYPE html PUBLIC "-//W3C//DTD XHTML 1.0 Transitional//EN"
    "http://www.w3.org/TR/xhtml1/DTD/xhtml1-transitional.dtd">
<html xmlns="http://www.w3.org/1999/xhtml" xml:lang="en" lang="en">
 <head>
  <title>
</title>
<meta http-equiv="Content-Type" content="text/html;charset=utf-8" />
  <meta name='ocr-system' content='tesseract 3.04.00' />
  <meta name='ocr-capabilities' content='ocr_page ocr_carea ocr_par ocr_line ocrx_word'/>
</head>
<body>
  <div class='ocr_page' id='page_1' title='image "./anaximandermile00neuhgoog_0076.png"; bbox 0 0 2882 4902; ppageno 0'>
   <div class='ocr_carea' id='block_1_1' title="bbox 610 391 644 448">
    <p class='ocr_par' dir='ltr' id='par_1_1' title="bbox 610 391 644 448">
     <span class='ocr_line' id='line_1_1' title="bbox 610 391 644 448; baseline 0.029 -1"><span class='ocrx_word' id='word_1_1' title='bbox 610 391 644 448; x_wconf 80' lang='lat'><strong>58</strong></span> 
     </span>
    </p>
   </div>
   <div class='ocr_carea' id='block_1_2' title="bbox 65 563 1272 870">
    <p class='ocr_par' dir='ltr' id='par_1_2' title="bbox 65 563 1272 870">
     <span class='ocr_line' id='line_1_2' title="bbox 65 563 1179 647; baseline 0.011 -21"><span class='ocrx_word' id='word_1_2' title='bbox 65 563 244 645; x_wconf 88' lang='lat' dir='ltr'><strong>utriusque</strong></span> <span class='ocrx_word' id='word_1_3' title='bbox 273 565 423 630; x_wconf 84' lang='lat' dir='ltr'><strong>elementi</strong></span> <span class='ocrx_word' id='word_1_4' title='bbox 453 565 606 647; x_wconf 82' lang='lat' dir='ltr'>qualitati</span> <span class='ocrx_word' id='word_1_5' title='bbox 639 568 833 632; x_wconf 80' lang='lat' dir='ltr'><strong>contrariam</strong></span> <span class='ocrx_word' id='word_1_6' title='bbox 872 588 958 647; x_wconf 82' lang='lat' dir='ltr'><strong>esse,</strong></span> <span class='ocrx_word' id='word_1_7' title='bbox 993 571 1076 636; x_wconf 88' lang='lat' dir='ltr'><strong>hane</strong></span> <span class='ocrx_word' id='word_1_8' title='bbox 1109 572 1179 638; x_wconf 89' lang='lat' dir='ltr'><strong>eius</strong></span> 
     </span>
     <span class='ocr_line' id='line_1_3' title="bbox 65 672 1178 762; baseline 0.006 -24"><span class='ocrx_word' id='word_1_9' title='bbox 65 672 267 754; x_wconf 78' lang='lat' dir='ltr'><strong>qualitatem</strong></span> <span class='ocrx_word' id='word_1_10' title='bbox 297 673 364 740; x_wconf 87' lang='lat' dir='ltr'><strong>iam</strong></span> <span class='ocrx_word' id='word_1_11' title='bbox 385 673 468 748; x_wconf 85' lang='lat' dir='ltr'><strong>nihil</strong></span> <span class='ocrx_word' id='word_1_12' title='bbox 490 674 581 740; x_wconf 90' lang='lat' dir='ltr'><strong>aliud</strong></span> <span class='ocrx_word' id='word_1_13' title='bbox 607 695 679 742; x_wconf 91' lang='lat' dir='ltr'><strong>esse</strong></span> <span class='ocrx_word' id='word_1_14' title='bbox 701 695 798 758; x_wconf 90' lang='lat' dir='ltr'><strong>quam</strong></span> <span class='ocrx_word' id='word_1_15' title='bbox 818 679 1028 761; x_wconf 89' lang='lat' dir='ltr'><strong>utriusque</strong></span> <span class='ocrx_word' id='word_1_16' title='bbox 1051 681 1178 762; x_wconf 93' lang='lat' dir='ltr'><strong>quali·</strong></span> 
     </span>
     <span class='ocr_line' id='line_1_4' title="bbox 65 783 1272 870; baseline 0.006 -23"><span class='ocrx_word' id='word_1_17' title='bbox 65 783 168 848; x_wconf 90' lang='lat' dir='ltr'><strong>tatis</strong></span> <span class='ocrx_word' id='word_1_18' title='bbox 195 783 460 867; x_wconf 80' lang='lat' dir='ltr'><strong>privationem</strong></span> <span class='ocrx_word' id='word_1_19' title='bbox 489 784 573 850; x_wconf 88' lang='lat' dir='ltr'><strong>sive</strong></span> <span class='ocrx_word' id='word_1_20' title='bbox 592 785 829 870; x_wconf 66' lang='lat' dir='ltr'><strong>absentiam</strong></span> <span class='ocrx_word' id='word_1_21' title='bbox 860 794 956 870; x_wconf 90' lang='lat' dir='ltr'><strong>atque</strong></span> <span class='ocrx_word' id='word_1_22' title='bbox 985 788 1060 854; x_wconf 92' lang='lat' dir='ltr'><strong>inde</strong></span> <span class='ocrx_word' id='word_1_23' title='bbox 1082 788 1178 868; x_wconf 80' lang='lat' dir='ltr'><strong>effici,</strong></span> <span class='ocrx_word' id='word_1_24' title='bbox 1271 831 1272 834; x_wconf 57' lang='lat'><em>=</em></span> 
     </span>
    </p>
   </div>
   <div class='ocr_carea' id='block_1_3' title="bbox 66 892 1179 1087">
    <p class='ocr_par' dir='ltr' id='par_1_3' title="bbox 66 892 1179 1087">
     <span class='ocr_line' id='line_1_5' title="bbox 66 892 1178 983; baseline 0.004 -26"><span class='ocrx_word' id='word_1_25' title='bbox 66 898 102 957; x_wconf 98' lang='grc' dir='ltr'><strong>ιιι</strong></span> <span class='ocrx_word' id='word_1_26' title='bbox 123 892 190 958; x_wconf 89' lang='lat' dir='ltr'><strong>illa</strong></span> <span class='ocrx_word' id='word_1_27' title='bbox 209 899 334 976; x_wconf 90' lang='lat' dir='ltr'><strong>natura,</strong></span> <span class='ocrx_word' id='word_1_28' title='bbox 357 893 593 979; x_wconf 88' lang='lat' dir='ltr'><strong>quippeomnis</strong></span> <span class='ocrx_word' id='word_1_29' title='bbox 606 895 758 962; x_wconf 88' lang='lat' dir='ltr'><strong>definitae</strong></span> <span class='ocrx_word' id='word_1_30' title='bbox 781 897 949 980; x_wconf 83' lang='lat' dir='ltr'><strong>qualitatis</strong></span> <span class='ocrx_word' id='word_1_31' title='bbox 971 918 1096 983; x_wconf 80' lang='lat' dir='ltr'>expers,</span> <span class='ocrx_word' id='word_1_32' title='bbox 1114 919 1178 964; x_wconf 91' lang='lat' dir='ltr'><strong>om·</strong></span> 
     </span>
     <span class='ocr_line' id='line_1_6' title="bbox 67 997 1179 1087; baseline 0.005 -23"><span class='ocrx_word' id='word_1_33' title='bbox 67 1003 148 1066; x_wconf 90' lang='lat' dir='ltr'><strong>nino</strong></span> <span class='ocrx_word' id='word_1_34' title='bbox 168 1020 320 1067; x_wconf 80' lang='lat' dir='ltr'>essenon</span> <span class='ocrx_word' id='word_1_35' title='bbox 336 1001 439 1080; x_wconf 88' lang='lat' dir='ltr'><strong>possit</strong></span> <span class='ocrx_word' id='word_1_36' title='bbox 458 1021 520 1067; x_wconf 92' lang='lat' dir='ltr'><strong>res</strong></span> <span class='ocrx_word' id='word_1_37' title='bbox 540 1001 730 1084; x_wconf 89' lang='lat' dir='ltr'><strong>quaedam</strong></span> <span class='ocrx_word' id='word_1_38' title='bbox 753 1023 820 1087; x_wconf 87' lang='lat' dir='ltr'><strong>per</strong></span> <span class='ocrx_word' id='word_1_39' title='bbox 841 1023 881 1070; x_wconf 90' lang='lat' dir='ltr'><strong>se</strong></span> <span class='ocrx_word' id='word_1_40' title='bbox 902 1011 1085 1072; x_wconf 81' lang='lat' dir='ltr'><strong>onustans</strong></span> <span class='ocrx_word' id='word_1_41' title='bbox 1106 997 1179 1087; x_wconf 77' lang='grc' dir='ltr'>(οὐκ</span> 
     </span>
    </p>
   </div>
   <div class='ocr_carea' id='block_1_4' title="bbox 67 1109 1180 2180">
    <p class='ocr_par' dir='ltr' id='par_1_4' title="bbox 67 1109 1180 2180">
     <span class='ocr_line' id='line_1_7' title="bbox 67 1109 1178 1196; baseline 0.008 -21"><span class='ocrx_word' id='word_1_42' title='bbox 67 1109 238 1190; x_wconf 77' lang='grc' dir='ltr'>ἐνδέχεται</span> <span class='ocrx_word' id='word_1_43' title='bbox 252 1109 464 1194; x_wconf 67' lang='lat' dir='ltr'><strong>pasotrem),</strong></span> <span class='ocrx_word' id='word_1_44' title='bbox 486 1111 544 1176; x_wconf 83' lang='lat' dir='ltr'><strong>sed</strong></span> <span class='ocrx_word' id='word_1_45' title='bbox 566 1118 601 1178; x_wconf 89' lang='lat' dir='ltr'><strong>ut</strong></span> <span class='ocrx_word' id='word_1_46' title='bbox 623 1111 707 1177; x_wconf 88' lang='lat' dir='ltr'><strong>nihil</strong></span> <span class='ocrx_word' id='word_1_47' title='bbox 728 1113 771 1179; x_wconf 84' lang='lat' dir='ltr'><strong>sit</strong></span> <span class='ocrx_word' id='word_1_48' title='bbox 783 1115 879 1196; x_wconf 75' lang='lat' dir='ltr'><strong>squam</strong></span> <span class='ocrx_word' id='word_1_49' title='bbox 895 1115 1031 1182; x_wconf 80' lang='lat' dir='ltr'><strong>materia</strong></span> <span class='ocrx_word' id='word_1_50' title='bbox 1040 1118 1073 1194; x_wconf 88' lang='lat'><strong>¹).</strong></span> <span class='ocrx_word' id='word_1_51' title='bbox 1107 1116 1178 1184; x_wconf 81' lang='lat' dir='ltr'><strong>Hae</strong></span> 
     </span>
     <span class='ocr_line' id='line_1_8' title="bbox 67 1216 1178 1305; baseline 0.004 -19"><span class='ocrx_word' id='word_1_52' title='bbox 67 1222 173 1305; x_wconf 85' lang='lat' dir='ltr'><strong>igitur</strong></span> <span class='ocrx_word' id='word_1_53' title='bbox 199 1217 418 1305; x_wconf 90' lang='lat' dir='ltr'><strong>disputatione</strong></span> <span class='ocrx_word' id='word_1_54' title='bbox 441 1216 634 1286; x_wconf 88' lang='lat' dir='ltr'><strong>Aristoteles</strong></span> <span class='ocrx_word' id='word_1_55' title='bbox 662 1219 906 1298; x_wconf 87' lang='lat' dir='ltr'><strong>demonstravit,</strong></span> <span class='ocrx_word' id='word_1_56' title='bbox 941 1220 1178 1291; x_wconf 78' lang='lat' dir='ltr'><strong>Anaximandri</strong></span> 
     </span>
     <span class='ocr_line' id='line_1_9' title="bbox 67 1328 1176 1416; baseline 0.005 -22"><span class='ocrx_word' id='word_1_57' title='bbox 67 1330 272 1416; x_wconf 78' lang='lat' dir='ltr'><strong>principium</strong></span> <span class='ocrx_word' id='word_1_58' title='bbox 293 1365 335 1376; x_wconf 91' lang='lat'>-</span> <span class='ocrx_word' id='word_1_59' title='bbox 353 1328 414 1396; x_wconf 86' lang='lat' dir='ltr'><strong>hoo</strong></span> <span class='ocrx_word' id='word_1_60' title='bbox 429 1329 514 1395; x_wconf 92' lang='lat' dir='ltr'><strong>enim</strong></span> <span class='ocrx_word' id='word_1_61' title='bbox 533 1329 721 1414; x_wconf 86' lang='lat' dir='ltr'><strong>siguifioari,</strong></span> <span class='ocrx_word' id='word_1_62' title='bbox 738 1349 801 1396; x_wconf 91' lang='lat' dir='ltr'><strong>non</strong></span> <span class='ocrx_word' id='word_1_63' title='bbox 822 1338 929 1416; x_wconf 91' lang='lat' dir='ltr'><strong>potest</strong></span> <span class='ocrx_word' id='word_1_64' title='bbox 950 1333 1108 1400; x_wconf 79' lang='lat' dir='ltr'><strong>insertum</strong></span> <span class='ocrx_word' id='word_1_65' title='bbox 1129 1335 1176 1400; x_wconf 85' lang='lat' dir='ltr'><strong>vi·</strong></span> 
     </span>
     <span class='ocr_line' id='line_1_10' title="bbox 69 1441 1177 1526; baseline 0.001 -20"><span class='ocrx_word' id='word_1_66' title='bbox 69 1441 178 1525; x_wconf 60' lang='lat' dir='ltr'><strong>deris)</strong></span> <span class='ocrx_word' id='word_1_67' title='bbox 193 1477 232 1486; x_wconf 96' lang='lat'>—</span> <span class='ocrx_word' id='word_1_68' title='bbox 248 1459 320 1507; x_wconf 88' lang='lat' dir='ltr'><strong>esse</strong></span> <span class='ocrx_word' id='word_1_69' title='bbox 334 1459 399 1504; x_wconf 89' lang='lat' dir='ltr'><strong>non</strong></span> <span class='ocrx_word' id='word_1_70' title='bbox 417 1460 513 1523; x_wconf 92' lang='lat' dir='ltr'><strong>posse</strong></span> <span class='ocrx_word' id='word_1_71' title='bbox 524 1447 672 1506; x_wconf 88' lang='lat' dir='ltr'><strong>naturam</strong></span> <span class='ocrx_word' id='word_1_72' title='bbox 693 1442 855 1523; x_wconf 88' lang='lat' dir='ltr'><strong>quandam</strong></span> <span class='ocrx_word' id='word_1_73' title='bbox 869 1441 1081 1526; x_wconf 81' lang='lat' dir='ltr'><strong>simplicema</strong></span> <span class='ocrx_word' id='word_1_74' title='bbox 1103 1442 1177 1509; x_wconf 88' lang='lat' dir='ltr'><strong>reli·</strong></span> 
     </span>
     <span class='ocr_line' id='line_1_11' title="bbox 70 1549 1179 1635; baseline 0.001 -19"><span class='ocrx_word' id='word_1_75' title='bbox 70 1550 146 1633; x_wconf 89' lang='lat' dir='ltr'><strong>quis</strong></span> <span class='ocrx_word' id='word_1_76' title='bbox 169 1551 340 1617; x_wconf 88' lang='lat' dir='ltr'><strong>elementis</strong></span> <span class='ocrx_word' id='word_1_77' title='bbox 369 1549 565 1616; x_wconf 85' lang='lat' dir='ltr'><strong>diversam</strong></span> <span class='ocrx_word' id='word_1_78' title='bbox 594 1571 640 1616; x_wconf 89' lang='lat' dir='ltr'><strong>ae</strong></span> <span class='ocrx_word' id='word_1_79' title='bbox 661 1551 832 1635; x_wconf 88' lang='lat' dir='ltr'><strong>propria</strong></span> <span class='ocrx_word' id='word_1_80' title='bbox 853 1551 1019 1635; x_wconf 89' lang='lat' dir='ltr'><strong>quadam</strong></span> <span class='ocrx_word' id='word_1_81' title='bbox 1041 1552 1179 1634; x_wconf 89' lang='lat' dir='ltr'><strong>quali·</strong></span> 
     </span>
     <span class='ocr_line' id='line_1_12' title="bbox 70 1660 1177 1743; baseline 0.001 -17"><span class='ocrx_word' id='word_1_82' title='bbox 70 1667 161 1727; x_wconf 90' lang='lat' dir='ltr'><strong>tate</strong></span> <span class='ocrx_word' id='word_1_83' title='bbox 196 1667 383 1741; x_wconf 80' lang='lat' dir='ltr'><strong>utentem3</strong></span> <span class='ocrx_word' id='word_1_84' title='bbox 417 1662 469 1726; x_wconf 91' lang='lat' dir='ltr'><strong>sin</strong></span> <span class='ocrx_word' id='word_1_85' title='bbox 505 1666 611 1726; x_wconf 89' lang='lat' dir='ltr'><strong>autem</strong></span> <span class='ocrx_word' id='word_1_86' title='bbox 643 1660 780 1728; x_wconf 85' lang='lat' dir='ltr'><strong>velimus</strong></span> <span class='ocrx_word' id='word_1_87' title='bbox 813 1681 883 1727; x_wconf 89' lang='lat' dir='ltr'><strong>eam</strong></span> <span class='ocrx_word' id='word_1_88' title='bbox 912 1661 1089 1743; x_wconf 88' lang='lat' dir='ltr'><strong>areliquis</strong></span> <span class='ocrx_word' id='word_1_89' title='bbox 1113 1661 1177 1728; x_wconf 84' lang='lat' dir='ltr'><strong>ele-</strong></span> 
     </span>
     <span class='ocr_line' id='line_1_13' title="bbox 73 1769 1179 1854; baseline 0.002 -20"><span class='ocrx_word' id='word_1_90' title='bbox 73 1771 194 1836; x_wconf 92' lang='lat' dir='ltr'><strong>mentis</strong></span> <span class='ocrx_word' id='word_1_91' title='bbox 216 1769 380 1836; x_wconf 87' lang='lat' dir='ltr'><strong>diversam</strong></span> <span class='ocrx_word' id='word_1_92' title='bbox 396 1789 481 1851; x_wconf 89' lang='lat' dir='ltr'><strong>esse,</strong></span> <span class='ocrx_word' id='word_1_93' title='bbox 503 1789 575 1836; x_wconf 87' lang='lat' dir='ltr'><strong>eam</strong></span> <span class='ocrx_word' id='word_1_94' title='bbox 595 1789 666 1836; x_wconf 86' lang='lat' dir='ltr'><strong>esse</strong></span> <span class='ocrx_word' id='word_1_95' title='bbox 688 1791 751 1836; x_wconf 91' lang='lat' dir='ltr'><strong>nou</strong></span> <span class='ocrx_word' id='word_1_96' title='bbox 772 1789 868 1854; x_wconf 89' lang='lat' dir='ltr'><strong>posse</strong></span> <span class='ocrx_word' id='word_1_97' title='bbox 890 1771 954 1837; x_wconf 90' lang='lat' dir='ltr'><strong>nisi</strong></span> <span class='ocrx_word' id='word_1_98' title='bbox 972 1770 1179 1837; x_wconf 82' lang='lat' dir='ltr'><strong>materiam</strong></span> 
     </span>
     <span class='ocr_line' id='line_1_14' title="bbox 72 1878 1180 1962; baseline 0.001 -18"><span class='ocrx_word' id='word_1_99' title='bbox 72 1878 251 1945; x_wconf 84' lang='lat' dir='ltr'><strong>definita</strong></span> <span class='ocrx_word' id='word_1_100' title='bbox 276 1881 415 1962; x_wconf 86' lang='lat' dir='ltr'><strong>quavis</strong></span> <span class='ocrx_word' id='word_1_101' title='bbox 442 1879 642 1962; x_wconf 84' lang='lat' dir='ltr'><strong>qualitate</strong></span> <span class='ocrx_word' id='word_1_102' title='bbox 671 1886 882 1959; x_wconf 85' lang='lat' dir='ltr'><strong>carentem,</strong></span> <span class='ocrx_word' id='word_1_103' title='bbox 918 1880 984 1956; x_wconf 83' lang='lat' dir='ltr'><strong>vel,</strong></span> <span class='ocrx_word' id='word_1_104' title='bbox 1015 1886 1051 1946; x_wconf 91' lang='lat' dir='ltr'><strong>ut</strong></span> <span class='ocrx_word' id='word_1_105' title='bbox 1076 1879 1180 1946; x_wconf 78' lang='lat' dir='ltr'><strong>Theo·</strong></span> 
     </span>
     <span class='ocr_line' id='line_1_15' title="bbox 73 1978 1179 2074; baseline 0 -22"><span class='ocrx_word' id='word_1_106' title='bbox 73 1988 199 2071; x_wconf 89' lang='lat' dir='ltr'><strong>phrasti</strong></span> <span class='ocrx_word' id='word_1_107' title='bbox 222 1989 330 2056; x_wconf 85' lang='lat' dir='ltr'><strong>verbis</strong></span> <span class='ocrx_word' id='word_1_108' title='bbox 347 1995 482 2067; x_wconf 90' lang='lat' dir='ltr'><strong>utamur,</strong></span> <span class='ocrx_word' id='word_1_109' title='bbox 507 2007 660 2055; x_wconf 91' lang='lat' dir='ltr'><strong>essenon</strong></span> <span class='ocrx_word' id='word_1_110' title='bbox 681 2007 778 2073; x_wconf 91' lang='lat' dir='ltr'><strong>posse</strong></span> <span class='ocrx_word' id='word_1_111' title='bbox 800 1988 865 2055; x_wconf 91' lang='lat' dir='ltr'><strong>nisi</strong></span> <span class='ocrx_word' id='word_1_112' title='bbox 888 1981 1010 2074; x_wconf 56' lang='grc' dir='ltr'>»φύσιν</span> <span class='ocrx_word' id='word_1_113' title='bbox 1024 1978 1179 2072; x_wconf 71' lang='grc' dir='ltr'>ἀόριστον</span> 
     </span>
     <span class='ocr_line' id='line_1_16' title="bbox 74 2088 1179 2180; baseline 0.003 -20"><span class='ocrx_word' id='word_1_114' title='bbox 74 2099 144 2161; x_wconf 84' lang='grc' dir='ltr'><strong>κατ’</strong></span> <span class='ocrx_word' id='word_1_115' title='bbox 168 2088 287 2175; x_wconf 78' lang='grc' dir='ltr'><strong><em>εἶδος“.</em></strong></span> <span class='ocrx_word' id='word_1_116' title='bbox 336 2098 442 2180; x_wconf 81' lang='lat' dir='ltr'><strong>Atque</strong></span> <span class='ocrx_word' id='word_1_117' title='bbox 472 2097 602 2165; x_wconf 89' lang='lat' dir='ltr'><strong>omnino</strong></span> <span class='ocrx_word' id='word_1_118' title='bbox 629 2096 699 2164; x_wconf 85' lang='lat' dir='ltr'><strong>veri</strong></span> <span class='ocrx_word' id='word_1_119' title='bbox 722 2096 828 2163; x_wconf 89' lang='lat' dir='ltr'><strong>simile</strong></span> <span class='ocrx_word' id='word_1_120' title='bbox 850 2103 910 2179; x_wconf 89' lang='lat' dir='ltr'><strong>est,</strong></span> <span class='ocrx_word' id='word_1_121' title='bbox 940 2096 1025 2164; x_wconf 88' lang='lat' dir='ltr'><strong>hane</strong></span> <span class='ocrx_word' id='word_1_122' title='bbox 1055 2097 1179 2164; x_wconf 87' lang='lat' dir='ltr'><strong>Aristo·</strong></span> 
     </span>
    </p>
   </div>
   <div class='ocr_carea' id='block_1_5' title="bbox 75 2336 1246 4348">
    <p class='ocr_par' dir='ltr' id='par_1_5' title="bbox 75 2336 1180 2606">
     <span class='ocr_line' id='line_1_17' title="bbox 75 2336 1178 2415; baseline 0.002 -21"><span class='ocrx_word' id='word_1_123' title='bbox 75 2336 211 2397; x_wconf 74' lang='grc' dir='ltr'><strong>ἀδύνατον</strong></span> <span class='ocrx_word' id='word_1_124' title='bbox 229 2340 282 2412; x_wconf 77' lang='grc' dir='ltr'><strong>γὰρ</strong></span> <span class='ocrx_word' id='word_1_125' title='bbox 301 2337 382 2397; x_wconf 77' lang='grc' dir='ltr'><strong><em>ἄνευ</em></strong></span> <span class='ocrx_word' id='word_1_126' title='bbox 407 2339 642 2404; x_wconf 72' lang='grc' dir='ltr'>ἐναντιώσεως</span> <span class='ocrx_word' id='word_1_127' title='bbox 666 2343 735 2398; x_wconf 77' lang='grc' dir='ltr'>εἶναι</span> <span class='ocrx_word' id='word_1_128' title='bbox 760 2341 797 2397; x_wconf 89' lang='grc' dir='ltr'><strong>τὸ</strong></span> <span class='ocrx_word' id='word_1_129' title='bbox 822 2344 919 2415; x_wconf 80' lang='grc' dir='ltr'><em>σῶμα</em></span> <span class='ocrx_word' id='word_1_130' title='bbox 937 2344 1035 2397; x_wconf 83' lang='grc' dir='ltr'>τοῦτο</span> <span class='ocrx_word' id='word_1_131' title='bbox 1058 2345 1178 2410; x_wconf 71' lang='grc' dir='ltr'><strong><em>αἰσθη-</em></strong></span> 
     </span>
     <span class='ocr_line' id='line_1_18' title="bbox 76 2433 1180 2511; baseline 0.001 -20"><span class='ocrx_word' id='word_1_132' title='bbox 76 2437 136 2494; x_wconf 88' lang='grc' dir='ltr'><strong>τὸν</strong></span> <span class='ocrx_word' id='word_1_133' title='bbox 159 2434 214 2494; x_wconf 83' lang='grc' dir='ltr'><strong>ὄν·</strong></span> <span class='ocrx_word' id='word_1_134' title='bbox 232 2433 250 2506; x_wconf 80' lang='grc' dir='ltr'><strong><em>ἣ</em></strong></span> <span class='ocrx_word' id='word_1_135' title='bbox 267 2436 331 2510; x_wconf 78' lang='grc' dir='ltr'><strong>γὰρ</strong></span> <span class='ocrx_word' id='word_1_136' title='bbox 356 2433 521 2511; x_wconf 83' lang='grc' dir='ltr'><em>κοῦφονῆ</em></span> <span class='ocrx_word' id='word_1_137' title='bbox 541 2436 627 2510; x_wconf 76' lang='grc' dir='ltr'><strong>βαρὺ</strong></span> <span class='ocrx_word' id='word_1_138' title='bbox 650 2434 667 2506; x_wconf 78' lang='grc' dir='ltr'>ἢ</span> <span class='ocrx_word' id='word_1_139' title='bbox 692 2436 830 2510; x_wconf 81' lang='grc' dir='ltr'><strong><em>ψυχρὸν</em></strong></span> <span class='ocrx_word' id='word_1_140' title='bbox 852 2433 869 2506; x_wconf 78' lang='grc' dir='ltr'>ἢ</span> <span class='ocrx_word' id='word_1_141' title='bbox 893 2438 1025 2510; x_wconf 77' lang='grc' dir='ltr'><strong><em>θερμὸν</em></strong></span> <span class='ocrx_word' id='word_1_142' title='bbox 1046 2434 1180 2509; x_wconf 76' lang='grc' dir='ltr'><strong><em>ἀνάγκη</em></strong></span> 
     </span>
     <span class='ocr_line' id='line_1_19' title="bbox 78 2530 1131 2606; baseline 0.002 -18"><span class='ocrx_word' id='word_1_143' title='bbox 78 2536 166 2590; x_wconf 81' lang='grc' dir='ltr'>εἶναι</span> <span class='ocrx_word' id='word_1_144' title='bbox 184 2533 215 2590; x_wconf 86' lang='grc' dir='ltr'><strong>τὸ</strong></span> <span class='ocrx_word' id='word_1_145' title='bbox 233 2531 376 2606; x_wconf 79' lang='grc' dir='ltr'>ἄπειρον</span> <span class='ocrx_word' id='word_1_146' title='bbox 394 2537 496 2600; x_wconf 85' lang='grc' dir='ltr'>τοῦτο,</span> <span class='ocrx_word' id='word_1_147' title='bbox 516 2531 532 2590; x_wconf 81' lang='grc' dir='ltr'>ὃ</span> <span class='ocrx_word' id='word_1_148' title='bbox 549 2539 691 2606; x_wconf 75' lang='grc' dir='ltr'>λέγουσι</span> <span class='ocrx_word' id='word_1_149' title='bbox 707 2554 794 2596; x_wconf 84' lang='grc' dir='ltr'>τινες</span> <span class='ocrx_word' id='word_1_150' title='bbox 812 2536 899 2589; x_wconf 78' lang='grc' dir='ltr'>εἶναι</span> <span class='ocrx_word' id='word_1_151' title='bbox 917 2533 975 2599; x_wconf 75' lang='grc' dir='ltr'><strong>τὴν</strong></span> <span class='ocrx_word' id='word_1_152' title='bbox 997 2530 1131 2606; x_wconf 79' lang='grc' dir='ltr'><strong><em>ἀρχήν.“</em></strong></span> 
     </span>
    </p>

    <p class='ocr_par' dir='ltr' id='par_1_6' title="bbox 78 2619 1246 4250">
     <span class='ocr_line' id='line_1_20' title="bbox 179 2619 1180 2704; baseline -0.001 -19"><span class='ocrx_word' id='word_1_153' title='bbox 179 2634 204 2702; x_wconf 80' lang='grc' dir='ltr'><strong>ι)</strong></span> <span class='ocrx_word' id='word_1_154' title='bbox 224 2632 342 2687; x_wconf 70' lang='lat' dir='ltr'><strong>anatot.</strong></span> <span class='ocrx_word' id='word_1_155' title='bbox 362 2632 434 2687; x_wconf 78' lang='lat' dir='ltr'><strong>lete.</strong></span> <span class='ocrx_word' id='word_1_156' title='bbox 449 2633 484 2701; x_wconf 86' lang='grc' dir='ltr'><strong>ιι,</strong></span> <span class='ocrx_word' id='word_1_157' title='bbox 498 2633 523 2686; x_wconf 82' lang='lat' dir='ltr'><strong>s.</strong></span> <span class='ocrx_word' id='word_1_158' title='bbox 536 2634 608 2685; x_wconf 72' lang='lat' dir='ltr'><strong>assa</strong></span> <span class='ocrx_word' id='word_1_159' title='bbox 620 2634 667 2686; x_wconf 84' lang='lat' dir='ltr'><strong>ao:</strong></span> <span class='ocrx_word' id='word_1_160' title='bbox 687 2628 737 2701; x_wconf 78' lang='lat' dir='ltr'><strong>„ot</strong></span> <span class='ocrx_word' id='word_1_161' title='bbox 755 2629 814 2704; x_wconf 74' lang='grc' dir='ltr'><strong>μὴν</strong></span> <span class='ocrx_word' id='word_1_162' title='bbox 832 2629 891 2686; x_wconf 75' lang='lat' dir='ltr'><strong>otu</strong></span> <span class='ocrx_word' id='word_1_163' title='bbox 910 2626 975 2686; x_wconf 74' lang='grc' dir='ltr'>ἅιιο</span> <span class='ocrx_word' id='word_1_164' title='bbox 994 2638 1022 2686; x_wconf 64' lang='grc' dir='ltr'><strong>τι</strong></span> <span class='ocrx_word' id='word_1_165' title='bbox 1037 2650 1069 2703; x_wconf 72' lang='grc' dir='ltr'><strong>γε</strong></span> <span class='ocrx_word' id='word_1_166' title='bbox 1087 2619 1180 2702; x_wconf 68' lang='grc' dir='ltr'><strong>παρὰ</strong></span> 
     </span>
     <span class='ocr_line' id='line_1_21' title="bbox 78 2723 1181 2801; baseline 0.003 -21"><span class='ocrx_word' id='word_1_167' title='bbox 78 2730 175 2782; x_wconf 74' lang='grc' dir='ltr'>ταῦτα</span> <span class='ocrx_word' id='word_1_168' title='bbox 200 2727 244 2799; x_wconf 78' lang='lat' dir='ltr'><strong>[roi</strong></span> <span class='ocrx_word' id='word_1_169' title='bbox 268 2735 390 2800; x_wconf 82' lang='grc' dir='ltr'>στοιχεῖα</span> <span class='ocrx_word' id='word_1_170' title='bbox 413 2723 525 2783; x_wconf 77' lang='grc' dir='ltr'>δύναται</span> <span class='ocrx_word' id='word_1_171' title='bbox 547 2724 678 2783; x_wconf 78' lang='grc' dir='ltr'><strong>ἁπάντων</strong></span> <span class='ocrx_word' id='word_1_172' title='bbox 696 2724 743 2796; x_wconf 75' lang='grc' dir='ltr'><strong>ὕλη</strong></span> <span class='ocrx_word' id='word_1_173' title='bbox 761 2729 851 2800; x_wconf 57' lang='lat' dir='ltr'><strong>alumi</strong></span> <span class='ocrx_word' id='word_1_174' title='bbox 873 2734 933 2783; x_wconf 84' lang='grc' dir='ltr'><strong>οιόν</strong></span> <span class='ocrx_word' id='word_1_175' title='bbox 949 2733 1041 2801; x_wconf 76' lang='grc' dir='ltr'><strong><em>μέσον</em></strong></span> <span class='ocrx_word' id='word_1_176' title='bbox 1059 2749 1084 2782; x_wconf 88' lang='grc' dir='ltr'><strong>τι</strong></span> <span class='ocrx_word' id='word_1_177' title='bbox 1100 2724 1181 2799; x_wconf 77' lang='grc' dir='ltr'><strong><em>ἀέρος</em></strong></span> 
     </span>
     <span class='ocr_line' id='line_1_22' title="bbox 79 2817 1246 2896; baseline 0.001 -20"><span class='ocrx_word' id='word_1_178' title='bbox 79 2828 124 2876; x_wconf 76' lang='grc' dir='ltr'><strong>καὶ</strong></span> <span class='ocrx_word' id='word_1_179' title='bbox 142 2820 238 2884; x_wconf 75' lang='grc' dir='ltr'>ὕδατος</span> <span class='ocrx_word' id='word_1_180' title='bbox 254 2819 270 2892; x_wconf 79' lang='grc' dir='ltr'>ἢ</span> <span class='ocrx_word' id='word_1_181' title='bbox 287 2821 367 2895; x_wconf 80' lang='grc' dir='ltr'><em>ἀέρος</em></span> <span class='ocrx_word' id='word_1_182' title='bbox 385 2829 430 2878; x_wconf 80' lang='grc' dir='ltr'><strong>καὶ</strong></span> <span class='ocrx_word' id='word_1_183' title='bbox 449 2819 543 2896; x_wconf 49' lang='grc' dir='ltr'><em>πυρός)</em></span> <span class='ocrx_word' id='word_1_184' title='bbox 563 2821 643 2895; x_wconf 74' lang='grc' dir='ltr'><strong><em>ἀέρος</em></strong></span> <span class='ocrx_word' id='word_1_185' title='bbox 660 2824 716 2896; x_wconf 77' lang='grc' dir='ltr'><strong>μὲν</strong></span> <span class='ocrx_word' id='word_1_186' title='bbox 733 2817 889 2895; x_wconf 77' lang='grc' dir='ltr'><strong><em>παχύτερον</em></strong></span> <span class='ocrx_word' id='word_1_187' title='bbox 901 2829 947 2877; x_wconf 84' lang='grc' dir='ltr'><strong>καὶ</strong></span> <span class='ocrx_word' id='word_1_188' title='bbox 964 2820 1059 2894; x_wconf 83' lang='grc' dir='ltr'><strong><em>πυρός,</em></strong></span> <span class='ocrx_word' id='word_1_189' title='bbox 1078 2824 1177 2877; x_wconf 77' lang='grc' dir='ltr'><strong>τῶνδὲ</strong></span> <span class='ocrx_word' id='word_1_190' title='bbox 1242 2845 1246 2852; x_wconf 86' lang='grc'><strong><em>·</em></strong></span> 
     </span>
     <span class='ocr_line' id='line_1_23' title="bbox 79 2915 1176 2994; baseline 0.002 -22"><span class='ocrx_word' id='word_1_191' title='bbox 79 2915 257 2994; x_wconf 79' lang='grc' dir='ltr'><strong>λεπτότερον·</strong></span> <span class='ocrx_word' id='word_1_192' title='bbox 284 2923 359 2976; x_wconf 78' lang='grc' dir='ltr'>ἔσται</span> <span class='ocrx_word' id='word_1_193' title='bbox 381 2920 435 2992; x_wconf 78' lang='grc' dir='ltr'><strong>γὰρ</strong></span> <span class='ocrx_word' id='word_1_194' title='bbox 459 2917 510 2991; x_wconf 80' lang='grc' dir='ltr'><strong>ἀὴρ</strong></span> <span class='ocrx_word' id='word_1_195' title='bbox 534 2925 580 2975; x_wconf 82' lang='grc' dir='ltr'><strong>καὶ</strong></span> <span class='ocrx_word' id='word_1_196' title='bbox 602 2922 657 2992; x_wconf 83' lang='grc' dir='ltr'><strong>πῦρ</strong></span> <span class='ocrx_word' id='word_1_197' title='bbox 686 2922 773 2974; x_wconf 64' lang='grc' dir='ltr'><strong><em>ἐκεῖνο</em></strong></span> <span class='ocrx_word' id='word_1_198' title='bbox 797 2921 858 2994; x_wconf 79' lang='grc' dir='ltr'><strong>μετ’</strong></span> <span class='ocrx_word' id='word_1_199' title='bbox 882 2917 1083 2988; x_wconf 76' lang='grc' dir='ltr'>ἐναντιότητος·</span> <span class='ocrx_word' id='word_1_200' title='bbox 1109 2917 1176 2974; x_wconf 73' lang='grc' dir='ltr'><strong>ἀλλὰ</strong></span> 
     </span>
     <span class='ocr_line' id='line_1_24' title="bbox 81 3013 1180 3089; baseline 0 -19"><span class='ocrx_word' id='word_1_201' title='bbox 81 3023 235 3088; x_wconf 77' lang='grc' dir='ltr'>στέρησις</span> <span class='ocrx_word' id='word_1_202' title='bbox 256 3016 293 3073; x_wconf 83' lang='grc' dir='ltr'><strong>τὸ</strong></span> <span class='ocrx_word' id='word_1_203' title='bbox 313 3018 429 3089; x_wconf 81' lang='grc' dir='ltr'><strong>ἕτερον</strong></span> <span class='ocrx_word' id='word_1_204' title='bbox 453 3019 519 3074; x_wconf 88' lang='grc' dir='ltr'><strong>τῶν</strong></span> <span class='ocrx_word' id='word_1_205' title='bbox 538 3019 720 3074; x_wconf 73' lang='grc' dir='ltr'><strong><em>ἐναντίων·</em></strong></span> <span class='ocrx_word' id='word_1_206' title='bbox 746 3013 809 3071; x_wconf 86' lang='grc' dir='ltr'><strong>ὥστ’</strong></span> <span class='ocrx_word' id='word_1_207' title='bbox 835 3013 895 3072; x_wconf 79' lang='grc' dir='ltr'><strong>οὐκ</strong></span> <span class='ocrx_word' id='word_1_208' title='bbox 914 3019 1089 3089; x_wconf 74' lang='grc' dir='ltr'>ἐνδέχεται</span> <span class='ocrx_word' id='word_1_209' title='bbox 1113 3038 1180 3088; x_wconf 85' lang='grc' dir='ltr'><strong>μο-</strong></span> 
     </span>
     <span class='ocr_line' id='line_1_25' title="bbox 81 3107 1181 3186; baseline 0.002 -20"><span class='ocrx_word' id='word_1_210' title='bbox 81 3115 225 3168; x_wconf 71' lang='lat' dir='ltr'><strong>andedos</strong></span> <span class='ocrx_word' id='word_1_211' title='bbox 257 3115 372 3170; x_wconf 72' lang='grc' dir='ltr'><strong><em>ἐκεῖνο</em></strong></span> <span class='ocrx_word' id='word_1_212' title='bbox 400 3111 573 3179; x_wconf 68' lang='grc' dir='ltr'>οὐδέποτε,</span> <span class='ocrx_word' id='word_1_213' title='bbox 600 3111 713 3186; x_wconf 79' lang='grc' dir='ltr'><strong><em>ὥσπερ</em></strong></span> <span class='ocrx_word' id='word_1_214' title='bbox 743 3121 946 3183; x_wconf 74' lang='grc' dir='ltr'>φασιτινες</span> <span class='ocrx_word' id='word_1_215' title='bbox 973 3116 1007 3167; x_wconf 87' lang='grc' dir='ltr'><strong>τὸ</strong></span> <span class='ocrx_word' id='word_1_216' title='bbox 1036 3107 1181 3183; x_wconf 74' lang='grc' dir='ltr'>ἄπειρον</span> 
     </span>
     <span class='ocr_line' id='line_1_26' title="bbox 82 3209 1179 3284; baseline 0.002 -22"><span class='ocrx_word' id='word_1_217' title='bbox 82 3214 138 3264; x_wconf 83' lang='grc' dir='ltr'><strong>καὶ</strong></span> <span class='ocrx_word' id='word_1_218' title='bbox 154 3209 189 3266; x_wconf 89' lang='grc' dir='ltr'><strong>τὸ</strong></span> <span class='ocrx_word' id='word_1_219' title='bbox 209 3217 311 3282; x_wconf 79' lang='grc' dir='ltr'>περιέ</span> <span class='ocrx_word' id='word_1_220' title='bbox 311 3213 407 3284; x_wconf 80' lang='grc' dir='ltr'><strong><em>χον.“</em></strong></span> <span class='ocrx_word' id='word_1_221' title='bbox 444 3213 504 3281; x_wconf 75' lang='lat' dir='ltr'><strong>Quo</strong></span> <span class='ocrx_word' id='word_1_222' title='bbox 523 3212 585 3267; x_wconf 87' lang='lat' dir='ltr'><strong>loeo</strong></span> <span class='ocrx_word' id='word_1_223' title='bbox 607 3211 844 3266; x_wconf 79' lang='lat' dir='ltr'><strong>Anaximandrum</strong></span> <span class='ocrx_word' id='word_1_224' title='bbox 863 3210 997 3280; x_wconf 78' lang='lat' dir='ltr'><strong>intellegi,</strong></span> <span class='ocrx_word' id='word_1_225' title='bbox 1023 3211 1046 3265; x_wconf 91' lang='lat' dir='ltr'><strong>si</strong></span> <span class='ocrx_word' id='word_1_226' title='bbox 1066 3209 1179 3280; x_wconf 89' lang='lat' dir='ltr'><strong>quidem</strong></span> 
     </span>
     <span class='ocr_line' id='line_1_27' title="bbox 83 3306 1178 3380; baseline 0.002 -20"><span class='ocrx_word' id='word_1_227' title='bbox 83 3306 128 3362; x_wconf 91' lang='lat' dir='ltr'><strong>illo</strong></span> <span class='ocrx_word' id='word_1_228' title='bbox 144 3310 238 3378; x_wconf 86' lang='lat' dir='ltr'><strong>priore</strong></span> <span class='ocrx_word' id='word_1_229' title='bbox 256 3310 320 3364; x_wconf 89' lang='lat' dir='ltr'><strong>loeo</strong></span> <span class='ocrx_word' id='word_1_230' title='bbox 343 3308 525 3380; x_wconf 75' lang='lat' dir='ltr'><strong>intellegitur,</strong></span> <span class='ocrx_word' id='word_1_231' title='bbox 545 3326 596 3378; x_wconf 89' lang='lat' dir='ltr'><strong>per</strong></span> <span class='ocrx_word' id='word_1_232' title='bbox 615 3325 644 3362; x_wconf 90' lang='lat' dir='ltr'><strong>se</strong></span> <span class='ocrx_word' id='word_1_233' title='bbox 663 3311 754 3378; x_wconf 82' lang='lat' dir='ltr'><strong>patet3</strong></span> <span class='ocrx_word' id='word_1_234' title='bbox 784 3308 858 3363; x_wconf 89' lang='lat' dir='ltr'><strong>idam</strong></span> <span class='ocrx_word' id='word_1_235' title='bbox 878 3324 952 3374; x_wconf 88' lang='lat' dir='ltr'><strong>vero,</strong></span> <span class='ocrx_word' id='word_1_236' title='bbox 980 3312 1178 3377; x_wconf 83' lang='lat' dir='ltr'><strong>praeterquam</strong></span> 
     </span>
     <span class='ocr_line' id='line_1_28' title="bbox 83 3403 1176 3475; baseline 0.002 -19"><span class='ocrx_word' id='word_1_237' title='bbox 83 3405 151 3473; x_wconf 92' lang='lat' dir='ltr'><strong>quod</strong></span> <span class='ocrx_word' id='word_1_238' title='bbox 170 3423 186 3459; x_wconf 89' lang='lat' dir='ltr'><strong>a</strong></span> <span class='ocrx_word' id='word_1_239' title='bbox 204 3404 359 3474; x_wconf 91' lang='lat' dir='ltr'><strong>Philopono</strong></span> <span class='ocrx_word' id='word_1_240' title='bbox 378 3404 416 3475; x_wconf 91' lang='lat' dir='ltr'><strong>(p.</strong></span> <span class='ocrx_word' id='word_1_241' title='bbox 437 3405 497 3459; x_wconf 77' lang='lat' dir='ltr'><strong>seb</strong></span> <span class='ocrx_word' id='word_1_242' title='bbox 516 3408 596 3474; x_wconf 87' lang='lat' dir='ltr'><strong>parte</strong></span> <span class='ocrx_word' id='word_1_243' title='bbox 624 3404 686 3472; x_wconf 78' lang='lat' dir='ltr'><strong>inf.)</strong></span> <span class='ocrx_word' id='word_1_244' title='bbox 707 3408 804 3474; x_wconf 83' lang='lat' dir='ltr'><strong>aperte</strong></span> <span class='ocrx_word' id='word_1_245' title='bbox 829 3403 942 3472; x_wconf 84' lang='lat' dir='ltr'><strong>dieitur,</strong></span> <span class='ocrx_word' id='word_1_246' title='bbox 961 3404 1074 3472; x_wconf 90' lang='lat' dir='ltr'><strong>insuper</strong></span> <span class='ocrx_word' id='word_1_247' title='bbox 1091 3404 1176 3458; x_wconf 90' lang='lat' dir='ltr'><strong>etiam</strong></span> 
     </span>
     <span class='ocr_line' id='line_1_29' title="bbox 83 3493 1180 3571; baseline 0 -17"><span class='ocrx_word' id='word_1_248' title='bbox 83 3499 124 3555; x_wconf 88' lang='lat' dir='ltr'><strong>vel</strong></span> <span class='ocrx_word' id='word_1_249' title='bbox 140 3502 255 3557; x_wconf 87' lang='lat' dir='ltr'><strong>maxime</strong></span> <span class='ocrx_word' id='word_1_250' title='bbox 274 3502 413 3571; x_wconf 86' lang='lat' dir='ltr'><strong>probatur</strong></span> <span class='ocrx_word' id='word_1_251' title='bbox 431 3501 576 3556; x_wconf 81' lang='lat' dir='ltr'><strong>vocabulis</strong></span> <span class='ocrx_word' id='word_1_252' title='bbox 598 3498 646 3570; x_wconf 78' lang='lat' dir='ltr'><strong>„rh</strong></span> <span class='ocrx_word' id='word_1_253' title='bbox 664 3493 779 3570; x_wconf 72' lang='grc' dir='ltr'>ἄπειρον</span> <span class='ocrx_word' id='word_1_254' title='bbox 796 3504 842 3553; x_wconf 81' lang='grc' dir='ltr'><strong>και</strong></span> <span class='ocrx_word' id='word_1_255' title='bbox 860 3500 1016 3571; x_wconf 58' lang='grc' dir='ltr'><strong>περιέχονΙΙ,</strong></span> <span class='ocrx_word' id='word_1_256' title='bbox 1034 3517 1105 3570; x_wconf 88' lang='lat' dir='ltr'><strong>quae</strong></span> <span class='ocrx_word' id='word_1_257' title='bbox 1123 3501 1180 3554; x_wconf 90' lang='lat' dir='ltr'><strong>iam</strong></span> 
     </span>
     <span class='ocr_line' id='line_1_30' title="bbox 84 3596 1178 3667; baseline -0.002 -15"><span class='ocrx_word' id='word_1_258' title='bbox 84 3601 159 3653; x_wconf 88' lang='lat' dir='ltr'><strong>antea</strong></span> <span class='ocrx_word' id='word_1_259' title='bbox 177 3600 212 3654; x_wconf 86' lang='lat' dir='ltr'><strong>ab</strong></span> <span class='ocrx_word' id='word_1_260' title='bbox 230 3598 385 3653; x_wconf 86' lang='lat' dir='ltr'><strong>Aristotele</strong></span> <span class='ocrx_word' id='word_1_261' title='bbox 405 3598 440 3653; x_wconf 91' lang='lat' dir='ltr'><strong>de</strong></span> <span class='ocrx_word' id='word_1_262' title='bbox 460 3597 661 3652; x_wconf 81' lang='lat' dir='ltr'><strong>Anaximandri</strong></span> <span class='ocrx_word' id='word_1_263' title='bbox 682 3597 821 3667; x_wconf 78' lang='lat' dir='ltr'><strong>principio</strong></span> <span class='ocrx_word' id='word_1_264' title='bbox 840 3596 965 3651; x_wconf 86' lang='lat' dir='ltr'><strong>adhiberi</strong></span> <span class='ocrx_word' id='word_1_265' title='bbox 985 3596 1114 3650; x_wconf 79' lang='lat' dir='ltr'><strong>vidimus.</strong></span> <span class='ocrx_word' id='word_1_266' title='bbox 1145 3628 1178 3637; x_wconf 95' lang='lat'>—</span> 
     </span>
     <span class='ocr_line' id='line_1_31' title="bbox 84 3692 1180 3765; baseline -0.002 -17"><span class='ocrx_word' id='word_1_267' title='bbox 84 3694 141 3750; x_wconf 87' lang='lat' dir='ltr'><strong>Non</strong></span> <span class='ocrx_word' id='word_1_268' title='bbox 158 3713 215 3751; x_wconf 83' lang='lat' dir='ltr'><strong>esse</strong></span> <span class='ocrx_word' id='word_1_269' title='bbox 234 3702 363 3750; x_wconf 86' lang='lat' dir='ltr'><strong>naturam</strong></span> <span class='ocrx_word' id='word_1_270' title='bbox 375 3695 515 3765; x_wconf 86' lang='lat' dir='ltr'><strong>quandam</strong></span> <span class='ocrx_word' id='word_1_271' title='bbox 534 3694 694 3749; x_wconf 87' lang='lat' dir='ltr'><strong>sensilem</strong></span> <span class='ocrx_word' id='word_1_272' title='bbox 713 3694 749 3748; x_wconf 88' lang='lat' dir='ltr'><strong>ab</strong></span> <span class='ocrx_word' id='word_1_273' title='bbox 767 3693 911 3748; x_wconf 84' lang='lat' dir='ltr'><strong>elementis</strong></span> <span class='ocrx_word' id='word_1_274' title='bbox 923 3693 1060 3750; x_wconf 84' lang='lat' dir='ltr'><strong>diversam</strong></span> <span class='ocrx_word' id='word_1_275' title='bbox 1073 3692 1180 3748; x_wconf 89' lang='lat' dir='ltr'><strong>Aristo-</strong></span> 
     </span>
     <span class='ocr_line' id='line_1_32' title="bbox 85 3789 1181 3862; baseline -0.002 -18"><span class='ocrx_word' id='word_1_276' title='bbox 85 3791 147 3846; x_wconf 87' lang='lat' dir='ltr'><strong>teles</strong></span> <span class='ocrx_word' id='word_1_277' title='bbox 169 3809 201 3846; x_wconf 88' lang='lat' dir='ltr'><strong>eo</strong></span> <span class='ocrx_word' id='word_1_278' title='bbox 226 3807 336 3862; x_wconf 90' lang='lat' dir='ltr'><strong>quoque</strong></span> <span class='ocrx_word' id='word_1_279' title='bbox 355 3791 539 3855; x_wconf 87' lang='lat' dir='ltr'><strong>demonstrat,</strong></span> <span class='ocrx_word' id='word_1_280' title='bbox 568 3790 643 3860; x_wconf 90' lang='lat' dir='ltr'><strong>quod</strong></span> <span class='ocrx_word' id='word_1_281' title='bbox 662 3789 822 3844; x_wconf 88' lang='lat' dir='ltr'><strong>sensibus</strong></span> <span class='ocrx_word' id='word_1_282' title='bbox 844 3789 978 3845; x_wconf 91' lang='lat' dir='ltr'><strong>omnino</strong></span> <span class='ocrx_word' id='word_1_283' title='bbox 997 3806 1062 3843; x_wconf 91' lang='lat' dir='ltr'><strong>non</strong></span> <span class='ocrx_word' id='word_1_284' title='bbox 1081 3805 1181 3858; x_wconf 87' lang='lat' dir='ltr'><strong>appa·</strong></span> 
     </span>
     <span class='ocr_line' id='line_1_33' title="bbox 86 3882 1183 3956; baseline 0.001 -16"><span class='ocrx_word' id='word_1_285' title='bbox 86 3888 236 3956; x_wconf 86' lang='lat' dir='ltr'><strong>reat,hoo</strong></span> <span class='ocrx_word' id='word_1_286' title='bbox 255 3887 348 3952; x_wconf 83' lang='lat' dir='ltr'><strong>modo,</strong></span> <span class='ocrx_word' id='word_1_287' title='bbox 383 3886 464 3956; x_wconf 85' lang='lat' dir='ltr'><strong>Phys.</strong></span> <span class='ocrx_word' id='word_1_288' title='bbox 491 3887 539 3950; x_wconf 88' lang='grc' dir='ltr'>ΙΙΙ,</span> <span class='ocrx_word' id='word_1_289' title='bbox 559 3886 732 3941; x_wconf 71' lang='lat' dir='ltr'><strong>daotbea:</strong></span> <span class='ocrx_word' id='word_1_290' title='bbox 777 3925 808 3956; x_wconf 88' lang='lat'><strong>‚,.</strong></span> <span class='ocrx_word' id='word_1_291' title='bbox 829 3926 836 3940; x_wconf 90' lang='lat'><em>.</em></span> <span class='ocrx_word' id='word_1_292' title='bbox 856 3882 905 3940; x_wconf 77' lang='grc' dir='ltr'><strong>οὐκ</strong></span> <span class='ocrx_word' id='word_1_293' title='bbox 934 3887 993 3941; x_wconf 78' lang='grc' dir='ltr'>ἔστι</span> <span class='ocrx_word' id='word_1_294' title='bbox 1023 3885 1183 3941; x_wconf 85' lang='grc' dir='ltr'>τοιοῦτον</span> 
     </span>
     <span class='ocr_line' id='line_1_34' title="bbox 86 3965 1180 4055; baseline -0.003 -18"><span class='ocrx_word' id='word_1_295' title='bbox 86 3986 175 4055; x_wconf 80' lang='grc' dir='ltr'><strong><em>σῶμα</em></strong></span> <span class='ocrx_word' id='word_1_296' title='bbox 198 3982 373 4054; x_wconf 32' lang='grc' dir='ltr'>ιιῐσθιητόν</span> <span class='ocrx_word' id='word_1_297' title='bbox 390 3981 479 4054; x_wconf 77' lang='grc' dir='ltr'><strong>παρὰ</strong></span> <span class='ocrx_word' id='word_1_298' title='bbox 498 3981 536 4037; x_wconf 84' lang='grc' dir='ltr'><strong>τὰ</strong></span> <span class='ocrx_word' id='word_1_299' title='bbox 556 3990 727 4055; x_wconf 77' lang='grc' dir='ltr'>στοιχεῖα.</span> <span class='ocrx_word' id='word_1_300' title='bbox 755 3982 864 4037; x_wconf 77' lang='grc' dir='ltr'><strong><em>ἅπαντα</em></strong></span> <span class='ocrx_word' id='word_1_301' title='bbox 882 3980 935 4053; x_wconf 80' lang='grc' dir='ltr'><strong>γὰρ</strong></span> <span class='ocrx_word' id='word_1_302' title='bbox 953 3983 982 4043; x_wconf 76' lang='grc' dir='ltr'><strong>ἐξ</strong></span> <span class='ocrx_word' id='word_1_303' title='bbox 999 3965 1030 4035; x_wconf 69' lang='grc' dir='ltr'><strong>οὗ</strong></span> <span class='ocrx_word' id='word_1_304' title='bbox 1048 3983 1115 4048; x_wconf 69' lang='grc' dir='ltr'><strong>ἔστί,</strong></span> <span class='ocrx_word' id='word_1_305' title='bbox 1133 3985 1180 4035; x_wconf 83' lang='grc' dir='ltr'><strong>καὶ</strong></span> 
     </span>
     <span class='ocr_line' id='line_1_35' title="bbox 87 4073 1181 4150; baseline 0 -18"><span class='ocrx_word' id='word_1_306' title='bbox 87 4077 210 4136; x_wconf 75' lang='grc' dir='ltr'>διαλύεται</span> <span class='ocrx_word' id='word_1_307' title='bbox 231 4085 268 4140; x_wconf 76' lang='grc' dir='ltr'><strong>εἰς</strong></span> <span class='ocrx_word' id='word_1_308' title='bbox 284 4082 372 4150; x_wconf 79' lang='grc' dir='ltr'>τοῦτο,</span> <span class='ocrx_word' id='word_1_309' title='bbox 390 4076 471 4135; x_wconf 81' lang='grc' dir='ltr'>ὥστε</span> <span class='ocrx_word' id='word_1_310' title='bbox 491 4073 578 4146; x_wconf 74' lang='grc' dir='ltr'><strong>ἦνᾶν</strong></span> <span class='ocrx_word' id='word_1_311' title='bbox 596 4081 746 4135; x_wconf 67' lang='grc' dir='ltr'><strong>ἐνταῦθα</strong></span> <span class='ocrx_word' id='word_1_312' title='bbox 766 4076 945 4150; x_wconf 56' lang='lat' dir='ltr'><strong>napserim</strong></span> <span class='ocrx_word' id='word_1_313' title='bbox 964 4079 1104 4148; x_wconf 81' lang='grc' dir='ltr'><strong>καὶπῦρ</strong></span> <span class='ocrx_word' id='word_1_314' title='bbox 1124 4084 1181 4133; x_wconf 80' lang='grc' dir='ltr'><strong>καὶ</strong></span> 
     </span>
     <span class='ocr_line' id='line_1_36' title="bbox 87 4173 715 4250; baseline -0.002 -17"><span class='ocrx_word' id='word_1_315' title='bbox 87 4179 209 4244; x_wconf 73' lang='grc' dir='ltr'><strong><em>γῆνκαὶ</em></strong></span> <span class='ocrx_word' id='word_1_316' title='bbox 225 4174 324 4249; x_wconf 79' lang='grc' dir='ltr'><em>ὕδωρ·</em></span> <span class='ocrx_word' id='word_1_317' title='bbox 345 4184 513 4250; x_wconf 80' lang='grc' dir='ltr'>φαίνεται</span> <span class='ocrx_word' id='word_1_318' title='bbox 531 4175 558 4231; x_wconf 80' lang='grc' dir='ltr'><strong>δ’</strong></span> <span class='ocrx_word' id='word_1_319' title='bbox 577 4173 715 4232; x_wconf 76' lang='grc' dir='ltr'><strong><em>οὐδέν“.</em></strong></span> 
     </span>
    </p>

    <p class='ocr_par' dir='ltr' id='par_1_7' title="bbox 176 4273 854 4348">
     <span class='ocr_line' id='line_1_37' title="bbox 176 4273 854 4348; baseline 0.003 -20"><span class='ocrx_word' id='word_1_320' title='bbox 176 4275 205 4345; x_wconf 82' lang='grc'><strong>2)</strong></span> <span class='ocrx_word' id='word_1_321' title='bbox 226 4274 296 4330; x_wconf 83' lang='lat' dir='ltr'><strong>Vide</strong></span> <span class='ocrx_word' id='word_1_322' title='bbox 314 4276 383 4330; x_wconf 89' lang='lat' dir='ltr'><strong>duas</strong></span> <span class='ocrx_word' id='word_1_323' title='bbox 402 4279 483 4330; x_wconf 87' lang='lat' dir='ltr'><strong>notas</strong></span> <span class='ocrx_word' id='word_1_324' title='bbox 501 4274 629 4348; x_wconf 84' lang='lat' dir='ltr'><strong>proxime</strong></span> <span class='ocrx_word' id='word_1_325' title='bbox 648 4273 854 4348; x_wconf 82' lang='lat' dir='ltr'><strong>antecedentes.</strong></span> 
     </span>
    </p>
   </div>
   <div class='ocr_carea' id='block_1_6' title="bbox 0 0 1472 4902">
    <p class='ocr_par' dir='ltr' id='par_1_8' title="bbox 0 0 1472 4902">
     <span class='ocr_line' id='line_1_38' title="bbox 0 0 1472 4902; baseline 0 0"><span class='ocrx_word' id='word_1_326' title='bbox 0 0 1472 4902; x_wconf 95' lang='lat' dir='ltr'><strong> </strong></span> 
     </span>
    </p>
   </div>
  </div>
 </body>
</html>
