2862 4910
612 353 665 418 353

82 536 171 600 vallo
197 556 218 599 a
240 536 376 601 eirouitu
398 535 506 618 distet,
532 537 560 600 si
576 536 708 600 omnino
730 541 905 618 moveatur,
927 535 1021 602 simul
1037 534 1192 602 inomnes

83 651 197 727 partes
220 646 341 709 moveri
371 651 528 729 oportere.
573 645 642 709 Iam
673 643 748 710 huie
778 644 908 728 quidem
941 648 1119 712 sententiae
1152 666 1193 712 ex

83 755 241 836 opinione
263 755 388 838 volgari
411 761 497 820 reete
519 759 645 838 poterat
670 752 703 818 in
727 752 813 819 huno
836 754 966 820 modum
989 755 1190 839 responderi:

84 863 174 928 illam
199 885 268 930 rem
289 885 492 948 nequaquam
516 865 549 929 in
566 876 683 930 'omnes
706 870 815 947 partes
837 866 967 945 moveri,
991 863 1057 942 sed,
1083 886 1192 948 quem·

84 972 262 1037 admodum
301 975 408 1039 omnia
453 995 587 1058 corpora
632 973 826 1038 necessitate
867 975 1007 1040 naturali
1040 995 1191 1058 suoque

84 1081 262 1164 pondere
286 1081 469 1147 deorsum
491 1081 604 1146 ferri.
650 1080 730 1146 Cum
756 1080 809 1146 vix
833 1080 904 1147 fieri
924 1083 1036 1166 possit,
1058 1084 1190 1149 utAua-

84 1189 259 1255 nimander
286 1189 346 1256 hoo
369 1191 576 1274 ignoraverit,
613 1190 670 1254 vix
703 1196 810 1274 potest
833 1190 984 1274 dubitari,
1019 1195 1191 1275 quinium,

85 1308 262 1382 antequam
286 1301 373 1364 illam
395 1302 587 1365 sententiam
604 1308 809 1383 proponeret,
833 1301 1016 1384 opinionem
1029 1304 1192 1385 uolgarem

85 1415 224 1474 oonatus
247 1410 290 1473 sit
317 1410 424 1491 aliquo
451 1403 547 1474 modo
570 1408 721 1474 refutare.
766 1407 861 1485 Quod
892 1430 958 1492 qua
990 1412 1115 1476 ratione
1146 1413 1191 1478 fe-

85 1501 177 1595 eerit,
202 1538 299 1600 quam
317 1519 414 1600 olere,
437 1539 536 1601 quam
558 1517 600 1582 ad
622 1517 885 1601 persuadendum
910 1525 994 1602 apte,
1019 1520 1190 1586 nescimus.

86 1628 163 1693 Sine
187 1627 288 1693 dubio
311 1633 417 1692 autem
441 1634 472 1692 ot
496 1610 630 1711 putavit
655 1633 688 1692 et
710 1627 820 1709 aliquo
843 1627 938 1692 modo
962 1629 1192 1712 pronuntiavit,

86 1737 117 1801 iu
142 1737 262 1803 mundo
287 1737 436 1803 universo
460 1736 562 1802 nihil
584 1757 670 1803 esse
694 1757 875 1803 summum
900 1738 1080 1822 nihilque
1102 1740 1191 1805 infi-

87 1868 192 1930 mum,
217 1847 288 1912 sed
309 1854 458 1913 tantum
480 1849 697 1914 oerenitum
727 1855 766 1912 et
792 1854 941 1932 partem
970 1850 1133 1915 mediam
1155 1851 1198 1917 et

87 1958 271 2022 diversas
294 1959 397 2022 inter
430 1956 526 2022 hano
560 1963 597 2022 et
630 1957 737 2022 illum
771 1957 995 2024 distantias.
1039 1959 1076 2024 Id
1108 1961 1191 2024 enim

88 2068 171 2132 ultro
194 2067 290 2148 quasi
315 2069 345 2132 ei
367 2067 492 2149 liquere
516 2066 656 2132 debebat
679 2087 720 2132 ex
743 2067 817 2150 ipsa
845 2067 999 2152 principii
1021 2068 1191 2150 infinitate,

87 2176 174 2257 quod
197 2195 456 2258 unumquemque
479 2175 632 2242 mundum
659 2176 710 2241 ab
739 2175 914 2242 omuibus
936 2178 1089 2260 pariter
1110 2197 1191 2261 par-

87 2285 197 2352 tibus
219 2286 500 2368 ampleteretur
521 2291 561 2349 et
585 2286 815 2366 sustineret;
838 2291 870 2350 et
889 2285 974 2351 hano
992 2305 1106 2352 revera
1121 2287 1191 2352 eius

88 2395 282 2460 seutentiam
304 2395 415 2476 tuisse,
449 2394 526 2461 inde
548 2415 675 2477 quoque
699 2400 846 2479 apparet,
869 2394 965 2478 quod,
999 2416 1072 2460 oum
1096 2396 1191 2461 simul

88 2510 119 2568 et
141 2511 261 2570 terram
284 2511 316 2569 et
338 2523 445 2569 aerem
466 2524 484 2569 e
507 2510 625 2570 natura
647 2503 778 2569 humida
795 2511 896 2570 totum
914 2504 1058 2570 medium
1080 2505 1192 2571 mundi

90 2614 230 2696 spatium
260 2613 396 2696 replenti
429 2600 571 2696 generet,
607 2613 639 2679 in
675 2615 746 2697 ipso
769 2620 840 2680 ortu
875 2620 993 2679 terram
1017 2615 1049 2678 in
1082 2614 1191 2680 medio

88 2723 167 2798 loeo,
192 2742 301 2788 aerem
324 2724 357 2787 iu
380 2723 475 2788 huius
499 2723 634 2788 eirouitu
657 2723 842 2788 constitisse
864 2722 951 2788 dioit.

188 2832 247 2896 Est
269 2840 376 2896 autem
403 2833 459 2896 illa
483 2831 719 2897 Anaximandri
742 2833 905 2897 sententia
931 2851 1010 2897 saue
1032 2831 1190 2898 mirabilis

90 2939 273 3024 insignique
296 2941 391 3006 modo
415 2942 564 3021 ostendit,
597 2947 720 3024 quanta
743 2942 776 3005 in
804 2961 842 3006 eo
865 2941 963 3005 fuerit
985 2941 1108 3024 ingenii
1128 2941 1189 3017 vis,

91 3057 211 3132 quanta
238 3057 269 3116 et
291 3051 495 3135 perspioaoia
517 3056 549 3116 et
572 3049 723 3116 audacia.
767 3049 839 3128 Qua
861 3056 981 3131 quanto
1005 3070 1103 3133 opere
1137 3070 1190 3115 ex-

91 3160 236 3224 celluerit
258 3167 290 3224 et
312 3161 417 3243 ipsam
440 3180 519 3226 suae
541 3160 659 3224 aetatis
682 3158 938 3242 intellegentiam
970 3159 1190 3237 antecesserit,

90 3270 141 3333 vel
164 3269 303 3333 maxime
336 3288 377 3333 ex
399 3267 460 3332 hae
484 3269 556 3351 ipsa
586 3289 620 3334 re
645 3274 791 3352 apparet,
821 3266 908 3350 qnod
931 3267 1061 3351 pariter,
1092 3274 1191 3350 atque

92 3385 203 3460 postea
226 3379 260 3442 in
271 3377 449 3462 Gopemioo
461 3377 589 3455 aooidit,
605 3397 699 3442 nemo
714 3376 980 3460 philosophorum
998 3377 1191 3460 subsequen·

92 3486 169 3551 tium
192 3486 281 3552 illam
303 3488 374 3552 eius
397 3486 590 3552 sententiam
613 3505 710 3552 ausus
733 3494 783 3550 est
798 3486 958 3569 accipere.
1003 3485 1070 3551 Sed
1082 3492 1190 3551 mmen

94 3594 161 3677 ipse
183 3597 354 3661 veritatem
377 3596 481 3678 magis
497 3594 696 3661 divinatione
714 3594 855 3677 quadam
878 3595 960 3660 vidit
982 3600 1191 3677 quamtotam

92 3705 159 3770 eius
182 3706 341 3770 rationem
362 3705 545 3788 perspexit3
582 3704 669 3769 viam
703 3703 894 3769 monstravit
927 3723 986 3767 neo
1017 3723 1093 3769 vero
1124 3724 1191 3769 mu-

94 3815 179 3879 uiuit.

188 3922 254 3988 Sed
279 3922 320 3988 de
342 3929 448 3988 terrae
471 3921 574 4005 figura
597 3942 661 3987 una
682 3922 780 3986 etiam
795 3922 943 4004 quaestio
966 3927 1081 4000 restat3
1106 3941 1191 4004 quae

93 4033 161 4115 ipsa
182 4053 292 4098 rursus
314 4032 470 4114 bipartita
491 4038 548 4097 est.
594 4030 820 4110 Quaerendum
854 4030 941 4095 euim
961 4036 1018 4105 est,
1052 4037 1084 4095 et
1108 4032 1191 4112 qui-

94 4140 159 4207 bus
182 4142 406 4208 rationibus
429 4141 573 4206 duetus
594 4139 835 4204 Anaximander
855 4144 961 4204 terrae
984 4139 1073 4223 plani
1089 4140 1190 4224 oylin·

95 4249 140 4317 dri
162 4273 200 4318 ao
227 4271 291 4318 uon
322 4252 431 4336 potins
464 4250 553 4334 globi
583 4249 718 4332 liguram
753 4249 908 4331 tribuerit,
940 4255 972 4314 et
1004 4249 1045 4314 ad
1079 4269 1192 4332 qnam

971 4357 1006 4414 28
