2864 4904
790 374 841 424 134

264 551 331 612 tate
354 546 440 610 infra
461 546 568 612 omnia
589 550 622 609 at
647 543 779 608 raritate
801 563 899 626 snpra
920 545 1028 608 omnia
1052 547 1196 626 positam
1219 565 1296 613 esse
1321 568 1370 630 po

264 661 338 720 test.
380 652 472 720 Idem
501 660 608 719 aulem
639 652 832 735 principium
859 649 1064 732 ’τὸμεταξύ
1087 655 1157 716 τῶν
1180 649 1371 734 oaoaxet‘rov'

264 765 417 848 appellat,
442 763 498 830 nbi
520 763 586 828 iam
608 763 713 844 ipsam
735 762 807 828 eins
829 767 976 828 naturam
998 765 1185 830 aoenratins
1208 764 1370 849 signifiea-

265 882 355 941 tnrns
376 879 442 954 est3
463 891 602 954 namque
623 877 657 937 et
670 873 799 955 saepius
821 864 861 934 τὸ
882 870 973 952 παρὰ
992 865 1199 952 τὰστοιχεῖα
1221 874 1370 958 adposito

265 984 327 1050 hoe
347 983 505 1050 voeabula
527 981 649 1058 delinit,
672 981 772 1046 veluti
794 980 904 1048 dicens
923 970 1025 1044 ‘tato
1045 1003 1077 1046 τι
1103 977 1199 1065 παρὰ
1220 979 1263 1046 τὰ
1285 1007 1368 1048 στοι-

265 1095 339 1174 χεῖα
349 1092 470 1175 μεταξὺ
484 1081 628 1156 τούτων’
639 1092 676 1173 ¹),
697 1091 750 1155 vel
766 1094 948 1158 aeenratius
963 1090 1061 1158 etiam
1083 1085 1214 1175 ‘Saepto
1234 1117 1266 1158 τι
1282 1089 1369 1174 παρὰ

265 1203 307 1270 τὰ
328 1205 484 1284 στοιχεῖα,
505 1201 604 1265 τοῦτο
626 1197 663 1264 δὲ
682 1193 803 1282 μεταξύ
825 1223 900 1277 πως
921 1191 1004 1264 εἶναι
1026 1191 1140 1265 αὐτῶν
1161 1196 1367 1285 ὑπέθετο”),

271 1321 304 1382 et
324 1313 385 1380 hoo
406 1313 564 1380 vooabnlo
582 1312 768 1394 plernmqne
789 1308 899 1393 utitor,
921 1309 976 1376 nbi
993 1311 1165 1378 elementis
1181 1313 1367 1397 singillatim

268 1423 440 1490 nominatis
451 1419 687 1488 Anaximandri
702 1418 895 1504 prIneipinm
908 1420 1044 1504 opponit
1050 1420 1084 1502 8).
1123 1421 1282 1504 Denique,
1297 1442 1365 1487 enm

266 1534 304 1597 τὸ
326 1531 448 1614 μεταξὺ
478 1549 606 1614 qnoqrm
634 1527 790 1594 infinitins
816 1531 867 1606 sit,
901 1529 1051 1612 qnoniam
1082 1532 1167 1596 inter
1201 1533 1262 1596 tria
1293 1530 1367 1596 bina

268 1645 428 1710 elementa
444 1647 551 1725 potest
564 1637 704 1705 medinm
726 1657 807 1719 esse,
830 1637 871 1704 iis
885 1638 977 1720 loeis,
999 1639 1116 1722 quibus
1131 1640 1365 1706 aeonratissime

269 1748 503 1818 Anaximandri
534 1749 723 1834 prinoipinm
754 1746 907 1826 orfime),
940 1747 1036 1814 modo
1069 1747 1267 1816 disinnotivo
1289 1748 1363 1815 dicit

266 1857 327 1926 ‘ad
347 1859 469 1941 μεταξὺ
497 1851 518 1945 ἢ
540 1853 659 1934 ὕδατος
684 1855 739 1922 καὶ
763 1853 861 1939 ἀέρος
883 1848 904 1942 ἢ
925 1847 1022 1939 ἀέρος
1041 1854 1098 1921 καὶ
1120 1851 1257 1942 πυρός’.
1299 1859 1359 1922 Iam

236 1976 239 1982 '
268 1991 344 2038 vero
367 1969 564 2054 Philoponns
589 1966 823 2033 Anaximandri
849 1967 1042 2050 principium
1070 1967 1118 2032 ita
1149 1967 1190 2031 τὸ
1216 1965 1303 2049 παρὰ
1325 1961 1359 2026 τὰ
1416 2033 1417 2038 ἵ

267 2082 414 2160 στοιχεῖα
435 2085 468 2146 et
488 2078 527 2143 τὸ
549 2077 670 2173 μεταξὺ
692 2077 758 2140 τῶν
778 2073 949 2155 στοιχείων
969 2077 1124 2160 appellat,
1146 2083 1183 2141 nt
1204 2075 1254 2142 his
1275 2095 1357 2141 voea-
1416 2107 1417 2116 ¹

269 2191 354 2257 bulis
377 2193 481 2273 ipsam
513 2188 607 2254 huius
639 2186 788 2271 prinoipii
809 2191 957 2252 naturam
978 2184 1154 2269 signifieet3
1186 2205 1263 2269 ergo
1293 2206 1356 2251 oon·

269 2306 457 2368 sentanenm
490 2305 554 2381 est,
584 2317 658 2364 enm
692 2296 754 2363 hae
784 2296 976 2364 disinnotiva
1005 2315 1134 2378 quoqne
1166 2293 1358 2380 significandi

268 2411 393 2476 ratione
429 2406 618 2492 quandam
653 2406 771 2473 huius
808 2405 933 2489 ipsius
970 2404 1165 2490 principii
1199 2406 1359 2490 propria-

269 2525 395 2600 tatem,
427 2537 496 2584 neo
523 2537 616 2583 nero
649 2536 740 2583 snae
773 2516 1012 2598 cognitionis
1044 2514 1359 2582 inoertitndinem

270 2627 462 2710 significare.
505 2626 629 2692 Deinde
652 2625 681 2692 si
703 2624 764 2692 hae
786 2622 1124 2691 disiunctivadioendi
1137 2624 1359 2706 rationesigni·

268 2737 365 2802 ficare
388 2735 550 2817 voluisset,
571 2754 606 2800 se
627 2735 732 2817 ipsum
753 2739 884 2818 propter
905 2734 1158 2799 testimoniorum
1188 2733 1358 2816 discrepan-

270 2849 347 2912 tiam
369 2845 554 2928 ambignnm
577 2861 658 2920 esse,
681 2843 765 2908 inter
786 2849 858 2906 utra
874 2841 951 2907 bina
965 2842 1127 2908 elementa
1137 2839 1359 2908 Anaximandri

270 2954 461 3038 principium
484 2951 624 3018 medinm
646 2951 816 3018 dioendum
839 2958 935 3030 esset,
962 2950 1092 3016 omnino
1120 2951 1286 3034 probabile
1305 2955 1357 3020 est,

271 3085 343 3130 enm
366 3062 449 3129 hano
469 3083 536 3128 rem
559 3061 660 3146 ipsius
680 3061 885 3144 cogitationis
907 3061 1002 3145 pnlsn
1023 3060 1135 3142 aliquo
1157 3059 1253 3127 modo
1273 3059 1357 3142 signi-

271 3173 438 3239 lioaturnm
461 3171 572 3253 fnisse,
605 3172 693 3236 velut
722 3170 910 3236 addentem:
943 3162 999 3234 ‘oi
1028 3165 1166 3252 μὲνγὰρ
1189 3163 1303 3245 οὕτως,
1331 3157 1357 3228 oi

270 3281 299 3344 δ’
331 3279 462 3357 ἐκείνως
494 3278 668 3362 λέγουσιν’,
699 3280 751 3346 vel
783 3279 856 3344 aliis
887 3278 995 3344 verbis
1031 3279 1188 3344 similibus
1220 3284 1357 3344 utentem.

270 3391 417 3473 Denique
439 3390 645 3455 Aristotelem
667 3407 803 3471 quoque,
827 3388 881 3470 qni
905 3393 990 3454 oerte
1012 3388 1117 3470 ipsam
1138 3383 1357 3453 Anaximandri
1415 3379 1416 3382 ’

369 3702 395 3772 1)
414 3701 478 3758 Vid.
495 3719 580 3772 snpra
596 3720 625 3772 p.
645 3705 696 3759 127
715 3707 772 3757 not.
791 3706 812 3769 l,
832 3721 859 3771 o;
877 3721 904 3772 p.
925 3705 976 3757 128
994 3706 1052 3758 not.
1073 3702 1098 3772 1,
1117 3702 1136 3756 f.

368 3798 396 3870 2)
415 3798 478 3853 vid.
499 3816 583 3868 snpra
601 3816 629 3869 p.
650 3802 701 3854 128
719 3805 777 3855 not.
803 3805 824 3868 l,
842 3817 865 3854 a.

369 3899 395 3965 3)
417 3896 459 3952 ot.
479 3914 508 3966 p.
530 3898 580 3950 127
601 3902 659 3951 not.
681 3900 706 3966 1,
725 3915 755 3966 a;
772 3915 801 3967 p.
821 3898 872 3950 128
891 3900 948 3952 not.
969 3898 993 3961 l,
1013 3915 1030 3953 a
1048 3901 1077 3953 ot
1095 3915 1118 3951 e

368 3995 397 4062 4)
415 3993 501 4049 Velut
520 3994 550 4048 in
567 3994 692 4064 generali
715 3994 764 4049 illa
785 3993 821 4049 de
838 3994 1048 4048 Anaximandro
1074 3993 1277 4063 disputatione;
1299 3987 1352 4041 vide

269 4105 354 4160 snpra
378 4107 405 4159 p.
426 4091 479 4143 126
501 4095 559 4144 not.
582 4094 605 4159 l,
630 4073 667 4159 a}
698 4090 727 4143 in
756 4094 904 4144 comment.
929 4090 958 4144 in
982 4083 1100 4145 Aristot.
1121 4089 1203 4159 Phys.
1221 4090 1286 4158 1,4;
1306 4082 1351 4138 vid

269 4203 355 4257 snpra
381 4202 409 4255 p.
429 4187 481 4238 127
501 4189 559 4240 not.
582 4189 606 4255 1,
625 4204 641 4240 a
660 4189 688 4240 et
706 4186 738 4255 b;
769 4186 799 4240 in
827 4191 975 4242 oomment.
998 4187 1028 4241 in
1050 4187 1168 4242 Aristot.
1197 4188 1263 4244 Gen
1287 4185 1351 4240 corr.

270 4281 305 4346 11,
322 4284 353 4352 53
372 4282 437 4366 vide
455 4300 539 4352 supra
559 4300 587 4352 p.
610 4285 660 4336 130
676 4287 735 4336 not.
758 4286 782 4346 1,
801 4283 827 4336 d.
