2860 4906
754 367 807 421 830

328 539 473 605 Alteram
495 537 653 606 rationem
677 538 794 622 repetit
814 535 856 602 ab
877 535 1062 604 Aristotelis
1084 535 1156 602 loeo
1177 535 1212 601 iu
1233 536 1330 620 Phys.

229 646 287 729 ΙΙΙ,
310 649 372 726 5¹).
417 647 488 714 Hoo
519 647 605 714 enirn
626 647 698 712 loeo
721 646 928 712 Aristotelem
951 651 1042 730 putet
1063 643 1179 727 dieere,
1209 646 1330 728 aliquos

230 754 450 839 philosophos,
473 774 609 839 quorum
632 755 761 822 nomine
777 755 846 820 siue
862 753 962 820 dubio
977 754 1218 820 Anaximander
1239 755 1328 820 iutel-

228 866 365 946 legatur,
398 863 592 949 prineipium
623 865 783 930 inlinitum
816 863 937 930 ideireo
970 884 1033 929 uon
1068 863 1100 928 iu
1128 885 1192 930 uuo
1225 864 1331 947 aliquo

231 975 389 1041 elemento
410 972 468 1040 sed
489 976 522 1040 iu
545 995 583 1042 eo
607 995 736 1060 ponere,
759 995 863 1057 equo
886 974 959 1058 ipsa
981 975 1141 1040 elementa
1163 981 1232 1039 orta
1257 974 1326 1044 sint.

229 1083 315 1168 quod
332 1085 467 1167 quaevis
483 1089 598 1152 natura
611 1085 751 1170 propriis
774 1084 980 1169 qualitatibus
994 1083 1170 1166 defiuita²l,
1192 1084 1219 1150 si
1244 1090 1327 1150 esset

229 1192 366 1275 infinita,
393 1193 569 1276 qualitates
602 1197 703 1279 ipsius
731 1193 937 1278 qualitatibus
966 1195 1141 1259 eontrarias
1167 1193 1328 1260 sublatura

228 1307 323 1368 esset.
367 1303 412 1368 At
433 1302 487 1370 hie
501 1303 599 1380 loeus,
621 1322 717 1385 quem
739 1300 1068 1367 adAuaximaudrum
1092 1301 1249 1384 pertinere
1265 1321 1331 1366 oer-

228 1417 296 1476 tum
334 1420 398 1494 est,
437 1413 465 1478 si
503 1420 652 1480 aoourate
685 1411 922 1493 consideratur,
961 1411 1156 1476 senteutiam
1196 1409 1333 1480 eontinet

228 1539 359 1602 prorsus
392 1523 596 1588 eontrarium.
641 1523 768 1587 Etenim
802 1520 994 1587 Aristoteles
1027 1525 1092 1584 toto
1125 1519 1207 1595 loeo,
1240 1516 1327 1582 euius

230 1628 268 1710 is,
291 1628 332 1716 de
354 1649 418 1712 quo
445 1629 562 1714 agitur,
596 1637 753 1714 pareest,
782 1629 818 1696 id
841 1628 920 1714 agit,
954 1634 990 1693 ut
1022 1625 1182 1707 ostendat,
1204 1626 1328 1692 'nullum

228 1757 343 1821 eorpus
378 1759 474 1822 posse
505 1745 579 1805 aeta
602 1738 763 1804 inlinitum
792 1759 882 1820 esse,
915 1738 947 1804 id
970 1738 1056 1821 quod
1092 1737 1170 1802 t'auit
1205 1735 1329 1801 demon·

227 1846 369 1928 strando,
392 1867 519 1930 eorpus,
553 1847 640 1930 quod
668 1848 827 1914 infinitum
859 1849 912 1928 sit,
943 1867 1003 1914 neo
1026 1847 1238 1931 compositum
1261 1862 1330 1910 esse

227 1975 322 2040 posse
345 1977 405 2023 neo
426 1977 524 2023 unum
546 1978 585 2023 ae
608 1959 754 2041 simplex.
799 1959 845 2024 Ao
866 1957 968 2024 nostri
991 1955 1122 2041 quidem
1146 1957 1208 2022 looi
1230 1955 1325 2035 initio,

229 2063 271 2136 ad
305 2064 390 2132 hane
421 2067 633 2150 posteriorem
666 2066 949 2134 demonstrationis
991 2073 1116 2150 partem
1150 2084 1326 2144 eonversus,

228 2175 315 2240 haue
337 2175 429 2258 pouit
450 2174 718 2259 propositionem:
743 2197 821 2255 ,uee
845 2177 944 2243 etiam
960 2195 1076 2260 eorpus
1098 2175 1256 2242 infinitum
1279 2167 1329 2254 (τὸ

227 2271 370 2364 ἔπειρον
391 2285 499 2366 σῶμα)
521 2291 739 2369 potestunum
761 2306 800 2352 ae
822 2285 962 2369 simplex
978 2305 1060 2366 esse,
1083 2291 1181 2368 atque
1202 2282 1324 2368 quidem

228 2412 288 2458 neo
310 2413 349 2460 ee
372 2394 507 2473 ratione,
541 2413 606 2478 qua
628 2393 761 2477 quidam
790 2389 834 2460 τὸ
857 2389 964 2477 παρὰ
998 2394 1044 2458 τὰ
1075 2397 1258 2474 στοιχεῖα
1282 2391 1327 2458 di·

227 2507 303 2568 eunt
325 2523 441 2587 eorpus
463 2504 603 2587 simplex
624 2525 707 2586 esse,
741 2523 802 2571 nee
835 2505 867 2569 iu
895 2504 1080 2570 uuiversum
1110 2505 1177 2570 ulla
1199 2505 1260 2569 alia
1279 2521 1325 2566 ra·
1412 2521 1413 2524 ¹

225 2611 314 2678 tione
338 2610 457 2692 (idest,
479 2613 520 2678 iis
543 2612 733 2688 rationibus,
756 2613 873 2696 quibus
895 2614 1089 2680 elementa
1111 2619 1186 2680 suut
1202 2631 1327 2695 corpora

227 2720 434 2805 simplicia).“
467 2722 571 2805 Patet,
587 2722 795 2790 Aristotelem
812 2722 872 2790 hae
888 2723 1112 2809 propositione
1134 2723 1198 2790 duo
1213 2739 1326 2806 ponere

225 2851 347 2914 genere
369 2829 564 2914 simplicium
589 2852 767 2916 corporum,
799 2851 933 2914 quorum
957 2833 1094 2898 alterum
1117 2831 1160 2898 sit
1173 2826 1219 2898 ,τὸ
1241 2823 1324 2908 παρὰ

225 2936 442 3021 τὰστοιχεῖα,
473 2930 615 3006 alterum
638 2941 763 3024 reliqua
782 2941 944 3025 simplioia
965 2960 1111 3026 eorpora,
1145 2941 1179 3006 id
1199 2947 1247 3015 est
1267 2940 1322 3004 ele·
1411 2931 1412 2956 ¹

226 3055 343 3130 menta,
366 3051 537 3130 contiueat,
560 3070 599 3115 ae
622 3049 828 3131 eouleudere,
851 3069 969 3134 eorpus
998 3050 1084 3132 quod
1107 3049 1265 3116 infinitum
1286 3047 1326 3112 sit

225 3177 285 3221 ueo
308 3155 402 3222 huius
435 3176 495 3223 neo
527 3157 612 3226 illius
634 3157 762 3241 generis
795 3159 920 3223 ratione
954 3179 1050 3241 posse
1087 3160 1226 3243 simplex
1249 3175 1323 3224 esse.
1410 3183 1411 3240 r

225 3263 328 3342 Quam
351 3265 604 3349 propositionem
626 3273 798 3348 autequam
815 3266 1021 3348 demonstret,
1043 3267 1237 3351 nostro-ipso
1258 3267 1321 3332 loeo

225 3373 364 3457 primum
387 3376 544 3441 rationem
567 3375 698 3456 iudieat,
720 3377 762 3443 ob
775 3395 872 3459 quam
896 3374 1028 3460 quidam
1041 3395 1157 3460 eorpus
1173 3376 1321 3442 inlinitum

226 3482 370 3548 dixerint
403 3479 441 3548 sd
474 3471 564 3567 nepti
589 3478 630 3547 roi
663 3488 818 3566 στοιχεῖα,
851 3483 902 3552 his
934 3486 1001 3552 l'ere
1039 3486 1146 3551 verbis
1181 3505 1319 3570 pergens:

227 3588 374 3666 ,Etenim
407 3596 480 3656 sunt
510 3591 654 3673 quidam,
686 3593 762 3675 qui,
796 3612 866 3658 eum
897 3594 1125 3660 elementorum
1160 3595 1321 3678 qualitates

225 3697 309 3764 iuter
331 3719 366 3766 se
389 3701 570 3770 contrariae
594 3702 668 3781 sint,
691 3721 761 3768 eam
785 3701 826 3766 ob
849 3721 998 3768 oaussam
1017 3696 1056 3766 τὸ
1074 3697 1165 3784 παρὰ
1179 3698 1220 3768 τὰ
1240 3723 1320 3768 oror-

192 4107 197 4114 .
328 4052 353 4112 l)
373 4047 466 4102 Zeller
484 4049 554 4103 ibid.
573 4067 600 4118 p.
622 4051 682 4106 191.
700 4051 791 4107 Loeus
815 4054 919 4124 legitur
938 4055 1015 4109 2041>
1029 4054 1077 4122 223
1101 4055 1136 4110 ef.
1155 4071 1238 4123 supra
1254 4049 1315 4116 68,2

225 4149 255 4199 et
273 4145 317 4213 69,
339 4147 361 4198 l.

324 4239 353 4311 2)
372 4239 472 4308 Zeller,
488 4201 561 4296 ibid.
582 4243 677 4311 „jeder
695 4244 848 4302 besondere
868 4245 963 4302 saffi‘·
