2864 4910
653 457 657 473 Ι
739 389 792 441 394

223 556 435 640 scriptoribus
457 556 490 621 in
513 557 562 632 iis,
586 557 641 638 qui
664 556 748 622 hunc
771 557 957 641 opinionem
981 566 1165 640 sequantur,
1194 563 1331 640 praeter

223 665 499 733 Anaximandrum
513 665 713 732 Metrodorus
735 667 835 733 etiam
859 667 960 734 Chius
983 673 1014 733 et
1038 666 1151 732 Crates
1174 666 1331 732 adferun-

223 781 274 838 tur
284 772 319 856 ¹).
363 774 494 841 Adferri
528 777 625 841 etiam
654 783 769 860 potest,
801 777 889 859 quod
910 776 1117 862 Hippolytus,
1150 782 1329 860 postquam

223 881 410 950 breviante
434 884 522 950 illam
543 885 778 952 Anaximandri
802 884 990 970 opinionem
1014 888 1145 968 rettulit,
1174 884 1215 951 de
1237 887 1329 950 Aua-

222 1011 345 1074 xagora
368 993 511 1078 loquens,
535 994 619 1061 lrunc
641 996 761 1062 diserte
786 1004 941 1063 memorat
963 997 1062 1062 solem
1085 1002 1119 1060 et
1139 998 1251 1060 lunam
1275 995 1330 1058 in-

223 1097 286 1164 ira
307 1103 446 1168 stellas
478 1106 699 1171 inerrantes
723 1105 887 1190 ponere¹)‚
922 1111 1093 1188 propterea
1120 1105 1257 1183 seilicet,
1296 1108 1331 1168 ut

223 1229 294 1274 eun
318 1209 378 1276 hae
400 1214 498 1278 raab
520 1214 762 1280 Anaximandro
786 1221 828 1296 et,
850 1224 885 1280 ut
907 1233 967 1297 ego
982 1214 1111 1297 quidem
1131 1215 1259 1298 opinor,
1283 1213 1329 1278 ab

222 1318 430 1404 Anaximene,
455 1321 495 1388 de
519 1342 582 1405 quo
605 1324 751 1406 proxime
774 1323 959 1408 disputavit,
989 1322 1121 1388 differre
1151 1322 1327 1406 significet.

224 1425 289 1492 Sed
311 1431 373 1494 etsi
395 1432 566 1510 nescimus,
588 1435 706 1516 quibus
728 1435 906 1500 rationibus
919 1431 1160 1500 Anaximander
1183 1433 1328 1516 primum

222 1537 265 1602 ad
288 1539 492 1606 statuendam
515 1541 598 1608 hano
623 1543 787 1610 stellarum
815 1543 1061 1628 dispositionem
1091 1541 1247 1608 adductus
1275 1541 1328 1618 sit,

224 1724 422 1737 ¹·———-—---

226 1878 291 1928 que
309 1863 497 1931 proximam
516 1870 625 1934 putare.
656 1866 764 1935 Reliqui
779 1866 891 1934 quidem
902 1865 1075 1920 Placitorum
1093 1865 1243 1932 scriptores
1255 1861 1327 1914 Par·

224 1958 362 2014 menidam
381 1961 525 2016 omittunt.
561 1963 688 2032 Namque
707 1962 754 2018 ille
773 1962 886 2018 Stobaei
906 1962 982 2016 locus
1000 1960 1077 2030 apud
1094 1960 1169 2014 Plut.
1189 1959 1265 2012 Plae.
1288 1958 1327 2024 ll,

228 2055 257 2105 ll
279 2060 308 2108 ct
327 2055 422 2110 Galen.
441 2058 513 2112 Hist.
532 2059 604 2113 Phil.
621 2078 643 2114 c.
667 2061 698 2112 12
720 2060 760 2115 sio
778 2061 896 2130 legitur:
920 2054 1119 2128 ,,Ἀντιξτμε’νης
1141 2054 1191 2121 τὴν
1209 2074 1327 2124 περτφο·

225 2147 277 2218 (τάν
295 2149 343 2218 τὴν
363 2149 483 2213 ἐξωτάτω
501 2155 617 2224 ypl'tmr',
638 2157 713 2226 apud
731 2157 832 2211 Enseu
852 2156 951 2225 Praep.
972 2154 1022 2207 Ev.
1036 2154 1096 2222 XV,
1109 2155 1144 2206 42
1163 2152 1325 2208 hoenrodo:

227 2241 425 2318 ,Ervaspop
443 2247 492 2317 τὴν
511 2249 666 2322 περιφοράν
685 2253 730 2318 τῆς
748 2253 851 2311 ἔξωθεν
869 2252 943 2322 (ἔξω)
963 2247 1047 2316 ζώνης
1065 2251 1155 2304 εἶναιῆ·
1194 2249 1248 2304 Sed
1257 2247 1326 2302 Par·

225 2345 342 2398 menidis
361 2362 462 2401 nomen
480 2349 568 2402 multo
586 2348 704 2418 facilins,
725 2351 748 2403 si
766 2350 931 2404 insontibus
950 2351 1086 2420 scriptum
1105 2353 1175 2415 erat,
1194 2347 1230 2402 ab
1249 2346 1325 2400 hisee

225 2440 409 2509 scriptoribus
427 2445 530 2513 omitti,
555 2463 648 2515 quam,
672 2447 695 2501 si
714 2447 743 2501 in
765 2447 822 2502 illis
841 2465 897 2502 non
916 2452 977 2503 erat
995 2448 1140 2516 seriptum,
1168 2463 1186 2499 a
1205 2443 1326 2499 Stobaeo

225 2537 290 2591 addi
308 2544 428 2608 poterat·
469 2541 617 2597 Praeterea
644 2547 738 2598 autem
756 2545 938 2598 Anaximenis
962 2543 1103 2598 sententia
1119 2544 1180 2612 ipse
1198 2540 1325 2596 infinitus

225 2652 273 2690 aer
290 2637 424 2692 mundum
443 2639 478 2694 ab
497 2639 625 2694 omnibus
644 2640 772 2710 partibus
792 2642 981 2711 amplectitur,
999 2641 1041 2696 ita
1058 2646 1091 2694 ut
1103 2640 1224 2710 sphaera
1235 2638 1326 2692 solida

224 2732 317 2786 omnia
335 2733 459 2804 cingenti
477 2751 533 2788 non
551 2735 679 2791 videatur
709 2753 777 2805 opus
795 2754 861 2792 esse.
900 2737 959 2792 lam
978 2753 1045 2790 vero
1064 2735 1088 2788 si
1107 2735 1253 2802 sumimus,
1273 2734 1325 2787 illo

225 2827 337 2883 Stobaei
357 2828 417 2884 loco
437 2833 513 2884 reete
531 2829 699 2884 Anaximeni
726 2831 842 2885 eandem
864 2835 956 2908 atque.
970 2829 1132 2884 Parmenidi
1156 2828 1326 2882 sententiam

229 2926 325 2980 tribui.
346 2926 432 2980 verba
450 2925 622 2998 ιττερτφωράι·
641 2924 689 2993 τὴν
707 2922 859 2986 ἐξωτάτω
878 2927 923 2992 τῆς
942 2923 1005 2997 γῆς’
1035 2944 1092 2980 non
1119 2930 1237 2994 possunt
1258 2942 1327 2979 vere

225 3041 291 3077 osse.
328 3023 443 3077 Emira
465 3028 557 3078 autem
583 3024 727 3091 varietate,
754 3041 809 3092 qua
832 3024 900 3078 haee
925 3024 1081 3078 sententiae
1108 3041 1173 3092 pars
1197 3041 1214 3076 a
1237 3021 1326 3076 Placi-

225 3126 320 3176 torum
346 3120 529 3189 scriptoribus
548 3121 694 3189 traditur,
722 3121 910 3191 colligendum
929 3126 979 3182 est,
1004 3120 1060 3175 iam
1079 3120 1109 3172 in
1131 3137 1228 3174 eornm
1247 3119 1327 3173 fonte

225 3215 373 3269 lectionem
400 3216 486 3270 fuisse
513 3217 664 3271 turbatam.
706 3216 799 3284 Quare
827 3234 841 3270 e
868 3216 985 3270 diversis
1015 3215 1183 3270 lectionibus
1211 3232 1244 3269 sa
1271 3214 1327 3268 erit

225 3312 362 3381 eligenda,
389 3330 461 3382 qnae
489 3331 552 3367 eum
571 3293 746 3367 Parmenidis
768 3313 905 3382 doctrina,
930 3313 1036 3382 quippe
1063 3329 1135 3381 quae
1163 3312 1217 3366 hae
1243 3316 1327 3379 parte

225 3410 338 3463 ornnino
356 3413 424 3462 nota
441 3409 487 3477 sit,
505 3409 625 3463 maxime
635 3409 792 3464 consentire
802 3409 939 3464 videatur.
970 3412 1040 3463 Cum
1058 3409 1112 3463 hac
1124 3412 1219 3462 autem
1233 3407 1327 3460 minus

226 3506 312 3560 ctiam
340 3506 478 3561 consentit
502 3503 572 3560 illud
598 3505 744 3560 Plutarchi
769 3509 798 3560 et
817 3505 914 3560 Galeni
936 3500 1110 3576 (περιφορὰν
1131 3501 1181 3570 τὴν
1204 3497 1327 3564 ἐξωτάτω

225 3598 370 3671 ypt'rov',
400 3602 533 3671 quoniam
552 3601 726 3656 Parmenidis
744 3602 852 3657 coelum
880 3601 921 3670 (τὸ
941 3602 1076 3671 πυρῶδες)
1105 3619 1162 3656 uon
1181 3605 1248 3670 apte
1270 3601 1327 3656 dici

225 3705 319 3768 potest
336 3695 466 3769 “γη·ι”τον’.
487 3699 573 3754 Plane
589 3705 757 3755 autemeam
771 3718 804 3754 ea
817 3700 964 3764 consentit,
983 3700 1007 3753 si
1026 3700 1055 3752 in
1065 3698 1179 3753 Stobaei
1198 3699 1261 3752 loco
1273 3715 1327 3768 pro

224 3791 371 3856 ‘literato‘
393 3815 427 3852 ex
445 3797 566 3852 Eusebio
583 3797 713 3866 ponimus
730 3793 870 3865 (ἕξωθεά,
891 3802 1037 3866 totumque
1055 3797 1148 3850 locum
1167 3795 1208 3850 sie
1225 3796 1324 3850 scribi·

225 3911 299 3947 mus:
317 3890 381 3959 ‘ripn
401 3892 555 3963 περτφορὰυ
572 3892 619 3960 rip·
638 3896 741 3954 ἔξωθεν
760 3896 804 3960 τῆς
821 3892 893 3964 γῆς’,
931 3895 974 3949 Ita
986 3894 1179 3964 igiturlocum
1192 3893 1324 3948 existimo

226 3989 401 4045 scribendum
419 4009 486 4045 esse.

328 4087 353 4153 l)
371 4085 433 4142 Vid.
452 4105 537 4158 supra
555 4105 581 4157 p.
601 4087 655 4142 393
673 4092 731 4142 not.
753 4091 776 4141 1.

325 4185 354 4253 2)
376 4183 487 4254 Hippot.
506 4185 614 4242 Resutt.
635 4185 657 4255 I,
675 4186 704 4241 8:
726 4185 810 4256 „staur
830 4185 856 4238 δ’
878 4178 1037 4240 ὑποκάτω
1056 4183 1110 4238 τῶν
1122 4177 1230 4254 ἄστρων
1247 4175 1327 4248 ἥλιον

225 4285 272 4339 καὶ
288 4276 428 4352 σελήνην“.
