2862 4910
753 395 807 452 288

228 567 496 652 quemadmodum
518 568 573 634 ille
595 575 698 652 putat,
726 571 839 634 mixtio
867 577 953 636 esset
986 593 1004 638 e
1035 573 1204 640 contrariis
1226 595 1341 641 rerum

227 679 396 743 elementis
420 680 613 761 composita;
645 699 717 743 cum
747 684 854 744 autem
892 679 1130 747 ostenderimus
1164 704 1229 749 non
1253 687 1343 748 mix·

226 789 345 852 tionem
368 787 426 853 sed
450 788 663 853 substantiam
688 788 868 872 simplicem
891 809 974 867 esse,
999 791 1057 856 illa
1079 795 1188 876 opinio
1202 795 1342 859 omnino

226 897 309 961 falsa
320 902 386 971 est;
409 897 499 961 cuins
511 894 559 962 rei
570 897 830 981 explicationem,
854 897 1006 980 quoniam
1029 899 1072 964 ad
1093 900 1342 984 aliamquoque

227 1005 322 1072 huius
345 1005 574 1090 disputationis
605 1007 709 1074 locum
737 1008 888 1091 pertinet,
922 1008 1000 1074 illuc
1027 1009 1188 1088 reicimns,
1220 1031 1262 1075 ne
1289 1011 1341 1076 bis

227 1115 313 1180 idem
347 1114 519 1182 dicendum
556 1115 607 1180 sit.
664 1115 813 1182 Ceterum
848 1118 882 1182 in
913 1122 981 1183 tota
1016 1117 1076 1184 hac
1109 1118 1340 1204 disputatione

227 1245 323 1290 unam
339 1245 406 1290 rem
420 1244 551 1308 prorsus
564 1226 778 1309 negleximus,
801 1247 874 1293 eam
888 1228 971 1306 dico,
994 1228 1081 1311 quod
1091 1229 1340 1295 Anaximander

227 1334 425 1419 principium
447 1337 559 1400 statuit
581 1335 780 1401 infinitum
807 1356 888 1419 esse,
924 1358 963 1403 ac
994 1344 1168 1421 propterea
1199 1339 1339 1421 quidem

226 1444 437 1527 negleximus,
471 1443 557 1526 quod
580 1443 856 1511 'leichmucllerns
888 1465 1001 1511 revera
1029 1445 1191 1513 inlinitum
1222 1450 1338 1531 putari

227 1561 333 1636 negat.
377 1553 463 1632 Quid
496 1553 537 1620 de
570 1553 632 1620 hac
655 1552 906 1620 Teichmuelleri
935 1556 1088 1638 opinione
1120 1556 1336 1623 iudicandum

225 1666 274 1740 sit,
298 1662 451 1746 quidque,
484 1665 511 1729 si
534 1682 604 1728 eam
627 1665 872 1746 cognoverimus
903 1664 1017 1729 falsam
1042 1683 1124 1746 esse,
1158 1665 1199 1731 de
1230 1687 1336 1748 quae-

224 1775 327 1839 stione
351 1770 519 1856 proposita
541 1776 702 1852 sequatur,
725 1771 848 1854 pariter
863 1773 894 1837 in
913 1775 1090 1856 posteriore
1106 1772 1203 1840 huius
1218 1774 1336 1859 dispu-

223 1882 356 1948 tationis
382 1887 474 1967 parte
497 1881 714 1947 ostendemus.

325 1993 394 2058 Iam
415 1995 448 2057 in
471 1993 700 2058 dissertatione
733 1991 773 2057 de
797 1993 998 2058 Anaximene
1033 1999 1065 2058 et
1096 1996 1128 2059 in
1152 1996 1256 2060 altera
1291 1994 1334 2058 de

225 2102 466 2169 Anaximandro
499 2101 726 2168 dissertatione
755 2083 925 2168 nonnullos
948 2103 1132 2168 Aristotelis
1160 2106 1246 2170 locos
1272 2104 1333 2169 ad-

225 2215 297 2296 fert,
330 2215 448 2296 quibns
478 2233 568 2278 suam
604 2214 796 2278 seutentiam
829 2217 920 2297 putat
951 2211 1075 2278 directo
1106 2213 1243 2297 probari.
1293 2213 1334 2276 ln

224 2323 452 2390 dissertatione
478 2322 519 2388 de
541 2321 743 2388 Anaximene
751 2323 775 2400 ¹)
810 2321 851 2387 ad
884 2323 988 2386 locum
1011 2327 1166 2408 provocat
1196 2322 1335 2387 alterius

224 2432 300 2498 libri
322 2432 363 2498 de
386 2431 528 2513 Coelo¹)‚
556 2451 619 2514 quo
638 2431 830 2497 Aristoteles
859 2431 915 2512 ait,
946 2451 1074 2513 omnes,
1098 2434 1154 2514 qui
1175 2430 1334 2496 mundum

225 2547 389 2626 generent,
412 2561 570 2618 caussam,
592 2561 649 2608 cnr
670 2546 757 2607 terra
778 2541 920 2606 medium
942 2540 1053 2607 mnndi
1065 2542 1171 2606 locum
1183 2547 1332 2623 occupet,

224 2651 258 2716 in
269 2652 420 2716 vortice
437 2671 557 2734 ponere
573 2652 739 2716 materiam
754 2650 1000 2733 circumagenti3
1024 2668 1088 2732 quo
1099 2649 1231 2732 quidem
1242 2650 1332 2727 loco,

225 2779 320 2843 quem
342 2767 428 2826 recte
442 2759 607 2826 contendit
627 2759 671 2825 ad
682 2759 959 2825 Anaximandrum
976 2778 1103 2841 qnoque
1121 2759 1332 2842 pertineres),

223 2870 389 2935 existimat
412 2875 523 2953 aperte
540 2870 751 2953 pronuntiari,
770 2875 936 2935 aeternum
951 2867 1186 2933 Anaximandri
1205 2873 1332 2932 motum

222 2978 301 3043 nihil
324 2978 415 3044 alind
434 2997 506 3044 esse
525 2977 587 3043 nisi
602 2979 789 3042 vorticem
809 2979 895 3043 sive
917 2983 1054 3043 motum
1078 2977 1329 3058 circularem,

222 3106 285 3170 quo
307 3086 446 3152 mundus
473 3086 643 3152 universus
677 3086 798 3151 circum
827 3106 922 3151 axem
944 3087 1074 3151 teratur.
1118 3085 1161 3149 At
1191 3105 1233 3150 ex
1263 3083 1331 3150 hoc

222 3197 293 3262 loco
324 3198 467 3280 sequitur
501 3195 640 3278 quidem,
676 3201 711 3260 ut
744 3195 986 3260 Anaximander
1016 3196 1051 3260 in
1082 3193 1180 3260 huius
1214 3194 1331 3260 mundi

222 3305 433 3389 generatione
456 3323 532 3370 usus
547 3307 644 3370 etiam
659 3305 702 3370 sit
712 3306 842 3387 vortice,
865 3323 925 3370 noo
940 3322 1016 3369 vero
1027 3308 1063 3368 ut
1073 3303 1158 3369 huuc
1167 3305 1332 3369 vorticem

322 3634 350 3704 1)
369 3633 441 3687 Ibid.
460 3649 487 3702 p.
508 3633 551 3687 83.

324 3733 351 3798 2)
370 3731 489 3784 Aristot.
510 3730 582 3784 Coel.
602 3729 638 3798 Il,
667 3730 708 3797 13,
726 3729 800 3783 295·
813 3729 842 3783 9:
869 3733 911 3798 ,al
932 3724 978 3800 βιᾴ
1001 3729 1051 3784 νῦν
1071 3728 1088 3796 ἡ
1111 3731 1148 3800 γῆ
1165 3735 1256 3801 μένει,
1281 3736 1329 3784 καὶ

221 3829 356 3896 συνῆλθεν
375 3828 422 3881 ἐπὶ
439 3824 470 3880 τὸ
490 3831 581 3898 μέσον
598 3830 741 3898 φερομένη
761 3823 807 3878 διὰ
829 3829 880 3892 τὴν
903 3827 1054 3892 δίνησιν·
1077 3821 1176 3892 ταύτην
1203 3825 1259 3899 γὰρ
1277 3827 1328 3895 τὴν

219 3929 309 3979 αἰτίαν
327 3919 449 3984 πάντες
468 3927 595 3995 λέγουσιν
613 3925 644 3977 ἐκ
662 3925 717 3979 τῶν
736 3925 766 3977 ἰν
784 3929 840 3982 τοῖς
859 3921 951 3994 ὑγροῖς
963 3927 1008 3976 καὶ
1022 3926 1084 3992 περὶ
1102 3920 1152 3977 τὸν
1167 3919 1236 3994 ἀέρα
1257 3941 1327 3994 unp·

219 4016 371 4089 βαινόντων
388 4062 394 4073 .
414 4061 420 4075 .
441 4063 446 4074 .
467 4018 510 4074 διὸ
530 4017 744 4090 δὴκαὶτὴνγῆν
762 4015 894 4080 πάντες,
913 4015 989 4072 ὅσοι
1007 4018 1067 4073 τὸν
1085 4015 1233 4088 οὐρανὸν
1250 4037 1326 4088 γεν-

220 4119 313 4182 νῶσιν,
333 4118 379 4171 ἐπὶ
397 4114 427 4169 τὸ
446 4121 538 4188 μέσον
556 4120 701 4171 συνελθεῖν
721 4114 835 4188 φασίν.“

319 4212 348 4282 3)
367 4212 412 4266 Ab
429 4213 584 4268 Aristotele
602 4213 655 4268 hoc
678 4214 740 4267 loeo
759 4211 1000 4268 Anaximandrum
1019 4212 1110 4266 etiam
1129 4212 1266 4283 intellegi,
1293 4214 1325 4266 in

219 4309 275 4364 alia
293 4309 492 4377 disputationis
511 4313 592 4378 parte
610 4309 780 4363 ostendetur.
