2882 4902
801 387 838 442 dd

271 563 432 648 principio
454 570 567 640 ortum,
601 562 784 628 necessario
805 563 912 644 ipsum
934 562 1128 647 principium
1148 584 1233 645 esse3
1268 565 1366 629 altera

271 674 453 758 exponitur,
475 673 592 758 quibus
614 673 793 739 rationibus
815 673 935 757 opinio,
958 693 1030 740 esse
1052 673 1177 757 aliquid
1202 681 1278 741 netu
1301 671 1364 738 infi-

271 784 382 862 nitum,
408 785 537 850 nitatur.
580 785 674 850 Hune
695 784 794 868 igitur
820 784 924 849 locum
951 784 980 850 si
1009 784 1182 868 diligenter
1204 784 1366 850 examine-

271 894 365 976 veris,
403 893 542 978 primum
575 894 732 978 reperies,
762 892 938 959 sententias
973 893 1020 960 ibi
1047 894 1205 978 prolutas,
1239 893 1365 960 etiamsi

271 1003 460 1069 Aristoteles
476 1011 638 1086 tamquam
653 1023 729 1069 suas
744 1005 894 1088 proferat,
916 1010 1023 1068 tamen
1045 1023 1108 1069 non
1128 1004 1232 1089 ipsius
1246 1005 1365 1070 Aristo·

270 1115 345 1181 telis
368 1114 426 1180 sed
447 1115 583 1180 aliorum
604 1114 868 1199 philosophorum
895 1133 981 1196 esse,
1009 1114 1065 1196 qui
1093 1120 1169 1181 ante
1197 1115 1306 1199 ipsum
1329 1114 1365 1179 de

271 1225 389 1291 infiniti
403 1224 534 1290 notione
553 1223 799 1308 disputaverint.
834 1223 991 1305 Namque,
1013 1229 1049 1288 ut
1065 1223 1203 1306 primum
1220 1223 1365 1289 universe

271 1335 312 1401 de
329 1336 427 1400 totius
443 1334 506 1400 looi
524 1333 660 1400 oonsilio
676 1333 798 1417 loquar,
821 1334 893 1417 ipso
908 1331 1002 1397 initio
1014 1332 1205 1399 Aristoteles
1228 1352 1364 1411 omnes,

271 1446 336 1528 qui
359 1445 564 1510 infinitum
585 1443 738 1526 aliquid
764 1450 923 1528 ponant,
947 1442 1022 1508 huie
1048 1441 1201 1527 prineipii
1223 1443 1290 1507 vim
1315 1442 1364 1506 tri·

272 1555 368 1621 buere
397 1554 563 1621 contendit
572 1554 611 1634 1);
645 1553 762 1636 quibus
790 1553 922 1636 quidem
948 1552 1056 1619 verbis
1083 1557 1210 1637 aperte,
1241 1571 1276 1617 se
1305 1569 1363 1616 non

271 1684 361 1730 suem
383 1664 442 1730 sed
464 1664 601 1729 aliorum
622 1664 814 1750 sententiam
841 1682 1034 1748 proponere,
1067 1660 1200 1726 indioat.
1244 1659 1362 1739 Quodsi

270 1782 376 1840 autem
400 1775 480 1840 haee
500 1781 550 1840 est
562 1774 723 1839 sententie
736 1774 882 1856 aliorum,
904 1780 1036 1857 propter
1045 1771 1150 1856 ipsam
1162 1770 1363 1856 cogitationis

271 1885 544 1950 continuationem
572 1891 821 1950 consentaneum
849 1890 907 1967 est,
935 1901 993 1948 eas
1014 1881 1128 1964 etiam,
1155 1900 1239 1963 qnae
1261 1882 1295 1946 in
1317 1899 1361 1946 se·

271 1993 443 2076 quentibus
464 1993 560 2060 huius
582 1993 761 2059 sententiae
782 1992 973 2058 adferuntur
992 1992 1148 2072 rationes,
1178 2009 1243 2056 non
1265 1989 1361 2076 ipsius

270 2103 455 2170 Aristotelis
476 2103 533 2169 sed
557 2124 666 2170 eorum
681 2124 763 2186 esse,
786 2103 842 2186 qui
857 2102 940 2168 hane
955 2104 1059 2188 ipsam
1081 2101 1272 2168 sententiam
1293 2120 1362 2187 pro·

271 2214 445 2297 posuerint.
479 2212 585 2290 Quare
600 2214 661 2279 etsi
673 2212 863 2279 Aristoteles
879 2212 938 2278 has
960 2212 1102 2277 rationes
1113 2217 1275 2293 tamquam
1291 2227 1361 2276 suas

270 2323 437 2406 proponit,
466 2331 574 2390 tamen
599 2324 669 2390 iure
698 2343 754 2388 eas
779 2321 908 2403 putabis
934 2321 975 2387 ab
1003 2321 1070 2387 illis
1100 2340 1172 2386 esse
1194 2319 1360 2398 adhibitas,

270 2453 464 2516 quamquam
486 2432 624 2499 fortasse
646 2431 805 2516 quaedam
831 2431 965 2513 adiecit,
993 2430 1109 2514 quibus
1135 2430 1286 2496 olariores
1315 2427 1361 2492 fa·

271 2548 366 2609 aeret.
409 2543 552 2608 Plurima
566 2563 642 2609 vero
664 2542 809 2608 eiusdem
829 2541 877 2606 rei
898 2561 1000 2624 eaque
1020 2540 1201 2607 certissima
1223 2539 1359 2606 invenies

269 2650 401 2734 indieia,
423 2652 452 2717 si
473 2652 602 2736 singula
623 2671 767 2736 quaeque
789 2651 971 2717 aoouratius
992 2650 1239 2718 examinaveris.

369 2760 475 2844 Atque
502 2762 641 2845 primum
668 2760 797 2844 quidem
826 2761 941 2838 verba,
966 2761 1082 2844 quibus
1105 2760 1271 2846 protatur,
1294 2757 1358 2824 inli-

269 2871 372 2937 nitum
391 2890 454 2937 non
470 2889 565 2952 posse
580 2889 651 2937 esse
672 2870 737 2936 nisi
758 2870 969 2954 principium:
990 2863 1139 2953 „douvra
1159 2863 1219 2953 γὰρ
1242 2859 1320 2954 ἀρχὴ
1341 2858 1359 2948 ἢ

269 2979 305 3061 ἐξ
325 2971 433 3067 ἀρχῆς,
456 2982 516 3044 τοῦ
538 2979 707 3062 δ’ἀπείρου
731 2971 790 3043 οὐκ
813 2975 903 3044 ἔστιν
924 2969 1016 3067 α’ρχὴ,
1046 2972 1097 3064 εἴη
1119 2973 1178 3062 γὰρ
1200 2971 1241 3042 dv
1262 2969 1359 3041 αὐτοῦ

269 3087 437 3173 πέρας”)“,
459 3088 624 3156 fallaciam
646 3109 728 3172 quae
744 3088 863 3155 dieitur
885 3088 1109 3173 homonymiae
1131 3088 1359 3156 videnturoon·

268 3201 380 3265 tinere.
423 3199 571 3282 Namque
593 3201 628 3264 in
649 3199 884 3283 propositione:
916 3197 1095 3283 „quidquid
1117 3207 1175 3282 est,
1203 3205 1259 3264 aut
1279 3197 1359 3282 prin·

270 3309 390 3394 eipium
412 3315 462 3375 est
484 3315 540 3374 aut
562 3328 602 3373 ex
624 3305 785 3390 principio
808 3305 940 3385 ortum“,
964 3327 1026 3371 vox
1046 3301 1126 3391 ἀρχὴ
1141 3301 1358 3392 (principium)

270 3427 379 3504 aperte
400 3437 529 3484 caussae
550 3416 785 3501 significatione
808 3413 956 3480 adhibita
983 3422 1046 3498 est3
1082 3417 1116 3482 in
1140 3415 1359 3502 adsumptione

268 3550 359 3596 vero:
382 3535 436 3608 „at
458 3526 576 3592 infiniti
598 3545 662 3591 non
685 3533 735 3591 est
756 3525 982 3610 prineipium“,
1005 3516 1086 3611 ἀρχὴ
1113 3525 1184 3592 sine
1205 3525 1303 3591 dubio
1324 3522 1359 3588 de

269 3636 500 3721 mapuitadiois
513 3636 606 3701 initio
621 3635 829 3720 intellegitur,
853 3635 887 3700 id
900 3635 985 3719 quod
1003 3636 1083 3702 satis
1097 3641 1186 3716 patet
1201 3655 1242 3700 ex
1255 3633 1359 3700 addita

269 3746 449 3814 contrariae
465 3745 628 3830 opinionis
645 3747 887 3828 consequentia:
907 3738 979 3830 „ei'q
991 3742 1048 3829 γὰρ
1061 3738 1100 3808 ἂν
1109 3735 1213 3809 αὐτοῦ
1233 3743 1357 3827 ns'pug‘t

269 3856 430 3941 siquidem
452 3854 555 3938 πέρας
578 3856 708 3941 proprie
726 3854 958 3940 magnitudinis
973 3853 1144 3922 terminum
1160 3854 1358 3940 signifieat³l

369 4008 396 4077 1)
414 4006 445 4062 L.
465 4007 482 4060 l.
502 4007 571 4062 2031>
585 4009 617 4062 42
636 4003 770 4078 υεὐλόγως
791 4007 822 4061 dd
842 4011 887 4062 καὶ
905 4005 994 4080 ἀρχὴν
1009 4003 1094 4076 αὐτὴν
1113 4012 1219 4062 τιθέασι
1241 4003 1358 4065 πάντες“.

369 4104 397 4175 a)
416 4103 487 4159 mro.
506 4103 555 4171 111,
568 4105 593 4159 4.
613 4103 681 4159 noar
696 4105 720 4158 o.

371 4200 399 4271 3)
418 4200 499 4255 Teste
525 4199 665 4270 Simplicio
691 4205 797 4256 veteres
815 4218 923 4270 quoque
942 4202 1103 4256 Aristotelia
1121 4203 1290 4272 interpretes
1315 4200 1360 4253 lroe

268 4298 329 4353 loeo
348 4299 565 4369 paralogismum
585 4303 758 4369 agnoverunt
786 4305 815 4352 et
840 4298 974 4368 suspicati
998 4301 1077 4368 sunt,
1105 4296 1287 4354 Aristotelem
1314 4297 1359 4352 hoe
