2860 4906
639 375 692 432 aot

117 544 232 611 lusum
254 567 326 613 esse
342 549 513 631 putaverit,
544 555 641 631 atque
674 547 747 614 tali
779 547 939 631 quidem
960 549 1059 614 lueis
1081 548 1226 631 speeie,

117 673 222 736 quae
238 657 342 722 inter
356 663 613 724 oooaeoantes
636 659 839 724 stellarum
853 658 1031 722 flammas
1049 663 1085 722 et
1100 657 1225 722 noetis

117 766 337 848 ealiginem
361 766 486 833 media
508 773 626 834 esset.
665 767 746 833 llum
769 764 1048 850 autemprinoipio
1063 765 1224 848 quandam

117 875 206 940 lueis
228 876 293 940 vim
317 876 479 955 tribuisse,
505 878 601 942 etiam
625 875 749 942 duabus
772 876 847 942 aliis
869 875 1045 941 rationibus
1058 873 1226 958 probabile

116 983 166 1062 fit,
190 985 326 1068 primum
350 1006 399 1068 eo,
422 985 510 1069 quod
531 1005 571 1050 ea
593 991 643 1051 est
665 985 823 1051 humanae
846 985 961 1049 mentis
982 990 1109 1065 natura,
1131 989 1176 1060 ut,
1199 985 1226 1048 si

117 1112 220 1176 quam
243 1113 310 1159 rem
333 1095 528 1178 cogitatione
550 1093 711 1170 informet,
735 1113 807 1159 eam
830 1094 888 1158 tali
904 1094 1106 1178 potissimum
1128 1092 1225 1157 infor-

117 1223 212 1270 mare
234 1206 337 1270 soleat
358 1207 479 1289 speeie,
498 1223 581 1288 quae
612 1207 775 1270 oculorum
805 1204 1069 1288 perceptionibus
1095 1223 1225 1287 respon-

117 1309 214 1384 deat;
245 1309 362 1376 deinde
384 1329 433 1394 eo,
463 1312 551 1394 qnod
574 1313 630 1378 lux
656 1318 688 1378 et
710 1333 769 1406 sua
799 1313 901 1397 ipsius
923 1318 1038 1378 natura
1071 1318 1103 1378 et
1126 1309 1224 1377 Grae-

117 1439 232 1484 oorum
254 1421 408 1504 opinione
431 1421 572 1487 omnium
593 1423 733 1488 maxime
753 1421 882 1488 videtur
902 1422 970 1486 vim
983 1421 1129 1487 divinam
1151 1440 1223 1486 oon·

116 1530 233 1610 tinere,
266 1548 403 1612 eamque
433 1531 475 1596 ob
497 1549 645 1598 caussam
668 1531 836 1615 probabile
858 1539 917 1610 est,
948 1530 1224 1597 Anaximandrum

118 1660 193 1705 eam
216 1645 371 1716 naturam,
396 1661 492 1724 quam
514 1643 611 1708 vellet
634 1641 737 1725 ipsum
760 1662 877 1708 numen
899 1641 1041 1707 divinum
1065 1661 1146 1717 esse,
1169 1660 1224 1725 po·

118 1749 186 1814 tius
210 1752 342 1833 propria
362 1749 502 1833 quadam
524 1753 596 1818 lnee
623 1752 787 1835 perfusam
809 1771 906 1834 qnam
927 1757 1059 1818 aeterna
1083 1750 1224 1834 ealigine

119 1858 299 1924 involutam
321 1859 497 1942 putavisse,
520 1862 708 1944 praesertim
730 1880 802 1926 eum
815 1861 928 1926 stellas
950 1861 1047 1926 etiam
1064 1861 1224 1944 putaverit

118 1965 200 2032 deos
223 1985 295 2033 esse
305 1965 339 2049 ¹).

221 2074 340 2142 Verum
367 2076 455 2144 hisee
483 2077 632 2143 omnibns
656 2077 777 2160 aliquis
802 2077 885 2144 forte
906 2077 1069 2156 obiecerit,
1103 2079 1224 2143 Anaxi·

121 2184 293 2251 mandram
314 2187 444 2252 omnino
466 2207 529 2254 non
562 2186 668 2252 videri
702 2187 743 2253 de
772 2185 926 2272 principii*
945 2188 1156 2270 qualitatibus
1178 2187 1223 2252 di-

120 2296 219 2376 xisse,
256 2313 295 2360 ea
317 2301 410 2361 utens
437 2296 571 2379 ratione,
604 2295 690 2378 quod
716 2295 757 2362 de
781 2296 841 2362 hae
860 2316 895 2361 re
917 2317 936 2361 a
959 2297 1120 2362 veteribus
1142 2295 1222 2361 nibil

120 2403 279 2468 tradatur.
324 2403 367 2469 At
385 2406 533 2486 quamvis
556 2425 576 2470 a
596 2404 770 2486 veteribus,
794 2411 828 2470 ut
850 2405 914 2486 ipsi
936 2410 1010 2471 ante
1032 2405 1220 2484 monuimus,

119 2531 183 2577 non
204 2513 307 2596 ipsae,
330 2532 413 2595 quae
427 2514 509 2580 forte
521 2515 562 2580 ab
574 2513 814 2579 Anaximandro
828 2513 985 2597 prinoipio
998 2514 1135 2580 tributae
1148 2515 1222 2593 sint,

118 2621 297 2703 qualitates
325 2622 515 2707 referantur,
536 2630 644 2690 tamen
671 2643 689 2688 e
712 2624 876 2689 nonnullis
899 2643 1008 2689 eorum
1030 2624 1222 2689 testimoniis

119 2735 207 2796 oerto
231 2732 446 2815 eognoseitur,
480 2752 551 2798 eum
587 2733 628 2799 de
661 2732 711 2798 his
745 2731 957 2815 qualitatibus
976 2733 1117 2798 loeutum
1140 2751 1221 2798 esse.

119 2839 264 2906 Primum
287 2840 372 2904 enim
397 2841 589 2909 Aristoteles
611 2841 889 2908 Anaximandrum
911 2841 1010 2908 refert
1031 2841 1223 2924 principium

116 2942 230 3030 ‘uduo
251 2944 424 3032 uiolanda?
449 2949 601 3031 dieerell,
636 2950 671 3016 id
693 2950 788 3033 quod,
823 2957 978 3034 quantum
1005 2950 1047 3018 ad
1078 2957 1221 3016 nostram

118 3056 341 3141 quaestionem
367 3061 490 3142 attinet,
514 3059 684 3144 duplioiter
707 3059 851 3143 intellegi
873 3068 989 3146 potest,
1012 3060 1150 3144 primum
1167 3060 1222 3143 ita,

118 3175 153 3234 ut
176 3168 420 3235 Anaximander
440 3169 635 3253 principium
658 3169 728 3252 ipso
750 3169 849 3236 verbo
869 3162 1061 3252 ‘uiudpadv‘
1091 3169 1221 3250 dixerit,

119 3277 262 3362 ipsarum
292 3280 477 3360 qualitatem
502 3279 670 3346 sensilium
693 3279 919 3362 designatione
947 3280 1075 3356 omissa,
1103 3277 1222 3343 deinde

119 3387 176 3469 ita,
191 3393 227 3452 ut
249 3389 384 3454 sensiles
406 3388 561 3471 quasdam
583 3388 654 3455 eius
677 3381 849 3472 qualitates
872 3388 1073 3470 indioaverit,
1102 3387 1221 3470 quibus

119 3504 206 3563 esset
228 3489 398 3580 αἰσθητόν,
422 3499 489 3563 sive
513 3498 573 3564 hoo
598 3500 668 3581 ipso
686 3497 845 3564 vocabulo
867 3516 944 3563 usus
967 3496 1036 3563 sive
1058 3516 1122 3561 non
1144 3516 1220 3562 usus

120 3612 178 3670 est.
224 3604 290 3671 Sed
313 3608 398 3690 prior
419 3607 475 3672 illa
485 3607 661 3690 explicatio
685 3607 815 3673 omnino
827 3605 1046 3691 improbabilis
1069 3610 1127 3686 est,
1151 3625 1221 3689 pro-

119 3722 240 3799 pterea,
263 3713 349 3797 quod
369 3734 433 3780 non
470 3714 624 3782 eredibile
647 3723 705 3798 est,
737 3735 810 3781 eum
844 3715 1037 3798 prinoipium
1060 3714 1219 3780 dicturum

119 3825 218 3890 luisse
239 3815 409 3908 αἰσθητόν,
442 3824 507 3889 nisi·
537 3824 671 3890 sensiles
695 3823 852 3907 quasdam
884 3823 955 3890 eina
988 3824 1159 3906 qualitates
1188 3826 1233 3889 in¹

120 4037 318 4046 --—.-—.

221 4159 247 4226 l)
266 4159 339 4214 Plut.
357 4160 432 4216 Plao.
452 4160 475 4230 1,
494 4163 520 4216 7.

218 4257 246 4324 2]
265 4255 329 4311 Vid.
350 4274 435 4327 supra
453 4276 480 4327 p.
499 4259 543 4327 65,
565 4261 576 4311 l
598 4263 626 4314 et
645 4262 688 4325 69,
708 4264 732 4314 l.
