2882 4902
432 1252 702 1334 oousruouvs
734 1255 904 1337 Rultvlt

503 1589 631 1654 LIBER
660 1589 826 1657 PRIMVS.

226 1773 277 1827 DE
298 1775 490 1829 GENERALI
508 1775 689 1830 NATVRAE
709 1777 903 1832 INFINlTAE
923 1779 1097 1834 NOTIONE.

145 1968 172 2017 1.
212 1964 425 2020 Anaximander
444 1984 531 2020 unum
550 1967 786 2030 omniumxrerum
799 1969 968 2038 principium
987 1971 1068 2039 ponit
1086 1971 1124 2034 id,

212 2061 288 2128 quod
307 2061 344 2114 sit
363 2062 512 2131 infinitum,
531 2065 588 2118 sive
607 2061 637 2117 τὸ
657 2057 771 2134 ἄπειρον
788 2106 1116 2120 ..........
1196 2071 1213 2121 3

146 2160 173 2211 2.
212 2158 324 2211 Primus
337 2177 429 2213 rerum
447 2161 617 2229 principium
630 2161 690 2230 ipso
701 2163 748 2214 τοῦ
760 2157 874 2231 ἀπείρου
883 2163 1019 2217 vocabulo
1030 2165 1124 2234 appel·

212 2255 284 2310 lavit
301 2255 463 2332 primusque
482 2255 609 2311 definivit
628 2254 659 2310 τὸ
678 2255 865 2330 ὑποκείμενον
884 2277 943 2313 esse
966 2300 1120 2313 .....
1199 2265 1216 2314 6

143 2355 170 2406 3.
211 2353 318 2420 Quibus
336 2354 493 2407 rationibus
512 2355 612 2408 ductus
631 2355 805 2424 principium
826 2355 932 2410 dixerit
951 2353 981 2409 ui
996 2349 1128 2428 inopom

211 2451 247 2504 de
265 2451 470 2505 Anaximandri
489 2455 550 2506 arte
570 2451 717 2507 dialectica
750 2493 1117 2508 ...........
1179 2457 1213 2506 22
1325 2479 1328 2488 ·

142 2551 170 2601 4.
209 2548 420 2602 Anaximander
434 2543 574 2602 inlinitum
594 2549 953 2620 intellegitextensione
974 2551 1124 2620 infinitum,

213 2647 298 2711 atque
316 2662 374 2697 non
394 2645 484 2712 ipsam
504 2645 617 2714 quidem
636 2644 807 2702 intinitatem
826 2648 874 2701 sed
893 2652 1024 2702 naturam
1037 2667 1123 2717 quan-

211 2739 285 2806 dam,
299 2759 370 2809 quse
380 2739 490 2796 infinita
500 2743 552 2812 sit;
570 2743 664 2798 brevis
677 2743 803 2798 infinitae
814 2749 931 2799 naturae
943 2745 1121 2800 adumbratio
1179 2749 1213 2799 36

469 2984 596 3050 LIBER
618 2984 855 3051 SECVNDVS.
904 2998 908 3007 '

325 3169 575 3252 BEhNATVRAE
597 3169 789 3225 INFlNlTAE
807 3170 997 3226 ESSENTIA.

146 3319 171 3369 1.
211 3316 415 3371 Anaximandri
424 3317 594 3387 principium
614 3323 663 3373 ant
681 3319 781 3372 mixtio
801 3323 843 3373 est
855 3320 1060 3374 contrariorum
1074 3325 1123 3374 aut

212 3417 314 3467 natura
333 3414 469 3481 quaedam
488 3415 607 3483 simplex
646 3456 1080 3469 .............
1177 3418 1212 3468 44

143 3512 171 3564 2.
211 3510 415 3564 Anaximandri
425 3511 596 3580 principium
611 3529 667 3566 non
679 3517 720 3566 est
732 3512 939 3567 contrariorum
953 3513 1061 3580 mixtio,
1075 3513 1121 3566 sed

212 3611 311 3660 nutura
331 3607 464 3675 quaedam
485 3608 602 3677 simplex
643 3648 1117 3663 ..............
1177 3612 1212 3664 46

145 3705 171 3757 3.
212 3703 383 3773 Proponitur
396 3705 530 3773 quaestio,
550 3706 619 3760 haee
630 3710 732 3760 natura
752 3705 870 3774 simplex
890 3723 960 3774 quae
982 3707 1027 3774 sit,
1047 3706 1122 3760 adfe-

213 3807 368 3871 runturquo
394 3804 487 3871 plures
513 3803 673 3858 Aristotelis
701 3803 772 3871 looi,
801 3803 902 3872 quibus
930 3804 953 3857 is
980 3821 1123 3872 quorun·

216 3899 291 3952 dam
310 3893 544 3968 philosophorum
556 3899 727 3968 principium
746 3899 840 3954 adfert
852 3904 913 3954 tum
926 3904 951 3953 tl
964 3899 1057 3970 ἕτερον
1069 3901 1123 3955 τῶν

214 4001 365 4067 στοιχείων,
383 4000 444 4050 tum
463 4000 489 4048 τὶ
507 3995 582 4067 παρὰ
602 3993 634 4049 τὰ
655 4003 785 4067 στοιχεῖα,
804 4001 865 4052 tum
881 4001 907 4050 τὶ
927 3994 1027 4070 μεταξὺ
1046 3999 1124 4052 δυοῖν

214 4098 368 4164 στοιχείων,
388 4111 420 4148 ao
438 4111 534 4148 rursus
554 4091 655 4164 μεταξὺ
676 4094 788 4162 quidem
805 4098 867 4148 tum
889 4094 965 4148 inter
984 4111 1076 4148 aerem
1096 4101 1124 4149 et

212 4189 314 4260 ignem,
333 4195 393 4244 tum
411 4187 486 4245 inter
499 4208 591 4245 aerem
611 4195 639 4245 et
652 4209 762 4260 aquam,
780 4194 840 4244 tum
854 4190 1122 4272 mododisiunotivo

213 4291 262 4341 sut
280 4287 355 4342 inter
380 4305 473 4342 aerem
498 4293 526 4342 et
550 4289 644 4358 iguem
669 4293 717 4342 aut
742 4289 816 4343 inter
843 4305 935 4342 aerem
959 4292 988 4342 et
1013 4306 1123 4356 aquam,

213 4384 273 4438 sino
292 4385 349 4438 ulla
366 4384 583 4440 diversorum
601 4385 900 4454 philosophorum
920 4383 1125 4454 significatione
1179 4386 1213 4438 60
