2864 4910
667 373 718 426 421

127 548 275 612 trionem
298 567 411 612 versus
435 546 609 613 inclinatus
632 553 681 614 est
696 567 798 630 eoque
822 567 903 628 eam,
927 565 1023 629 quam
1038 565 1123 610 nunc
1141 542 1238 608 habet

126 656 272 720 formam
294 655 440 739 accepit’.
483 728 487 738 ,

237 765 287 828 Ex
315 766 402 831 hisee
429 767 542 850 opinor
569 771 690 849 patere,
724 785 763 830 ea
796 767 904 831 omnia
938 766 970 830 in
1003 761 1236 829 Anaximandri

129 875 295 950 doctrina,
310 895 392 956 quae
409 874 624 958 explicatione
642 895 736 957 egere
752 874 903 955 vidimus,
920 880 1048 940 terrae
1069 873 1235 954 figuram

127 985 337 1050 rotundam
373 1005 416 1050 ac
448 985 609 1068 planam,
643 984 824 1049 diversas
857 984 948 1048 illas
983 983 1235 1048 stellaruma

128 1099 241 1160 terra
262 1094 493 1176 distantiae,
517 1095 725 1160 stellarum
742 1095 848 1159 circa
863 1092 995 1157 mundi
1017 1111 1128 1156 axem
1151 1111 1233 1155 con·

129 1203 350 1287 versiones,
380 1203 492 1268 immo
519 1210 638 1268 totam
667 1202 798 1267 mundi
829 1203 1164 1284 comparationem
1187 1219 1234 1264 ac

129 1311 442 1397 descriptionem
475 1313 571 1397 plane
604 1318 767 1395 tamquam
790 1331 831 1376 ex
862 1331 925 1377 unc
948 1305 1109 1394 principio
1132 1309 1233 1391 expli-

130 1423 210 1500 cari,
228 1403 264 1488 ¹'si
287 1424 318 1488 ei
341 1424 429 1488 illam
460 1423 502 1488 de
535 1423 658 1488 vortice
684 1428 716 1486 et
738 1421 851 1486 mundi
878 1420 1086 1486 inclinatione
1108 1425 1232 1485 senten-

130 1533 211 1596 tiam
233 1531 411 1596 tribuimus.
455 1532 534 1597 lude
557 1539 663 1596 autem
686 1552 749 1596 non
772 1531 842 1596 sine
864 1549 980 1594 caussa
1003 1528 1232 1600 concludimus,

132 1662 204 1706 eum
229 1659 341 1706 revera
367 1640 428 1705 hac
456 1641 616 1706 sententia
644 1660 737 1706 usum
759 1657 839 1705 esse.
884 1637 948 1704 Sed
971 1658 1047 1702 num
1069 1637 1130 1702 hcc
1152 1637 1232 1702 satis

131 1750 302 1836 probabile
324 1751 396 1816 est?
419 1769 524 1816 nonne
548 1750 644 1814 nimis
668 1750 872 1815 coniecturae
896 1747 1111 1814 indulsimus?
1139 1746 1231 1812 (lom-

130 1875 319 1921 moneamus
341 1855 488 1931 brevitor,
518 1856 634 1940 quibus
668 1858 865 1940 argumentis
897 1859 944 1922 usi
977 1857 1086 1922 simus.
1132 1856 1230 1921 Initio

130 1987 171 2031 ex
178 1965 352 2031 Aristotele
363 1965 571 2046 ostendimus,
584 1959 858 2060 Anaximandrum
871 1966 905 2030 in
917 1965 1101 2050 generando
1111 1964 1230 2031 mundo

128 2077 284 2142 vorticem
309 2074 515 2156 adhibuisse;
538 2083 570 2140 et
592 2076 634 2141 ab
656 2074 717 2142 hac
738 2097 773 2141 re
800 2076 929 2143 omnino
952 2076 1086 2160 proiecti
1109 2095 1228 2140 sumus.

129 2186 216 2252 Num
239 2185 273 2250 id
295 2190 381 2251 recte
398 2185 594 2261 ostendimus
610 2206 670 2251 nec
692 2185 751 2250 ne?
775 2186 809 2252 Si
824 2193 971 2269 negatur,
994 2187 1136 2252 rationes
1158 2206 1229 2269 pro-

129 2296 259 2380 positae
286 2296 484 2362 refellendae
506 2303 594 2378 sunt,
622 2296 650 2361 si
677 2297 872 2378 conceditur,
900 2298 1025 2379 reliqua
1047 2297 1229 2362 necessario

130 2408 198 2473 fere
221 2412 406 2489 sequuntur.
450 2406 533 2471 Nam
556 2406 583 2472 si
600 2406 730 2472 omnino
751 2409 905 2473 vorticem
922 2406 1079 2489 adhibuit,
1103 2406 1228 2471 eiusde

129 2515 191 2581 hcc
222 2515 343 2580 vortice
366 2517 527 2581 sententia
548 2516 694 2599 putanda
726 2523 775 2581 est
797 2518 871 2581 talis
894 2518 1003 2598 fuisse,
1040 2523 1075 2581 ut
1106 2536 1146 2580 ex
1180 2536 1228 2597 eo,

130 2645 214 2708 quae
237 2626 278 2692 de
300 2626 411 2691 mundi
435 2605 676 2708 comparatione
694 2632 726 2691 et
749 2626 962 2710 dispositione
985 2625 1103 2709 docuit,
1126 2627 1229 2708 expli-

129 2735 198 2801 cari
221 2738 362 2821 possint,
396 2735 429 2800 id
457 2735 543 2818 quod
571 2736 603 2800 in
633 2736 824 2800 sententiam
846 2736 935 2800 illam
957 2737 1154 2819 propositam
1179 2756 1229 2799 ca-

129 2843 206 2909 dere
229 2843 375 2909 vidimus.
420 2843 528 2921 Quare
551 2865 614 2908 non
643 2845 847 2909 temerarium
875 2843 1010 2921 videtur,
1033 2846 1228 2936 Anaximan-

130 2953 222 3020 drum
238 2960 351 3038 putare
381 2957 486 3038 ipsum
520 2953 615 3020 huius
644 2955 822 3020 sententiae
850 2953 1109 3038 auctoremssesse
1133 2935 1229 3020 etati

129 3063 190 3128 hoc
207 3084 277 3128 eam
294 3064 335 3128 ad
347 3064 541 3148 posteriores
555 3065 683 3130 Ionicos
695 3066 896 3148 peruenisse;
914 3084 996 3147 quae
1012 3065 1142 3146 quidem
1158 3083 1228 3128 sen-

128 3173 240 3253 tentia,
265 3173 351 3255 quod
374 3172 417 3237 ad
438 3173 562 3257 ingenii
578 3175 642 3238 vim
662 3174 891 3258 perspicaciam
914 3174 1084 3239 audaciam
1106 3177 1228 3258 attinet,

128 3281 215 3346 nulla
238 3301 358 3364 earum,
392 3303 474 3364 quae
502 3289 616 3367 postea
645 3302 746 3364 usque
779 3282 843 3363 adj,
857 3290 997 3348 nostram
1025 3289 1163 3349 aetatem
1187 3285 1227 3350 de

127 3411 234 3456 rerum
257 3393 380 3474 origine
403 3393 553 3458 inventae
576 3398 658 3471 sunt,
678 3377 816 3458 'inferior
837 3391 986 3458 habenda
1009 3400 1066 3458 est.

129 3600 289 3655 Aristotelis
308 3601 400 3656 locum
421 3605 570 3673 explicans,
590 3623 645 3673 quo
664 3606 688 3658 is
704 3606 779 3669 dicit,
792 3607 995 3662 Anaximandri
1014 3609 1152 3662 sententia
1171 3613 1225 3662 ter·

127 3713 188 3749 ram
208 3697 237 3749 in
264 3715 314 3752 sua
339 3699 403 3754 sede
421 3701 533 3755 manere
558 3707 675 3770 propter
698 3702 812 3756 eandem
837 3703 959 3771 undique
981 3704 1153 3773 distantiam,
1178 3707 1226 3773 ait,

127 3810 161 3845 ex
180 3793 348 3848 Aristotcles
367 3797 459 3850 verbis
478 3816 533 3851 non
553 3803 657 3866 patere,
685 3795 819 3868 „ndrspov
845 3803 891 3851 καὶ
909 3796 1009 3872 ἠρεμεῖ
1034 3802 1064 3853 ἐν
1082 3802 1119 3870 τῷ
1138 3806 1225 3872 μέσῳ,

128 3886 143 3956 ἢ
161 3895 239 3962 μένει
259 3891 357 3962 μὲνέν
374 3893 412 3962 τῷ
429 3897 509 3963 μέσῳ
531 3888 576 3945 διά
598 3911 625 3946 τε
648 3891 697 3960 τὴν
715 3898 879 3964 ἰσορροπίαν
899 3935 903 3946 .
927 3937 932 3948 .
954 3937 958 3948 .
979 3899 1102 3966 μένουσα
1127 3898 1161 3949 δὲ
1185 3900 1225 3949 if.-

127 3988 218 4039 λεται
236 3991 290 4040 καὶ
309 3994 454 4040 κινεῖται
479 3994 541 4060 περὶ
560 3987 609 4044 τὸν
628 3987 673 4042 διὰ
693 3990 796 4049 παντὸς
811 3988 1090 4062 τεταμένονζπόλον.“
1129 3995 1153 4047 Ε
1170 4012 1224 4063 quc

127 4083 187 4137 loco
214 4088 289 4137 certe
317 4101 373 4137 non
397 4086 490 4156 colligi
512 4090 615 4155 potest,
644 4088 885 4142 Anaximandrum
911 4095 1003 4144 terrae
1027 4097 1132 4144 motum
1152 4092 1224 4146 circa

126 4179 223 4233 muudi
242 4197 322 4234 axem
333 4181 475 4252 tribuere;
492 4183 540 4235 sed
552 4183 634 4237 facile
643 4183 704 4238 fieri
716 4185 812 4253 possit,
831 4189 863 4238 ut
875 4189 980 4240 terram
990 4188 1132 4255 putaverit
1143 4188 1224 4242 initio

126 4277 233 4332 vortice
253 4277 437 4340 circumferri,
459 4297 543 4347 quam
561 4280 715 4335 Democriti
735 4281 819 4336 ctiam
833 4283 1000 4338 seutentiam
1019 4283 1104 4338 fuisse
1117 4285 1224 4339 scimus
