2864 4910
761 373 815 428 4⁰0

335 543 431 624 Quod
451 544 590 629 primurn
609 545 759 626 diximus,
782 545 1016 610 Anaximandri
1043 543 1206 610 sententia
1228 561 1336 609 omnes
1414 511 1415 592 ἕ

235 656 348 720 stellas
369 654 479 720 circa
493 653 634 720 mundi
653 675 771 721 axem
787 656 917 736 moveri,
935 652 970 719 id
981 674 1045 718 non
1063 655 1185 739 apertis
1207 653 1334 736 quidem

235 764 343 830 verbis
366 763 513 846 traditur,
538 783 648 830 verum
670 784 711 829 ex
732 763 784 845 iis,
803 783 886 846 quae
908 762 1031 828 tradita
1049 769 1131 846 sunt,
1154 764 1334 828 necessario
1414 839 1415 842 Ἴ

236 874 410 955 sequitur.=
432 873 631 956 Argumenta
657 871 811 956 bipartita
838 879 919 938 sunt.
969 872 1112 936 Primum
1141 871 1332 936 Placitomm
1414 867 1415 948 ἶ

237 983 408 1065 scriptores
432 1001 471 1046 eo
494 983 609 1066 capite,
633 1001 696 1064 quo
719 979 760 1046 de
783 982 947 1046 stellamm
962 988 1051 1046 motu
1078 980 1229 1062 referunt,
1252 981 1332 1044 Aua·

236 1088 398 1155 rimandi
420 1093 579 1156 sententia
600 1091 711 1156 stellas
734 1088 846 1157 dicunt
866 1091 1040 1166 orbibus,
1063 1089 1262 1172 inquibus
1283 1088 1333 1153 in·

237 1201 323 1270 sint,
343 1201 494 1264 moveri
527 1194 606 1282 (ὑπὸ
629 1203 698 1262 τῶν
720 1193 854 1278 κύκλων,
885 1197 936 1284 ἐφ’
970 1183 1016 1262 ὦν
1041 1192 1178 1274 ἕκαστος
1209 1196 1330 1281 βέβηκε,

236 1307 460 1393 (picentum).
503 1307 705 1391 Quamquam
727 1309 778 1374 his
801 1309 905 1374 verbis
929 1309 1043 1374 stellae
1066 1327 1130 1372 non
1154 1314 1263 1391 aperte
1287 1306 1331 1370 di·

236 1425 351 1485 cuntur
374 1419 506 1484 orbibus
530 1417 598 1484 suis
620 1431 725 1483 motu
748 1418 935 1484 circulari
957 1420 1089 1497 moveri,
1119 1425 1227 1484 tamen
1254 1417 1330 1481 hunc

238 1535 359 1593 motum
383 1527 527 1610 intellegi
549 1532 722 1611 propterea
743 1527 932 1594 sumendum
963 1535 1023 1611 cst,
1051 1527 1138 1609 quod
1161 1548 1200 1593 eo
1223 1528 1329 1610 capite,

238 1656 342 1720 equo
365 1636 446 1702 haee
468 1637 568 1702 uerba
591 1643 719 1721 sumptu
741 1641 824 1713 sunt,
847 1657 910 1702 nou
933 1638 997 1702 nisi
1019 1636 1060 1703 de
1086 1643 1173 1702 motu
1190 1636 1328 1702 circulari

238 1747 354 1830 agitur.
401 1744 543 1824 Accedit,
567 1746 663 1828 quod,
693 1767 764 1812 eum
787 1747 860 1812 illos
887 1748 981 1812 orbes
1003 1746 1181 1812 uiderimus
1203 1748 1328 1812 annulos

238 1875 309 1922 esse
337 1875 394 1939 per
416 1861 518 1920 totum
540 1855 650 1921 mundi
673 1836 828 1921 ambitum
849 1857 1093 1933 circumeuntes,
1122 1857 1207 1921 alius
1230 1876 1328 1920 eorum

237 1971 343 2030 motus
366 1984 406 2030 ne
431 1964 566 2054 cogitari
587 1964 718 2047 quidem
737 1971 851 2050 potest
874 1964 921 2029 llo
944 1965 1146 2044 antemloco,
1171 1986 1236 2048 qno
1259 1965 1328 2030 solis
1414 2049 1415 2056 ἵ

238 2076 346 2139 annuli
368 2072 624 2157 magnitudinem
646 2073 800 2150 referunt,
826 2075 883 2140 alii
913 2075 1043 2157 quidem
1066 2074 1150 2140 hunc
1173 2076 1329 2160 appeliant

241 2184 361 2266 orbem,
385 2203 448 2266 quo
471 2183 519 2248 sol
542 2183 663 2249 feratur
685 2181 856 2268 (φέρεται),
889 2183 1048 2250 Stobaeus
1079 2190 1187 2250 autem
1220 2185 1328 2253 orbem.

188 2271 190 2278 ,
240 2313 302 2375 quo
325 2294 372 2358 sol
396 2291 707 2357 circumferatur
732 2291 984 2378 (rescindendae),
1007 2292 1079 2377 ipso
1093 2294 1251 2358 vocabulo
1273 2311 1328 2356 ruo-

239 2407 307 2466 tum
336 2400 524 2484 significans
556 2400 744 2466 circularem
755 2402 788 2478 ²).
831 2391 974 2466 Alterum
1007 2409 1242 2485 argumentum,
1275 2421 1330 2482 quo

240 2511 310 2575 solo
331 2517 399 2576 tota
418 2530 535 2576 caussa
557 2509 744 2587 absolvitur,
768 2512 801 2574 in
828 2530 866 2575 eo
893 2512 1032 2594 positum
1060 2506 1229 2595 estquod
1252 2512 1329 2576 Ana·

241 2619 409 2684 ximander
438 2619 510 2703 ipso
532 2621 705 2686 Aristotele
733 2626 816 2686 teste
838 2621 962 2686 coelum
984 2622 1120 2705 putabat
1147 2621 1262 2704 ubique
1282 2640 1327 2685 co·
1413 2629 1414 2658 l

240 2729 313 2794 dem
335 2729 506 2794 intervallo
527 2749 548 2794 a
569 2734 654 2794 terra
675 2728 845 2808 distare⁸);
874 2730 934 2795 hoc
957 2730 1041 2794 enirn
1065 2731 1257 2814 simulatque
1277 2748 1325 2814 po·

240 2840 337 2904 situm
361 2845 419 2922 est,
442 2839 605 2904 stellarum
621 2845 725 2903 motus
744 2840 808 2903 iam
823 2841 950 2904 omnino
973 2860 1037 2905 non
1052 2846 1159 2924 potest
1180 2841 1241 2906 nisi
1263 2860 1325 2904 con-

238 2947 343 3013 versio
367 2949 452 3013 circa
473 2946 585 3013 mundi
606 2967 701 3013 axem
724 2948 841 3032 putari.

339 3058 376 3122 In
401 3060 584 3123 universum
608 3063 714 3123 autem
737 3057 886 3140 equidem
903 3059 1024 3123 nullum
1047 3079 1119 3125 esse
1140 3057 1324 3144 opinorphi·

238 3245 437 3254 ...ηρ-..ι-

341 3353 368 3421 1)
387 3352 460 3406 Plnt.
481 3351 557 3407 Plac.
576 3353 612 3420 II,
634 3355 680 3408 16:
701 3350 845 3423 „’Ar¹u5l,u.
865 3351 918 3407 ὑπὸ
937 3355 992 3408 τῶν
1009 3350 1114 3408 κύκλων
1132 3357 1324 3427 καὶτῶνσφαι-
1412 3303 1413 3393 i

239 3449 302 3518 ρῶν,
322 3446 368 3520 ἐφ’
388 3433 428 3503 ὧν
445 3447 558 3505 ἕκαστος
575 3454 702 3517 βέβηκεν,
722 3453 885 3520 (pecandum
923 3450 1001 3504 Idem
1019 3451 1124 3520 legitur
1148 3454 1222 3521 apud
1241 3453 1324 3506 Galen.

240 3564 262 3598 c.
283 3547 315 3598 13
334 3550 363 3599 et
380 3545 483 3599 Euseb.
500 3544 560 3613 XV,
584 3547 627 3598 47.
665 3545 745 3613 Quod
769 3545 812 3599 his
837 3547 904 3600 locis
927 3547 1025 3600 stellae
1048 3547 1182 3601 dicuntur
1206 3546 1257 3603 ὑπὸ
1279 3547 1326 3600 mir

239 3635 345 3695 κύκλων
358 3642 475 3694 καὶτῶν
489 3658 574 3712 σφαι
584 3663 600 3712 p
609 3642 650 3696 niu
660 3644 775 3712 moveri,
789 3644 829 3698 ita
841 3643 952 3697 videtur
961 3644 1157 3730 explicandum
1169 3664 1235 3709 esse,
1253 3644 1325 3712 quod,

239 3743 368 3808 utsupra
387 3739 467 3792 nobis
487 3739 577 3792 visum
594 3744 645 3808 est,
666 3740 855 3808 unusquisque
874 3741 991 3794 annulus
1010 3741 1040 3793 in
1059 3742 1131 3795 aeris
1150 3743 1266 3811 sphaera
1283 3745 1325 3800 est,

239 3854 310 3905 quae
329 3835 388 3889 sine
405 3835 491 3888 dubio
511 3852 567 3889 una
586 3835 791 3890 circumfertur.
1411 3849 1412 3883 l

339 3950 368 4019 2)
386 3948 460 4004 Plut.
480 3949 553 4005 Plae.
573 3950 608 4018 Il,
628 3953 676 4003 21:
699 3949 764 4019 „ror
783 3951 813 4004 δὲ
833 3947 932 4004 κύκλον
951 3990 979 4003 ..
1002 3993 1008 4005 .
1027 3952 1064 4024 ἐφ
1084 3935 1116 4004 οὗ
1135 3951 1270 4024 φέρειαι.“
1288 3949 1326 4002 Sic

239 4044 322 4098 etiam
343 4045 440 4099 aaran.
461 4063 483 4100 ο.
506 4048 547 4100 14.
564 4045 665 4100 ausen.
684 4043 798 4114 xuni
819 4047 904 4101 naseu
923 4046 991 4118 „sp
1010 4033 1042 4100 ot
1055 4049 1197 4120 pressus
1228 4044 1326 4112 suni,

239 4141 282 4209 25,
301 4159 327 4210 p.
347 4142 412 4195 524:
433 4138 498 4209 „uir
517 4141 549 4194 δὲ
566 4135 672 4209 κύκλον,
692 4139 740 4212 ὑφ’
759 4127 791 4194 oi
810 4144 1011 4214 περιφέρεται.“

339 4253 368 4323 3)
387 4252 450 4307 Vid.
470 4271 554 4322 supra
573 4272 599 4322 p.
619 4255 680 4309 352.
