2860 4906
792 365 845 420 338

257 539 409 615 ostendit,
432 539 555 606 nullum
578 557 703 623 eorpus,
738 537 825 620 quod
848 536 1006 603 infinitum
1030 539 1080 614 sit,
1111 557 1210 620 posse
1233 536 1353 619 simplex

257 669 338 733 esse,
365 642 405 712 ad
428 642 519 728 παρὰ
543 642 764 728 adsumptio,
793 647 880 729 quod
910 667 929 711 a
954 644 1145 729 quibusdam
1175 643 1354 712 dicaturve

256 747 406 841 ἄπειρον,
439 759 533 824 simul
556 778 626 824 enm
650 759 818 823 elementis
842 758 873 821 in
897 775 1029 822 numero
1052 757 1142 840 ponit
1165 774 1353 840 corporum

257 869 519 952 simplicium,
552 873 585 933 et
617 869 730 950 pauais
765 872 839 950 post
871 865 931 931 hoo
962 860 1001 930 ad
1024 859 1116 946 nopai
1150 863 1192 927 τὰ
1221 866 1354 942 στοιχεῖα

257 977 443 1060 simpliciter
455 976 598 1060 appellat
618 973 731 1057 ‘rupo
753 966 942 1058 αἰσθητόν,
967 973 1088 1057 dieens,
1112 974 1178 1038 tale
1202 972 1353 1055 quoddam
1414 989 1415 1006 ι

256 1085 353 1168 σῶμα
374 1078 549 1170 αἰσθητόν,
571 1086 666 1167 quale
689 1085 738 1149 illi
758 1079 796 1148 τό
823 1079 914 1167 παρὰ
936 1083 1144 1162 τὰστοιχεῖα
1167 1102 1243 1148 esse
1257 1079 1354 1154 velint

256 1197 384 1260 omnino
407 1215 472 1260 non
494 1195 612 1274 esse¹).
655 1195 706 1259 Ex
729 1193 778 1260 his
813 1195 914 1276 igitur
943 1192 1070 1258 duobus
1091 1193 1171 1258 loeis
1198 1198 1297 1276 patet
1321 1187 1352 1250 ml

257 1298 349 1386 παρὰ
369 1298 410 1366 ad
432 1307 579 1384 στοιχεῖα
601 1302 786 1369 Aristotelis
808 1304 970 1369 sententia
995 1322 1139 1388 eorpus
1162 1321 1255 1368 essa
1277 1301 1352 1366 sim·

258 1415 363 1498 plex,
396 1413 482 1496 quod
512 1413 633 1496 paritor
673 1418 770 1494 atque
802 1413 963 1478 elementa
998 1432 1059 1478 sua
1088 1411 1231 1496 quadam
1263 1427 1354 1490 eaque

257 1522 389 1604 quidem
416 1523 560 1588 sensili
590 1523 746 1604 qualitate
774 1507 891 1587 utatur.
935 1522 1019 1587 Tum
1047 1523 1081 1586 iu
1111 1520 1234 1597 eadem,
1269 1537 1354 1601 qnam
1414 1567 1415 1578 ,

258 1633 366 1716 paullo
388 1638 464 1699 ante
485 1634 745 1714 memoravimus,
768 1631 809 1698 de
833 1633 970 1699 materia
998 1631 1220 1716 disputatione
1241 1631 1355 1711 aliquos

256 1761 328 1806 esse
360 1741 448 1820 dicit,
480 1743 537 1824 qui
566 1763 662 1808 unam
696 1743 836 1807 omnium
866 1743 1032 1807 materiam
1063 1735 1101 1804 mi
1132 1741 1252 1822 μεταξὺ
1281 1740 1354 1802 inter
1414 1729 1415 1758 ³

257 1869 363 1916 aerem
387 1856 419 1916 et
441 1851 550 1934 ignem
573 1857 696 1934 ponant
724 1850 848 1933 hocque
872 1846 989 1932 ‘adpro
1009 1848 1063 1914 καὶ
1085 1840 1266 1933 χωριστόν’
1291 1867 1354 1914 essa

257 1960 398 2041 veliam).
443 1961 592 2043 Denique
615 1959 801 2034 eondendit
835 1955 1029 2041 τὸμεταξύ,
1062 1960 1149 2042 quod
1182 1959 1276 2024 modo
1298 1958 1354 2022 dis·

259 2071 400 2135 iunetivo
423 2069 536 2135 definit
558 2089 630 2135 essa
652 2068 796 2135 medium
817 2076 873 2136 aut
895 2071 978 2135 inter
997 2089 1114 2151 aquam
1137 2076 1286 2135 etaerem
1305 2072 1353 2132 aut
1414 2123 1415 2148 2

259 2180 341 2243 inter
364 2197 470 2245 aerem
493 2185 526 2244 et
548 2181 665 2262 ignem,
684 2179 726 2244 ab
747 2181 797 2261 iis,
820 2181 875 2261 qui
898 2173 937 2242 τὸ
957 2167 1097 2260 ἔπειρον
1119 2177 1173 2242 καὶ
1195 2178 1234 2242 ad
1255 2171 1353 2256 περιέ-

260 2310 318 2367 χον
349 2288 540 2373 principium
574 2294 695 2372 ponant
734 2286 859 2371 hosque
892 2289 990 2354 talem
1009 2287 1186 2381 ¹quandam
1219 2293 1354 2353 naturam

259 2396 395 2463 mediam
418 2417 490 2463 esse
522 2398 630 2480 velint,
667 2416 739 2464 esse
774 2399 883 2480 putari
904 2417 972 2463 rem
1005 2417 1065 2481 per
1096 2417 1131 2463 se
1165 2401 1353 2462 onustantem

258 2504 529 2590 (provooprasrrpa)³).

358 2615 444 2698 Ergo
470 2615 668 2696 Aristoteles,
691 2621 727 2680 ut
749 2616 840 2681 initio
863 2613 1014 2694 diximus,
1029 2609 1076 2676 ad
1099 2610 1191 2696 παρὰ
1212 2609 1251 2678 τὰ
1271 2634 1353 2676 oaor-

258 2725 330 2803 χεῖα
362 2729 393 2789 et
423 2717 462 2786 τὸ
489 2723 610 2805 μεταξὺ
643 2743 707 2788 nnn
742 2717 845 2790 solum
881 2744 1008 2808 eorpus
1037 2744 1149 2790 verum
1183 2723 1353 2789 maturatius

202 2847 204 2853 '
258 2834 366 2914 etiam,
399 2852 592 2916 quamquam
615 2832 650 2899 id
673 2833 818 2916 eorporis
841 2835 1004 2900 notione
995 2853 1058 2898 ram
1081 2835 1270 2905 continetur.
1291 2851 1354 2896 aor-

257 2963 317 3028 pns
340 2963 398 3026 per
419 2962 454 3008 se
474 2947 682 3008 constanset
650 2961 822 3028 eoorpus
853 2942 973 3008 sensile
1002 2942 1090 3008 dieit.
1070 2941 1232 3022 thod
1253 2947 1353 3006 autem

258 3050 299 3116 de
322 3051 388 3118 illis
409 3049 575 3117 vocabulis
598 3051 686 3129 dieit
711 3050 745 3115 id
766 3051 807 3118 de
829 3051 1066 3116 Anaximandri
1090 3050 1250 3136 principio
1270 3047 1351 3114 dicit.

205 3239 208 3254 Ι
233 3157 235 3162 ’
258 3161 437 3243 Apertum
428 3161 488 3243 igit
489 3181 527 3226 ur
548 3166 606 3238 est,
632 3161 813 3226 Aristotelis
836 3161 997 3226 sententia
1014 3159 1252 3226 Anaximandri
1272 3159 1352 3241 prin·

257 3268 376 3352 oipium
401 3267 561 3334 infinitum
584 3288 646 3334 non
671 3288 743 3336 esse
757 3269 925 3336 materiam
947 3289 1005 3352 per
1028 3288 1063 3334 se
1079 3271 1193 3352 quavis
1209 3268 1351 3351 qualitate

258 3384 429 3461 parentem,
458 3378 609 3444 sedasse
644 3378 915 3460 substantiam,
947 3386 1067 3460 atque
1097 3376 1351 3444 substantiam

257 3487 415 3571 quidem
438 3506 681 3570 corpoream,
704 3489 936 3572 simplicem,
965 3489 1126 3572 propria
1149 3507 1219 3553 sua
1238 3501 1350 3565 eaque

258 3595 416 3679 quidem
440 3597 578 3664 sensili
600 3598 797 3677 qualitate
819 3602 1004 3662 utentem.

360 3887 386 3953 1)
403 3885 486 3953 Phys.
497 3850 548 3953 ιιι,
564 3886 588 3938 o.
599 3884 673 3938 2041>
688 3885 724 3938 aa
735 3901 775 3952 sq.
794 3882 857 3939 vu.
871 3899 956 3952 supra
966 3899 993 3952 p.
1006 3883 1075 3950 aaa
1095 3884 1124 3935 a
1142 3899 1169 3950 p.
1183 3882 1225 3942 en,
1236 3883 1259 3934 1.
1277 3876 1348 3930 uuna

257 3985 350 4039 loonm
362 4001 378 4038 a
388 3981 497 4036 Zellero
507 3998 619 4051 qunque
628 3981 664 4037 ad
674 3980 918 4036 Anaximandrum
928 3979 1027 4034 referri
1042 3978 1176 4046 vidimns3
1195 3978 1249 4034 vid.
1259 3995 1283 4045 p.
1293 3973 1348 4026 230.

358 4079 387 4149 2)
406 4078 475 4132 Gen.
495 4078 572 4132 corr.
585 4077 620 4144 ll,
635 4079 659 4130 l.
679 4076 753 4130 328¹)
767 4078 810 4129 33.
830 4075 894 4129 Vid.
907 4093 992 4144 supra
1010 4092 1037 4143 p.
1051 4075 1095 4142 64,
1114 4075 1131 4127 3
1148 4074 1210 4128 noll.
1230 4091 1256 4142 p.
1268 4072 1306 4124 st.

271 4207 292 4218 ιν
323 4176 388 4246 *3)
407 4175 474 4229 Gen.
495 4175 572 4229 Gerr.
596 4173 632 4235 11,
650 4175 676 4226 ὁ.
694 4174 817 4226 332220
833 4191 873 4241 sq.
902 4172 960 4226 vid.
986 4189 1068 4240 snpra
1088 4189 1116 4240 p.
1138 4171 1181 4231 66,
1203 4174 1236 4237 l;
1262 4186 1287 4236 P·
1305 4166 1349 4230 9²3

257 4293 285 4344 p.
304 4275 358 4326 215
376 4291 417 4342 oq.
