2882 4902
248 508 350 573 nitum
371 527 430 572 nec
452 514 555 574 ortum
577 527 716 590 uuquam
739 529 810 574 esse
832 529 892 576 nec
914 529 1009 594 posse
1032 511 1201 594 corrumpi,
1235 510 1345 574 huius·
1412 522 1413 545 ¹

248 639 310 700 qne
333 618 380 682 rei
403 617 559 684 rationem
587 639 657 683 eam
680 639 765 701 esse,
797 619 881 700 quod
912 619 1071 685 infinitum
1106 620 1344 703 principium

248 727 436 811 quoddam
469 729 519 794 sit.
563 728 744 794 Posteriora
766 748 841 795 vero
869 737 974 813 parte:
1013 723 1070 807 „ad
1091 725 1149 813 γὰρ
1173 725 1346 814 γενόμενον
1414 705 1415 729 ’

247 829 365 924 ἀνάγκη
387 837 481 916 τέλος
501 839 612 919 λαβεῖν
633 839 687 903 καὶ
700 835 841 928 Ιτελευτὴ
864 840 971 925 πάσης
993 839 1061 904 ἐστὶ
1084 839 1251 926 φθορᾶςιι,
1279 860 1346 922 prc-

247 950 346 1034 positi
372 949 460 1016 illius
488 949 717 1016 demonstratio
746 972 822 1030 non,
850 950 1118 1034 quemadmodum
1150 952 1345 1036 promissum

247 1070 326 1142 erat,
345 1082 386 1128 ex
400 1069 541 1128 natura
562 1062 755 1146 principii
775 1062 819 1128 ad
837 1049 996 1128 inlinitum
1010 1061 1210 1146 pertinentis,
1234 1061 1297 1127 sed
1308 1080 1344 1124 ex

247 1173 336 1256 ipsa
357 1171 512 1238 infiniti
534 1173 691 1239 notione
715 1172 878 1256 repetitur.
922 1173 1049 1239 Etenim
1077 1171 1344 1248 ratiocinationis,

249 1303 313 1366 qua
334 1282 564 1348 demonstratio
587 1282 758 1367 perficitur,
781 1282 958 1367 propositio
981 1290 1029 1348 est
1051 1282 1146 1349 haec:
1186 1279 1343 1366 quidquid

245 1393 390 1478 gignitur
428 1400 460 1459 et
497 1393 719 1476 corrumpitur,
756 1393 939 1458 necessario
975 1393 1128 1458 terminos
1168 1393 1342 1473 (intellege,

246 1501 492 1588 magnitudinis)
516 1503 613 1570 habet
635 1503 787 1586 (namque
809 1501 894 1585 quod
916 1503 1061 1586 gignitur
1084 1539 1122 1548 -
1145 1501 1343 1584 intellegitur

247 1621 354 1678 autem
377 1632 427 1678 res
450 1630 604 1694 corporea
630 1645 676 1688 -,
714 1610 749 1675 id
779 1633 800 1676 a
825 1608 1056 1694 magnitudinis
1078 1610 1181 1694 primo
1205 1608 1341 1693 quodam

247 1722 341 1788 initio
355 1721 426 1787 fieri
448 1720 564 1804 incipit
584 1726 626 1798 et,
650 1720 843 1803 simulatque
858 1719 1002 1802 genitum
1020 1725 1078 1797 est,
1101 1725 1205 1785 certos
1221 1716 1341 1800 magni-

246 1831 368 1898 tudinis
380 1850 458 1896 suae
473 1830 625 1896 terminos
640 1830 762 1912 attigit;
786 1836 817 1894 et
833 1829 919 1912 quod
931 1829 1151 1914 corrumpitur,
1170 1829 1205 1895 id
1219 1825 1339 1910 magni·

246 1940 358 2006 tudine
383 1939 583 2019 diminuitur,
607 1947 648 2018 et,
678 1940 869 2023 simulatque
891 1945 992 2006 totum
1015 1946 1197 2022 corruptum
1220 1947 1279 2022 est,
1302 1935 1340 2000 ad

246 2058 422 2127 extremum
437 2050 670 2134 magnitudinis
693 2050 788 2120 finem
808 2049 982 2134 pervenit);
1019 2048 1203 2132 adsumptio
1224 2055 1339 2124 autem,
1415 2033 1416 2040 ἵ

246 2160 287 2224 ab
304 2159 477 2226 Aristotele
493 2159 624 2242 quidem
641 2160 770 2241 omissa,
786 2179 826 2224 ex
841 2166 908 2225 tota
920 2179 995 2225 vero
1007 2159 1168 2226 sententia
1183 2157 1337 2232 addenda

241 2251 295 2334 ¹est
318 2269 414 2334 haec:
438 2268 597 2335 infinitum
619 2289 703 2347 vero,
727 2269 880 2352 quoniam
902 2268 1059 2334 infinitum
1080 2276 1139 2351 est,
1160 2289 1224 2334 non
1245 2267 1339 2333 habet

245 2379 398 2445 terminos
421 2377 696 2461 (magnitudinis);
724 2397 742 2442 e
765 2378 880 2460 quibus
903 2378 1177 2463 propositionibus
1199 2376 1339 2460 seqnitur

245 2488 420 2554 conclusio:
444 2508 520 2571 ergo
535 2487 694 2553 infinitum
710 2509 768 2553 uec
780 2496 881 2555 ortum
900 2495 948 2554 est
964 2509 1024 2554 nec
1037 2494 1145 2572 potest
1167 2485 1337 2570 corrumpi,

245 2617 340 2681 quam
364 2597 493 2682 quidem
523 2597 761 2663 conclusionem
796 2617 836 2662 ex
872 2597 960 2684 ipsa
995 2597 1151 2662 infiniti
1184 2597 1336 2664 notione

244 2707 377 2791 petitam
400 2727 481 2789 esse,
504 2697 794 2790 err-adsumptione
805 2707 1011 2790 intellegitur.
1046 2707 1115 2772 lam
1137 2705 1262 2773 verosi
1286 2703 1337 2770 de·

244 2814 506 2881 monstrationem
530 2813 714 2879 inchoatum
731 2835 832 2897 usque
854 2815 895 2880 ad
914 2814 1010 2880 finem
1024 2818 1174 2899 persequi
1185 2816 1336 2886 volumus,

245 2926 310 3010 ipsi
338 2925 387 2990 illi
415 2925 613 2990 conclusioni
650 2924 729 2990 haec
764 2924 988 3007 subiungeuda
1021 2932 1127 3012 eruut:
1161 2923 1248 3009 quod
1280 2942 1335 2989 uec

246 3042 349 3101 ortum
371 3041 420 3102 est
442 3054 501 3099 nec
522 3040 627 3118 potest
642 3034 812 3120 corrumpi,
832 3034 876 3113 id,
899 3035 1049 3117 quoniam
1065 3055 1127 3100 non
1150 3042 1200 3101 est
1219 3056 1258 3101 ex
1276 3034 1336 3098 ullo

243 3144 404 3228 principio
412 3143 447 3225 ¹),
477 3143 583 3226 ipsum
604 3150 729 3228 oportet
757 3128 952 3229 principium
974 3164 1059 3226 esse;
1083 3164 1159 3228 ergo
1183 3143 1337 3210 infinitum

244 3258 291 3319 est
313 3253 519 3337 principium.
563 3255 657 3319 Patet
678 3253 785 3337 igitur,
808 3254 1023 3336 Aristotelem,
1046 3274 1117 3319 cum
1139 3255 1248 3338 priore
1269 3274 1336 3320 sen·
1416 3341 1417 3346 ἵ

244 3361 366 3428 tentiae
388 3369 479 3446 parte
502 3363 718 3447 proposuerit,
743 3363 832 3447 iude,
855 3363 940 3445 quod
961 3363 1121 3429 infinitum
1148 3362 1335 3448 principii

243 3479 420 3538 naturam
445 3471 591 3556 haberet,
622 3474 775 3557 probare,
800 3473 960 3540 infinitum
981 3493 1040 3539 neo
1063 3480 1167 3540 ortum
1189 3492 1261 3539 esse
1283 3491 1336 3538 uec

243 3601 339 3664 posse
370 3573 540 3666 corrumpi,
570 3583 747 3666 posteriore
778 3585 956 3650 sententiae
986 3591 1093 3667 parte,
1121 3583 1335 3667 propositione

243 3690 371 3756 omnino
388 3697 519 3774 mutata,
538 3712 579 3757 ex
593 3693 666 3776 ipsa
687 3693 842 3758 infiniti
865 3693 1023 3758 notione
1046 3692 1274 3776 demonstrare,
1292 3693 1335 3757 in-

243 3799 368 3865 finitum
381 3821 452 3867 esse
471 3802 724 3885 principium3
745 3838 781 3847 -
796 3823 967 3886 quaesane
988 3803 1071 3867 mira
1092 3810 1141 3868 est
1162 3803 1335 3868 sententiae

243 3909 488 3976 inconcinnitas.
533 3911 656 3994 Quodsi
683 3913 893 3995 posteriorem
915 3912 1093 3978 sententiae
1122 3919 1247 3996 partem
1270 3933 1335 3978 oum

243 4019 350 4103 priore
379 4021 525 4086 volumus
548 4020 730 4099 concinere,
758 4021 863 4104 prima
889 4021 947 4086 illa
976 4020 1158 4106 adsumptio
1187 4021 1336 4087 mutanda

344 4246 368 4312 1)
391 4243 510 4298 Aristot.
529 4245 547 4298 l.
566 4246 583 4300 1.
605 4245 674 4300 2031>
689 4249 720 4316 65
740 4247 795 4302 vid.
815 4265 899 4319 supra
918 4269 944 4320 p.
963 4249 1005 4303 26.
