2862 4910
625 370 678 422 295

197 539 268 606 Sed
277 541 366 606 locus
389 541 516 606 omnino
537 559 600 604 non
612 545 719 622 potest
734 539 777 604 ad
787 539 1061 606 Anaximandrum
1083 540 1205 622 reterri,

84 648 172 730 quia
195 649 388 718 consulum
419 649 453 714 in
487 669 526 714 eo
557 650 646 716 nulla
678 655 751 716 eunt
783 649 914 732 indicia,
947 649 1061 732 quibus
1084 649 1204 717 Anaxi-

84 847 299 856 ———.-

84 965 217 1030 πέρας·
246 957 278 1015 τό
304 981 336 1014 τε
359 959 421 1031 γὰρ
441 967 545 1030 πέρας
563 963 617 1016 τῶν
636 957 821 1033 περιεχόντων
841 963 908 1018 ἔστί.
939 965 992 1014 καὶ
1015 956 1095 1026 αὕτη
1120 957 1135 1026 ἡ
1157 979 1204 1012 κο-

84 1061 267 1129 κλοφορία
289 1061 390 1116 τέλειος
412 1050 481 1110 οὖσα
500 1062 623 1128 περιέχει
647 1055 694 1117 τὰς
714 1054 815 1116 ἀτελεῖς
841 1062 887 1109 καὶ
915 1054 962 1116 τὰς
980 1055 1098 1127 ἐχούσας
1118 1059 1204 1124 πέρας

84 1158 135 1206 καὶ
156 1154 278 1214 παῦλαν,
297 1151 365 1219 αὕτη
384 1154 440 1225 μὲν
458 1150 593 1224 οὐδεμίαν
611 1149 665 1208 οἴετ’
687 1151 776 1225 ἀρχὴν
795 1155 898 1224 ἔχουσα
917 1149 977 1206 οὔτε
997 1145 1128 1220 τελευτήν,
1145 1149 1202 1204 ἀλλ’

85 1245 239 1308 ἄπαυστος
256 1242 325 1304 οὖσα
351 1247 400 1304 τὸν
418 1243 533 1319 ἄπειρον
550 1243 665 1320 χρόνον,
690 1250 745 1304 τῶν
768 1248 793 1302 ‹l’
814 1243 902 1303 ἄλλων
920 1251 975 1303 τῶν
994 1250 1049 1319 μὲν
1068 1253 1139 1302 αἰτία
1159 1250 1204 1314 τῆς

84 1343 192 1416 ἀρχῆς,
210 1347 265 1399 τῶν
286 1347 317 1400 δὲ
342 1347 481 1418 δεχομένη
501 1344 551 1412 τὴν
568 1347 702 1400 παῦλαν.“

197 1459 366 1528 Priusquam
387 1461 477 1529 ipsam
496 1460 578 1514 huius
596 1460 650 1514 loci
670 1460 837 1515 sententiam
853 1475 1034 1528 exponamus,
1054 1457 1204 1512 dicendum

87 1565 133 1610 eet
153 1555 193 1609 de
213 1555 382 1610 difficultate
403 1557 524 1625 quadam
536 1556 733 1626 grammatica,
756 1573 840 1623 quam
850 1554 1098 1621 Teichmuellerue‚
1117 1571 1203 1622 quan-

86 1655 154 1704 tum
176 1670 211 1706 cx
230 1651 288 1706 eine
307 1652 400 1706 verbis
428 1653 467 1722 lp.
487 1654 551 1720 577)
577 1652 667 1707 conici
690 1653 786 1722 ponit,
815 1671 871 1706 uon
895 1653 1008 1707 videtur
1028 1651 1203 1705 animadver-

88 1749 172 1802 tisse.
211 1747 373 1803 Difficultas
392 1749 484 1818 posita
503 1749 594 1804 estin
617 1749 722 1804 verbio:
751 1749 840 1804 ‘lom
857 1741 999 1802 ἀθάνατόν
1017 1767 1040 1800 τι
1061 1749 1107 1800 καὶ
1127 1753 1205 1799 θεῖον

88 1843 157 1896 τοῖν
178 1838 328 1914 ἐχόντων
345 1843 410 1914 μὲν
429 1850 574 1913 κίνησιν,
599 1838 748 1916 ἐχόντων
767 1844 802 1897 dl
827 1839 994 1912 τοιαύτην,
1024 1837 1092 1896 ὥστε
1111 1842 1205 1912 μηθὲν

89 1939 162 1992 εἶναι
186 1942 273 2008 πέρας
290 1935 392 2007 αὐτοῖς’,
412 1956 531 2008 quorum
551 1940 623 1994 ratio
644 1940 830 2009 grammatica
849 1956 905 1993 non
924 1939 1073 1993 convenire
1091 1930 1203 1994 videtur

88 2052 158 2090 cum
178 2034 240 2104 ipsa
258 2052 353 2089 rerum
373 2035 500 2090 veritate.
538 2034 652 2088 Etenim
672 2033 772 2095 verba;
808 2029 1007 2104 ’τῶνέχόντιιιν
1025 2033 1080 2103 μὲν
1096 2038 1204 2099 κίνησιν

89 2125 218 2201 ἐχόντων
236 2130 268 2183 δὲ
287 2124 434 2196 τοιαύτην
460 2136 525 2185 eunt
540 2131 687 2200 genetivus
705 2130 867 2198 partitivue,
891 2130 939 2198 qui
961 2130 1066 2198 pendet
1089 2148 1106 2183 a
1124 2147 1203 2198 prue-

89 2226 206 2282 cedenti
216 2228 383 2296 pronomine
401 2229 460 2280 ‘rtt
498 2228 551 2282 Hie
570 2227 717 2298 genetivus
727 2227 880 2296 partitivue
900 2227 1050 2295 dupliciter
1069 2227 1204 2295 explicari

89 2330 199 2392 potest,
219 2325 343 2393 primum
362 2325 411 2393 ita,
430 2329 463 2380 ut
482 2342 577 2378 earum
596 2341 700 2392 rerum,
726 2341 798 2393 quae
816 2329 923 2378 motum
943 2323 1057 2392 quidem
1079 2323 1202 2378 habeant

88 2422 139 2476 eed
158 2423 247 2476 talem
275 2427 392 2490 motum,
420 2423 499 2478 cuiue
525 2423 618 2476 nullus
637 2422 673 2475 eit
692 2421 763 2490 finis,
791 2422 908 2490 plures
936 2420 1203 2491 distinguantur

89 2518 242 2586 specics,
263 2518 458 2587 harumque
477 2536 546 2572 una
566 2519 687 2587 aliqua
705 2517 846 2572 dicatur
865 2516 1076 2571 immortalis
1101 2534 1139 2572 ac
1157 2517 1203 2570 di-

89 2615 176 2668 vina
195 2632 270 2683 ecee3
287 2614 388 2670 deinde
406 2615 455 2676 itu,
476 2619 507 2669 ut
527 2633 571 2670 roe
589 2615 641 2670 tali
660 2619 738 2670 motu
756 2618 867 2668 utentes
887 2631 901 2668 e
920 2613 1080 2682 pluribus
1099 2613 1203 2682 parti-

90 2712 164 2774 hue,
184 2712 275 2766 veluti
295 2730 329 2766 ex
349 2713 408 2781 ipso
429 2717 507 2766 motu
527 2716 556 2766 et
574 2730 605 2766 re
623 2711 713 2766 motui
732 2710 866 2778 subiecta,
885 2714 1056 2778 putentur
1075 2727 1202 2778 compo·

89 2809 181 2864 eitac
199 2827 285 2878 esee,
307 2809 501 2878 harumque
520 2811 671 2879 partium
697 2809 857 2864 omnibus
875 2807 1111 2861 communium
1139 2824 1203 2860 una

90 2905 212 2974 aliqua
234 2906 454 2962 immortalis
477 2925 553 2961 esee
577 2907 727 2962 dicatur.
765 2906 794 2960 Si
816 2905 912 2974 priore
934 2904 1017 2958 modo
1041 2903 1202 2972 accipimus,

89 3005 249 3073 quaeritur,
274 3022 413 3072 quaenam
432 3006 527 3074 plures
546 3005 613 3060 illae
632 3022 726 3058 rerum
754 3005 805 3060 tali
831 3008 909 3058 motu
933 3001 1072 3058 utentium
1097 3001 1202 3070 species

91 3099 160 3166 sint,
182 3115 303 3167 quarum
322 3117 379 3154 una
397 3100 493 3169 aliqua
512 3105 625 3154 tantum
643 3100 810 3154 immortalia
829 3117 862 3154 ac
879 3098 1105 3164 divinadioatur3
1125 3115 1201 3152 nam-

90 3197 208 3264 querci
227 3197 347 3251 veritate
366 3201 395 3252 et
411 3198 574 3252 Aristotelia
594 3197 733 3252 sententia
750 3215 857 3266 omne,
876 3197 951 3265 quod
964 3200 1071 3250 motum
1090 3194 1202 3262 habeat,

91 3293 189 3346 cuius
208 3293 326 3348 nullus
345 3293 392 3348 eit
414 3293 507 3359 linia,
534 3294 694 3350 immortale
714 3299 763 3348 est.
802 3294 831 3348 Si
850 3293 1006 3362 posteriore
1027 3292 1110 3348 modo
1130 3293 1200 3346 acci-

90 3389 192 3458 pimus,
213 3391 369 3460 quaeritur,
398 3409 535 3461 quaenam
563 3409 658 3446 rerum
687 3393 772 3445 talem
801 3394 909 3446 motum
928 3389 1092 3444 habentium
1119 3406 1201 3458 pare
1302 3433 1303 3436 ,

90 3485 260 3542 immortalia
279 3492 410 3556 putetur3
436 3505 502 3542 nam
520 3487 683 3542 Aristotelia
702 3505 799 3542 rureua
823 3487 962 3542 sententia
986 3503 1031 3540 ree
1051 3485 1102 3540 tali
1121 3489 1201 3540 motu

90 3585 212 3648 utentes,
230 3581 260 3634 id
279 3586 331 3646 eet,
357 3581 439 3636 orbes
458 3581 600 3647 coelestes,
619 3581 733 3636 omnino
757 3579 828 3634 nihil
847 3580 960 3646 habent,
984 3583 1059 3651 quod
1078 3599 1134 3636 non
1151 3581 1201 3636 im·

90 3677 213 3732 mortale
231 3677 276 3738 eit.
304 3677 443 3746 siquidem
469 3695 566 3732 eorum
590 3683 618 3732 et
635 3679 755 3734 materia
774 3683 803 3732 et
827 3679 970 3733 conversio
989 3679 1135 3734 circularis
1155 3697 1199 3734 ae·

91 3778 174 3830 terna
193 3779 279 3843 atque
297 3775 481 3830 immutabili·
501 3779 551 3830 eet.
570 3774 630 3830 Hae
643 3775 732 3846 igitur
742 3775 813 3829 duae
832 3775 887 3830 loci
899 3775 1109 3844 explicationes,
1128 3793 1200 3844 quae

91 3873 165 3926 solae
184 3872 220 3926 ed
239 3871 297 3926 eius
316 3872 456 3926 rationem
475 3872 685 3942 grammaticam
705 3872 789 3940 plane
799 3871 1027 3928 accommodatae
1044 3877 1118 3934 eunt.
1138 3890 1198 3926 een·

91 3969 209 4024 tentiam
228 3967 362 4024 exhibent
386 3969 518 4038 ineptam.
556 3969 611 4024 Sed
635 3974 746 4038 praeter
770 3969 820 4024 hae
844 3969 914 4024 duae
939 3969 1139 4038 explicationes
1158 3970 1199 4023 vi-

91 4063 173 4120 detur
192 4065 278 4120 tertia
297 4083 365 4134 esse,
387 4083 471 4134 quam
486 4066 525 4120 aiu
544 4084 684 4135 propono:
709 4066 876 4120 Aristoteles
896 4065 990 4120 dicere
1011 4067 1111 4134 voluit,
1140 4085 1198 4121 een·

93 4163 182 4218 tentia
201 4163 322 4232 quadam
348 4162 467 4232 antiqua
486 4180 584 4218 eorum
605 4181 724 4233 quoque,
754 4181 825 4232 quae
844 4168 1032 4233 moverentur,
1061 4164 1200 4232 aliquid

95 4259 295 4314 immortale
315 4276 352 4314 ac
374 4259 529 4314 divinum
549 4260 681 4328 putari,
710 4259 739 4313 id
764 4259 908 4328 videlicet,
936 4259 1011 4328 quod
1040 4263 1201 4316 moveretur
