2862 4910
637 377 688 442 351

80 549 141 620 tia
170 551 276 622 facile
301 559 427 641 concipi
449 565 576 642 poterat
598 581 640 625 ex
662 562 713 638 iis,
744 580 827 643 quae
859 564 938 646 ipsis
971 567 1119 631 sensibus
1143 561 1210 631 ani-

81 667 400 734 madvertebantur.
417 669 542 734 Similis
554 668 682 733 videtur
697 671 908 737 Anaximenis
921 676 1081 739 sententia
1096 695 1168 740 esse
1178 679 1210 755 ¹).

209 775 278 839 laur
302 797 372 842 cum
396 777 640 843 Anaximander
660 786 777 844 terram
800 781 832 843 in
854 780 962 845 media
981 783 1091 848 mundi
1118 793 1210 866 parte

82 886 184 950 velit
209 886 400 951 collocatam
423 907 506 968 esee,
530 887 570 952 de
593 908 720 965 caussa,
745 889 856 953 curin
879 889 940 956 hac
956 912 1015 956 sua
1038 892 1115 958 sede
1137 915 1209 959 ma-

83 1001 204 1077 neat,
228 997 429 1073 sententiam,
454 999 615 1080 proponit,
636 1017 719 1079 quae
744 1004 897 1080 tanquam
921 1000 1028 1066 subita
1051 1003 1209 1084 quaedam

83 1104 255 1168 veritatis
289 1106 344 1170 lux
367 1106 552 1190 opinionem
584 1107 640 1171 illa
664 1114 772 1172 aetate
795 1128 993 1175 communem
1016 1118 1048 1176 et
1070 1113 1209 1194 quadam

85 1213 275 1294 cogitandi
304 1215 534 1281 consuetudine
567 1217 665 1280 etiam
689 1219 907 1282 necessariam
935 1224 1121 1305 perrumpit.
1169 1223 1209 1288 Ut

86 1323 192 1386 enim
225 1323 296 1406 ipse
320 1325 511 1391 Aristoteles
535 1332 680 1408 testatur,
710 1347 792 1392 unus
827 1330 969 1393 omnium
991 1332 1208 1412 antiquiorum

86 1431 372 1516 philosophorum
394 1436 515 1510 statuit,
547 1442 665 1500 terram
698 1437 730 1500 in
761 1436 866 1501 medio
887 1438 1006 1502 mundo
1035 1439 1208 1523 pendulam

88 1561 178 1606 esse
200 1563 222 1606 a
244 1543 333 1624 nulla
362 1564 395 1608 re
421 1550 608 1610 sustentem.
653 1544 810 1610 Oaussam
842 1553 958 1623 autem,
993 1568 1049 1612 cur
1081 1549 1113 1612 in
1144 1549 1208 1614 hac

91 1670 163 1715 sua
198 1650 274 1715 sede
301 1659 488 1735 permaneat
520 1673 581 1718 nec
614 1654 647 1718 in
680 1654 779 1718 ullam
805 1644 929 1736 partem
953 1655 1103 1739 declinet,
1137 1677 1208 1722 eam

90 1780 186 1825 esse
201 1760 292 1842 dicit,
325 1764 410 1844 quod
445 1764 593 1846 ubique
620 1763 751 1830 eodem
784 1766 1004 1830 interuallo
1035 1768 1207 1832 emundi

93 1871 281 1935 circuitu
304 1870 434 1949 distet,
459 1870 519 1936 hac
550 1873 617 1937 fere
648 1891 725 1937 usus
748 1873 1017 1940 ratiocinatione:
1051 1896 1208 1957 quaeres
1263 1955 1270 1966 Ι

92 1980 131 2042 in
159 1978 272 2044 medio
293 1979 412 2045 mundo
434 1981 543 2064 posita
564 1983 613 2061 sit,
637 2000 706 2045 eam
731 1980 775 2046 ad
795 2001 905 2046 omnes
927 1983 1081 2048 circuitus
1097 1992 1207 2068 partes

93 2089 243 2153 eandem
276 2087 396 2153 habere
420 2090 586 2164 rationem,
614 2109 698 2171 quae
731 2110 782 2156 res
812 2097 918 2155 autem
950 2091 1012 2158 hoc
1044 2094 1139 2159 modo
1173 2115 1207 2160 se

93 2197 232 2272 lrabeat,
260 2198 288 2262 ei
312 2198 432 2262 nullam
456 2219 527 2263 esse
551 2217 709 2273 caussam,
735 2219 792 2264 cur
807 2199 963 2265 deorsum
979 2202 1087 2284 potius
1110 2222 1205 2285 quam

95 2327 230 2372 sursum
255 2315 310 2370 aut
332 2308 365 2371 iu
389 2308 555 2389 obliquum
567 2314 749 2388 moveatur;
773 2329 849 2392 ergo
866 2308 948 2374 hanc
965 2331 1031 2376 rem
1047 2320 1207 2396 oportere,

96 2419 127 2481 si
152 2418 285 2481 omnino
303 2423 478 2491 moveatur,
512 2397 606 2482 simui
636 2419 669 2481 in
703 2437 814 2482 omues
836 2425 946 2501 partes
968 2422 1103 2495 moveri;
1141 2423 1206 2487 iam

95 2546 180 2590 vero
201 2525 337 2590 eandem
360 2547 427 2592 rem
445 2545 509 2591 non
531 2547 626 2611 posse
644 2529 741 2592 simul
764 2529 796 2591 in
820 2529 998 2608 contrarias
1015 2535 1122 2612 partes
1139 2548 1203 2594 mo-

96 2637 190 2716 veri;
219 2656 295 2719 ergo
318 2656 388 2701 eam
411 2657 488 2712 rem,
522 2657 605 2718 quae
629 2638 662 2700 in
684 2637 790 2702 medio
814 2638 932 2703 mundo
955 2641 1063 2723 posita
1085 2639 1137 2722 sit,
1172 2641 1205 2703 in

95 2743 225 2806 nullam
248 2760 343 2826 posse
369 2749 492 2825 partem
515 2745 647 2825 moveri,
677 2742 735 2808 sed
761 2744 956 2809 immobilem
979 2746 1012 2809 in
1039 2767 1098 2812 sua
1126 2748 1204 2813 sede

98 2850 282 2928 manere2).
326 2850 511 2916 Alexander
535 2852 665 2933 quidem
688 2849 770 2917 teste
794 2853 961 2936 Simplicio
985 2856 1092 2938 refert,
1120 2857 1205 2921 Ana-

207 3130 232 3198 l)
252 3129 291 3183 cf.
311 3147 380 3198 prae
400 3130 499 3184 ceteris
517 3130 630 3200 Hippoi.
649 3131 757 3185 Refutt.
778 3132 798 3199 Ι,
819 3135 842 3185 7.

204 3218 234 3288 2)
254 3219 374 3272 Aristot.
395 3219 468 3272 Coel.
488 3219 525 3285 11,
547 3223 586 3273 13.
609 3220 746 3273 2951210:
785 3223 828 3288 „oi
852 3220 908 3292 μὲν
931 3212 979 3274 οὗν
1004 3225 1127 3274 πλεῖσται
1143 3227 1206 3292 περὶ

99 3313 150 3374 τὰς
168 3319 255 3373 αἰτίας
277 3310 374 3374 ταύτας
398 3315 445 3383 (sc.
469 3316 527 3368 τοῦ
551 3321 673 3386 μένειν
691 3314 748 3382 τὴν
770 3317 812 3384 γῆ
821 3319 847 3384 ν)
874 3318 1072 3386 διατρίβουσιν·
1097 3321 1149 3370 εἰσὶ
1173 3319 1208 3371 dr‘

99 3429 180 3474 τινες,
201 3415 227 3464 οἱ
247 3409 301 3464 ded
326 3410 382 3477 τὴν
408 3407 596 3483 ὁμοιότητά
620 3431 709 3484 φασιν
732 3409 815 3479 αὐτὴν
833 3417 938 3482 μένειν,
963 3410 1056 3482 ὥσπερ
1080 3415 1134 3468 τῶν
1157 3411 1204 3485 dp-

97 3504 438 3578 χαίωνἈναξίμανιῘρος.
468 3511 600 3580 μᾶλλον
627 3509 694 3580 μὲν
720 3507 785 3579 γὰρ
815 3505 920 3563 οὐθὲν
949 3503 1014 3563 ἄνω
1042 3504 1204 3578 ἣκιίιωῆ

101 3605 204 3662 eterni
225 3599 349 3673 πλάγια
370 3609 544 3676 φέρεσθαι
564 3601 728 3675 προσήκει.
756 3603 791 3658 τὸ
824 3607 880 3658 ἐπὶ
909 3607 966 3659 τοῦ
993 3605 1205 3678 μέσουὶδρὺ-

99 3718 208 3770 μενον
236 3705 290 3753 καὶ
309 3699 439 3772 ὁμοίως
468 3699 554 3772 πρὸς
576 3699 612 3754 τὰ
638 3703 765 3773 ἔσχατα
785 3704 876 3772 ἕχον·
899 3699 968 3772 ἅμα
994 3703 1019 3755 d'
1040 3695 1205 3759 ἀδύνατον

102 3793 328 3856 εἰςτᾶνανιία
357 3805 538 3851 ποιεῖσθαι
564 3796 792 3866 τὴνκίνησιν·
822 3794 896 3852 ὥστ’
925 3795 1124 3869 ἐξάνάγκης
1149 3805 1203 3870 μέ-

101 3896 202 3949 νειν.“
239 3895 302 3948 Etsi
321 3881 389 3948 haec
409 3896 616 3965 argumentatio
641 3895 676 3948 ab
696 3895 846 3949 Aristotele
866 3896 993 3950 oratione
1012 3895 1121 3950 directa
1139 3915 1202 3965 pro-

101 3982 227 4050 ponitur,
255 3986 349 4036 tamen
375 4000 437 4036 earn
464 3982 551 4051 ipsius
570 3983 773 4037 Anaximandri
802 4001 860 4036 esse
890 3984 954 4037 inde
967 3988 1101 4058 apparet,
1129 3985 1203 4052 quod

102 4078 279 4146 Aristoteles,
298 4078 335 4132 ib.
356 4096 380 4131 v.
403 4082 444 4143 16,
464 4079 559 4132 statim
579 4079 671 4133 addit:
691 4080 787 4147 „reiro
807 4079 838 4132 di
860 4081 990 4148 λέγεται
1010 4081 1130 4150 κομψῶς
1148 4081 1203 4150 μὲν

103 4171 152 4227 οὐκ
172 4170 281 4240 ἀληθῶς
300 4175 346 4227 δέ·
367 4173 434 4227 κατὰ
447 4173 501 4244 γὰρ
519 4178 615 4228 τοῦτον
627 4173 675 4228 τὸν
689 4179 772 4245 λέγον
790 4177 873 4244 κτλ.“,
893 4177 1022 4245 quodque
1035 4177 1094 4230 eius
1108 4181 1203 4245 partes

104 4271 271 4342 singillatim
290 4272 408 4340 rel'ellit;
432 4271 467 4325 os.
493 4272 614 4326 maxime
633 4272 671 4325 ib.
693 4291 719 4326 v.
737 4273 773 4325 29
792 4291 832 4340 eq.
869 4273 976 4328 Eadem
1000 4273 1203 4327 Anaximandri
