2862 4910
622 415 675 466 283

77 584 152 648 1οοί
181 585 360 651 mutatione
391 587 593 665 consisteret,
620 585 761 650 maximo
784 605 881 669 opere
904 584 1119 650 dubitandum
1142 593 1201 666 est,

80 692 127 758 de
143 713 215 774 qua
229 716 264 759 re
282 713 357 758 mox
377 695 523 777 pluribus
539 703 666 778 agotum
687 715 826 777 namque
845 694 930 760 hane
947 700 1050 760 motus
1066 695 1201 760 formam

80 802 246 867 omnibus
275 804 351 869 aliis
376 805 515 887 priorem
542 824 624 882 esse,
657 805 781 888 primus
808 810 920 888 aperte
946 803 1058 870 doeuit
1081 803 1201 870 Aristo·
1271 881 1272 886 ἵ

81 913 191 990 teles3
215 933 293 994 ergo
315 915 435 996 pariter
458 911 669 978 dubitandum
691 921 749 995 est,
773 933 847 978 num
870 907 1029 997 κινήσεως
1043 914 1201 978 voeabulo

82 1023 322 1104 appellaverit.
366 1023 394 1087 E
428 1023 641 1106 posteriorum
675 1026 864 1106 scriptorum
894 1024 976 1089 loeis
1010 1022 1051 1088 de
1084 1022 1202 1086 haere

82 1130 175 1194 nihil
197 1131 347 1196 eoneludi
363 1137 484 1214 potest3
507 1131 594 1214 quod
616 1133 703 1196 enim
717 1131 997 1196 Anaximandrum
1009 1132 1203 1214 simplieiter

82 1238 208 1303 dieunt
231 1246 397 1306 aeteruum
419 1247 540 1306 motum
562 1232 683 1316 (ἀΐδιον
705 1238 877 1324 κίνησιν)
895 1242 1052 1325 posuisse,
1076 1240 1108 1305 id
1131 1243 1202 1306 sine

84 1348 195 1413 dubio
215 1350 257 1414 ab
281 1351 516 1432 antiquioribus
540 1350 760 1434 scriptoribus,
782 1352 872 1416 velut
894 1348 1128 1433 Theophrasto,
1151 1370 1202 1415 ao-

85 1465 267 1542 eeperunt3
291 1480 485 1543 quamquam
502 1480 560 1544 per
581 1481 616 1527 se
639 1461 719 1527 nihil
731 1461 876 1545 impedit,
897 1464 1068 1544 quominus
1083 1464 1203 1544 pariter

85 1574 195 1650 atque
219 1571 407 1636 Aristoteles
438 1578 560 1636 certam
585 1571 748 1653 quandam
771 1579 877 1637 motus
898 1573 1034 1637 formam
1057 1570 1203 1654 generali

87 1676 253 1760 κινήσεως
281 1679 438 1745 vocabulo
467 1680 713 1763 appellaverint,
741 1686 837 1762 atque
868 1701 907 1746 eo
930 1679 1060 1762 quidem
1088 1678 1201 1762 magis,

87 1786 185 1868 quod
207 1787 261 1852 alii
282 1789 454 1871 scriptores
467 1790 672 1872 posteriores,
695 1791 783 1855 velut
794 1787 1042 1873 Philopouus¹),
1068 1790 1100 1853 in
1117 1791 1201 1852 Ana·

89 1893 261 1959 ximandri
284 1894 431 1960 doetrina
452 1914 616 1977 nunquam
640 1896 684 1962 de
707 1903 818 1979 motu,
846 1896 904 1962 sed
927 1897 1029 1962 solum
1052 1895 1093 1962 de
1116 1916 1201 1961 oon-

89 2007 306 2070 trariorum
329 2003 550 2068 seoretione
572 2004 754 2085 loquuntur.
789 2003 1061 2085 Itaquequamvis
1080 2010 1201 2068 eertum

90 2115 148 2194 sit,
184 2110 464 2178 Anaximandrum
493 2110 655 2194 prineipio
687 2109 849 2193 quendam
881 2111 1034 2176 tribuisse
1072 2118 1201 2194 motum,

91 2229 205 2286 tamen
229 2219 359 2285 omnino
382 2219 514 2285 dubium
538 2224 596 2296 est,
625 2239 698 2284 num
723 2219 810 2284 hune
832 2225 954 2285 motum
977 2219 1096 2285 dixerit
1117 2218 1200 2303 aisq-

91 2351 159 2393 σιν.
206 2328 297 2406 Quae
319 2346 371 2392 res
393 2347 490 2410 quam
512 2327 632 2394 habeat
652 2329 728 2411 vim,
751 2348 825 2393 mox
848 2328 1029 2412 apparebit.

197 2466 225 2529 3.
270 2462 431 2544 Sequitur,
464 2471 499 2529 ut
525 2464 590 2528 iam
612 2462 673 2529 hoe
694 2464 800 2545 ipsum
823 2462 1043 2547 quaerendum
1066 2465 1115 2542 sit,
1149 2483 1200 2528 ae-

92 2579 206 2638 ternus
229 2572 284 2637 ille
309 2573 542 2638 Anaximandri
563 2578 667 2638 motus
690 2573 746 2656 qui
770 2574 823 2638 sit.
866 2573 916 2638 De
943 2592 1007 2655 qua
1030 2593 1064 2638 re
1088 2574 1114 2637 si
1137 2572 1201 2655 pri-

94 2704 184 2746 mum
207 2682 294 2746 loeos
317 2689 413 2747 antea
439 2681 587 2748 laudatos
611 2684 816 2764 consulimus,
848 2681 935 2748 hisee
961 2681 1203 2747 Anaximander

94 2791 294 2874 generaliter
316 2795 439 2855 tanturn
465 2790 584 2856 dieitur
611 2791 770 2875 prineipio
801 2799 921 2858 motum
944 2791 1093 2871 tribuere,
1117 2791 1203 2854 nulla

95 2901 179 2965 eerti
202 2899 328 2984 generis
352 2897 576 2982 designatione
607 2899 729 2966 addita.
775 2904 880 2983 Atque
904 2900 1109 2965 Aristotelem
1132 2901 1203 2981 qui—

95 3009 172 3075 dem
195 3029 234 3073 eo
249 3008 543 3093 Metaphysieorum
566 3011 646 3092 loeo,
670 3031 733 3092 quo
759 3012 866 3094 paullo
889 3017 964 3075 ante
980 3012 1029 3076 usi
1049 3011 1202 3087 sumusl),

96 3117 224 3202 κίνησιν
245 3118 354 3184 dioere
386 3118 620 3202 significatione
642 3119 777 3196 infinita,
807 3121 853 3185 ita
882 3126 916 3184 ut
939 3118 1075 3203 quodvis
1098 3126 1203 3184 motus

97 3247 202 3310 genus
215 3226 358 3310 intellegi
372 3229 485 3310 possit,
509 3228 608 3294 etiam
621 3227 894 3294 demonstratione
906 3228 1050 3294 efficitur.
1075 3227 1201 3292 Etenim

97 3333 160 3401 hoe
181 3336 254 3401 loeo
276 3334 440 3420 physicos,
474 3340 529 3419 qui
558 3338 679 3420 pariter
705 3343 804 3421 atque
827 3337 960 3402 Eleatae
988 3335 1022 3400 id
1045 3336 1131 3419 quod
1154 3343 1203 3401 est

98 3463 197 3508 unum
220 3451 350 3527 ponant,
372 3446 413 3510 ab
439 3445 528 3511 hisee
553 3467 591 3511 eo
606 3446 785 3530 distinguit,
809 3445 893 3528 quod
917 3445 950 3508 hi
974 3443 1009 3509 id
1029 3465 1125 3510 unum
1146 3465 1203 3510 ens

98 3553 309 3636 immotum,
333 3553 381 3617 illi
404 3560 512 3620 autem
535 3561 639 3620 motu
663 3553 879 3639 praeditum
900 3572 972 3618 esse
994 3553 1104 3618 velint.
1136 3554 1203 3618 Ita-

98 3681 160 3745 que
192 3662 240 3727 ita
262 3661 414 3746 physieos
438 3661 519 3727 dieit
549 3664 605 3728 uni
628 3682 685 3728 suo
721 3661 788 3728 enti
822 3667 941 3727 motum
973 3662 1124 3745 tribuere,
1158 3668 1203 3727 ut

98 3791 162 3838 eos
198 3771 354 3836 Eleatis
386 3791 534 3837 omnem
576 3776 718 3836 motum
752 3771 984 3836 tollentibus
1020 3778 1202 3855 opponat.

201 4105 228 4174 1)
248 4105 288 4159 Cf.
308 4105 457 4176 Philoponi
487 4107 563 4164 loeos
591 4124 676 4176 supra
705 4125 731 4175 p.
753 4109 802 4160 126
823 4124 873 4175 sq,
897 4107 1019 4161 maxime
1047 4124 1074 4175 p.
1097 4109 1156 4176 127,
1179 4111 1201 4176 l,

99 4207 162 4255 set
180 4201 208 4255 b.

199 4298 226 4365 2)
246 4297 369 4368 Metaph.
390 4300 413 4368 I,
433 4299 508 4354 trsub
526 4302 565 4354 lt.
586 4299 656 4355 Vide
675 4318 759 4369 supra
778 4318 803 4369 p.
830 4302 891 4362 279,
912 4304 922 4352 l
945 4305 974 4356 et
995 4318 1021 4372 p.
1042 4301 1102 4358 282.
