2882 4902
608 387 643 446 63

67 563 169 632 dietis
194 563 304 646 addit,
326 563 508 649 quiounque
529 571 711 648 autequam
726 571 901 632 autserem
923 571 980 632 aut
1001 572 1178 654 naturam

69 674 270 756 quandam
296 694 395 758 aque
424 674 670 740 subtiliorem
692 693 779 741 aere
811 681 940 741 eutem
962 674 1180 742 densiorem

71 783 175 848 urium
199 784 343 850 omnium
364 784 556 850 elementum
578 784 699 868 pouebt
720 782 819 866 idque
834 783 993 850 ieoieutes
1017 773 1116 865 (siro)
1139 803 1180 850 ex

71 891 132 958 boe
167 893 297 976 reliqua
328 891 632 959 condensatione
664 897 700 958 et
732 891 995 958 rureisotione
1029 893 1181 976 eiiioiuut,

72 1021 128 1067 eos
152 1002 220 1068 bae
242 1001 317 1084 ipsu
339 1001 487 1068 doetrine
508 1007 650 1068 statuere
672 999 809 1085 aliquid,
836 985 922 1084 quod
943 1001 1016 1087 ipso
1039 1001 1096 1067 illo
1118 1002 1180 1068 ele·

73 1119 187 1177 mento
209 1110 301 1194 prius
324 1112 374 1184 sit,
410 1111 572 1193 quonism,
604 1111 660 1176 illo
687 1110 907 1192 generationis
937 1109 1032 1177 modo
1065 1112 1181 1196 posito,

74 1221 107 1286 id
131 1221 225 1304 quod
247 1210 399 1286 subtilius
421 1221 473 1303 sit,
496 1219 678 1303 simplicius
691 1221 792 1286 etiem
816 1220 954 1303 ideoque
975 1219 1066 1305 prius
1088 1239 1180 1304 opor·

74 1337 142 1396 teat
169 1350 243 1397 esse
266 1349 314 1407 eo,
336 1328 421 1413 quod
444 1331 485 1397 sit
507 1329 649 1410 densius,
672 1336 853 1414 propterea,
876 1328 963 1412 quod
977 1329 1038 1396 boo
1060 1349 1102 1397 ex
1124 1330 1181 1395 illo

76 1438 286 1505 ooneretione
317 1437 374 1504 fist
406 1447 439 1504 et
472 1440 505 1503 in
537 1438 618 1504 illud
656 1437 868 1504 dissolutione
900 1438 1094 1518 reservatus
1126 1457 1182 1504 eos

76 1555 197 1632 eutem,
221 1548 278 1631 qui
299 1549 407 1630 ignem
429 1554 560 1632 ponant,
584 1567 646 1613 non
669 1547 730 1614 beo
751 1546 882 1630 quidem
905 1545 962 1614 sed
985 1546 1060 1613 eliis
1077 1546 1181 1630 impli-

78 1659 148 1724 euri
171 1656 461 1735 diifioultatibusb.

180 1767 265 1834 Tum
295 1765 359 1832 duo
391 1767 447 1834 illu
476 1765 683 1851 pbysioorum
712 1785 832 1850 genere
863 1771 1030 1849 memorat,
1062 1766 1119 1832 ubi
1142 1766 1182 1833 de

80 1877 268 1942 materiae
290 1877 421 1942 notione
444 1876 590 1960 disputat
615 1881 713 1958 etque
741 1873 871 1958 quidem
905 1875 1008 1942 tribus
1042 1874 1183 1942 maxime

80 1986 170 2052 loeis.
214 1985 341 2052 Primus
370 1987 460 2052 loeus
489 1991 539 2051 est
571 1985 606 2050 in
641 1985 745 2070 primo
767 1983 1063 2069 Metupbysieorum
1087 1985 1181 2069 libro,

82 2113 130 2176 eo,
159 2113 256 2177 quem
278 2102 375 2161 antee
396 2094 610 2177 laudavimus,
633 2095 742 2179 paullo
770 2094 922 2178 anterior,
945 2113 1018 2177 quo,
1039 2095 1181 2180 priorum

82 2202 348 2289 pbilosophorum
374 2204 506 2271 deerets
534 2224 606 2271 oum
637 2210 788 2287 quattuor
814 2203 882 2271 suis
904 2204 1075 2289 principiis
1098 2225 1180 2270 oom-

84 2332 212 2397 paruns,
236 2312 271 2380 id
292 2313 377 2396 quod
399 2314 589 2380 inmaturis
610 2314 750 2399 positum
773 2314 816 2379 sit
837 2313 1031 2398 principium
1053 2314 1119 2379 iem
1140 2313 1182 2380 ub

86 2424 233 2490 omuibus
255 2423 417 2507 prioribus
439 2422 642 2509 pbilosophis
672 2424 783 2506 aliquo
814 2422 910 2492 modo
935 2423 1082 2507 agnitum
1111 2443 1183 2490 esse

86 2531 173 2616 dieii,
196 2539 229 2600 et
245 2554 266 2599 a
281 2533 423 2616 Plutone,
446 2530 671 2618 Pythagoreis,
695 2530 898 2616 Empedoole‚
924 2533 1128 2616 Anaxagora,
1151 2539 1183 2599 et

87 2642 128 2708 ub
149 2642 200 2725 iis,
224 2642 281 2726 qui
302 2649 358 2710 aut
380 2663 487 2710 aerem
508 2643 560 2709 vel
582 2642 691 2727 ignem
713 2644 765 2709 vel
789 2661 907 2725 uquam
929 2649 985 2709 aut
1006 2648 1183 2709 naturum

88 2752 274 2834 quandam
302 2753 391 2836 igne
418 2735 640 2819 densiorem
667 2771 758 2819 aere
786 2759 910 2819 autem
940 2753 1184 2818 subtiliorem

93 2895 127 2908 -
148 2879 286 2944 namque
308 2861 405 2927 etium
432 2863 497 2928 tale
518 2858 644 2944 aliquid
671 2881 692 2927 u
721 2860 915 2944 quibusdem
939 2861 1076 2946 primurn
1100 2860 1185 2944 posi·

89 2977 154 3036 tum
185 2989 256 3038 esse
290 2972 528 3037 elementum
553 3005 592 3017 -
614 2970 711 3038 rebus
747 2967 956 3054 subiciant²);
989 2970 1184 3055 posteriores

90 3085 202 3156 eutem,
227 3099 293 3162 eos,
319 3080 375 3162 qui
397 3087 454 3146 aut
475 3099 573 3146 uuum
594 3099 635 3146 ox
658 3080 721 3146 illis
740 3077 908 3146 elementis
930 3085 985 3146 out
1000 3078 1186 3145 benenatu-

91 3206 156 3252 rem
178 3187 318 3270 medium
344 3195 474 3274 ponent,
501 3190 543 3257 eb
574 3188 639 3256 illis
661 3189 823 3276 prioribus
852 3207 890 3256 eo
923 3187 1063 3271 differre,
1098 3187 1186 3270 quod

188 3420 212 3491 l)
231 3420 302 3476 Ibid.
321 3419 391 3476 8031>
406 3423 439 3476 le
460 3421 605 3491 (continuo
624 3425 689 3491 post
705 3422 793 3477 verbe
805 3411 932 3491 proxime
950 3419 1086 3489 leudutal:
1105 3415 1187 3488 ,,ὅσοι

93 3517 144 3589 μὲν
161 3509 209 3572 οὖν
226 3516 257 3572 τὸ
284 3517 321 3574 ἓν
337 3519 416 3572 τοῦτο
438 3520 566 3574 ποιοῦσιν
588 3513 660 3588 ὕδωρ
680 3512 696 3586 ἢ
718 3512 819 3590 ἀέραῆ
841 3513 961 3577 ὕδατος
983 3516 1049 3589 μὲν
1071 3512 1186 3570 λεπτό-

93 3631 180 3686 τερος
199 3612 297 3686 ἀέρος
315 3616 351 3670 δὲ
369 3611 583 3688 πυκνότερον,
604 3616 650 3670 elr'
670 3617 701 3670 ln
719 3609 813 3670 τούτου
830 3610 975 3681 πυκνότητι
992 3616 1039 3668 καὶ
1055 3607 1187 3687 μανότητι

94 3703 170 3764 udilo
187 3714 332 3783 γεννῶσιν,
355 3697 427 3767 οὗτοι
447 3709 632 3768 λανθάνουσιν
648 3710 724 3767 αὐτοὶ
742 3708 838 3772 αὐτοὺς
860 3707 926 3766 ἀλλο
943 3732 968 3766 τι
986 3706 1123 3783 πρότερον
1140 3710 1188 3763 τοῦ

96 3814 224 3880 στοιχείου
240 3809 406 3868 nonime!
426 3849 433 3864 .
453 3847 460 3862 .
479 3812 547 3864 804⁸
561 3812 589 3865 7:
609 3805 670 3864 ὅσοι
687 3809 719 3864 δὲ
732 3810 787 3880 πῦρ
804 3806 981 3864 ὑποτίθενται
997 3805 1028 3862 τὸ
1042 3812 1187 3878 στοιχεῖον,

96 3905 167 3960 τοῦτο
184 3906 239 3979 μὲν
256 3901 465 3978 διαφεύγουσιν,
482 3901 549 3960 ἄλλα
568 3906 601 3960 δὲ
622 3903 712 3967 αὐτοῖς
729 3903 881 3978 ἀναγκαῖον
898 3899 986 3976 ἀλογα
999 3903 1185 3976 σομραένειν.“

188 4003 215 4073 2)
233 4003 358 4074 Meibph.
383 4003 405 4068 I,
432 4005 449 4057 7
472 4004 538 4059 988⁸
553 4005 602 4060 282
644 3987 735 4073 „odedu
756 4019 785 4057 τε
808 4000 842 4070 δὴ
871 3993 971 4062 πάντες
994 4002 1040 4068 τῆς
1066 3993 1189 4065 τοιαύτης

98 4099 176 4158 αἰτίας
193 4097 312 4172 ἡμμένοι
334 4104 396 4164 eloi,
430 4105 476 4154 καὶ
497 4102 535 4156 ἔτι
558 4095 620 4154 ὅσοι
639 4097 706 4171 ἀέρα
735 4094 751 4167 ἢ
770 4100 825 4170 πῦρ
843 4091 860 4166 ἢ
879 4095 951 4170 ὕδωρ
969 4091 985 4165 ἢ
1005 4098 1106 4168 πυρὸς
1122 4096 1188 4167 μὲν

99 4190 296 4268 πυκνότερον
315 4192 416 4267 ἀέρος
434 4197 472 4250 δὲ
491 4191 709 4267 λεπτότερον·
734 4193 850 4266 καὶγὰρ
872 4188 996 4249 τοιοῦτόν
1017 4211 1087 4253 τινες
1105 4188 1187 4264 sipi·

100 4305 172 4344 ιοοιν
188 4293 252 4348 εἶναι
272 4289 302 4348 τὸ
322 4294 432 4365 πρῶτον
451 4292 649 4366 στοιχεῖον.“
