2882 4902
624 395 659 448 25

87 564 210 631 lexerit
232 573 264 631 et
286 573 374 632 oerto
396 567 460 633 sibi
478 568 683 653 persuaserit,
705 588 862 634 summum
878 589 984 634 rerum
999 568 1193 656 principium

90 675 253 742 contineri
282 697 346 742 non
372 699 469 762 posse
497 678 560 744 nisi
588 699 640 761 eo,
676 679 762 762 quod
794 686 879 746 esset
913 679 1080 745 inlinitum.
1125 681 1194 746 Hoe

89 793 201 852 autem
230 787 260 852 si
290 787 353 853 sihi
376 788 550 871 persuasit,
573 787 767 872 persuadere
789 794 897 853 autem
918 788 979 854 sibi
1004 809 1067 854 non
1092 791 1195 875 potuit

90 896 164 962 sine
192 896 373 963 rationibus
399 896 443 962 ad
468 897 729 982 persuadendum
758 898 897 981 idoneis,
927 901 993 965 iam
1022 901 1194 984 quaeritur,

91 1006 158 1072 hae
182 1007 325 1072 rationes
347 1007 581 1090 quaesiuerint.

195 1117 245 1182 De
268 1135 332 1198 qua
347 1116 477 1198 quidem
498 1137 531 1182 re
554 1116 705 1200 equidem
727 1118 774 1184 sio
794 1116 955 1194 existimo,
977 1137 1032 1184 eas
1055 1118 1194 1184 maxime

91 1246 134 1292 ex
159 1225 233 1310 ipsa
253 1227 371 1293 summi
386 1227 539 1311 principii
562 1227 692 1293 notione
715 1226 869 1310 repetitas
892 1226 1001 1292 fuisso.
1047 1229 1194 1312 Namque

91 1337 226 1404 omnino
240 1337 309 1404 veri
321 1337 428 1403 simile
442 1336 661 1416 videturesse,
678 1357 749 1403 eam
761 1337 1038 1404 Anaximandrum
1052 1344 1195 1404 seoutum

92 1467 166 1513 esse
189 1446 442 1532 philosophandi
460 1446 626 1530 rationem,
650 1453 685 1514 ut
695 1468 759 1513 essa
776 1445 910 1530 aliquod
920 1467 1078 1513 summum
1091 1467 1196 1514 rerum

92 1557 293 1641 prinoipium
320 1557 393 1643 ipsa
418 1559 553 1624 veritate
582 1564 716 1642 nogento
746 1565 867 1624 eertum
891 1577 962 1624 esse
985 1564 1126 1643 putaret3
1161 1566 1197 1626 ut

92 1667 135 1732 ab
158 1665 220 1732 hoe
245 1666 338 1734 initio
360 1669 523 1754 profectus
555 1675 640 1734 totus
667 1675 847 1734 versaretur
874 1667 908 1732 in
935 1687 976 1734 ea
998 1667 1195 1750 quaestione,

93 1777 191 1858 quale
214 1782 375 1860 oporteret
395 1795 465 1842 esse
488 1775 532 1858 id,
554 1776 589 1842 in
604 1796 666 1859 quo
679 1756 795 1841 summi
809 1773 963 1860 prinoipii
979 1773 1029 1840 vis
1046 1795 1084 1840 ao
1106 1775 1195 1840 notio

93 1892 295 1967 cerneretur,
329 1892 363 1951 ut
392 1885 531 1969 denique
566 1886 609 1952 ad
646 1885 730 1951 hano
763 1905 830 1950 rem
862 1883 1117 1967 cognoscendam
1153 1885 1195 1950 iis

93 1995 300 2080 potissimum
331 2002 485 2080 uteretur,
521 2016 604 2079 quae
628 1997 700 2080 ipsa
727 1993 842 2061 summi
874 1994 1029 2078 principii
1065 1994 1195 2061 notione

92 2105 254 2172 contineri
285 2105 480 2173 viderentur.
523 2105 561 2172 Id
587 2105 674 2172 enim
701 2105 837 2191 primum
866 2125 938 2170 eum
967 2124 1004 2170 eo
1027 2104 1195 2187 consentit,

96 2213 182 2297 quod
217 2215 352 2280 refertur
378 2216 500 2300 primus
531 2235 636 2281 rerum
670 2215 866 2304 principium
901 2213 1120 2298 appellavisse
1155 2207 1193 2277 τὸ

94 2313 246 2406 ἄπειρον,
264 2323 422 2406 siquidem
446 2325 519 2410 ipsa
542 2325 637 2391 huius
655 2321 886 2389 enuntiationis
909 2323 1022 2400 forma,
1047 2329 1080 2388 ut
1101 2331 1197 2388 antea

94 2435 287 2516 monuimus,
310 2434 480 2518 indicatur,
504 2455 575 2501 eum
593 2457 613 2500 a
628 2433 758 2500 notione
780 2432 945 2517 prinoipii,
967 2432 1090 2516 quippe
1115 2449 1196 2513 quae

95 2543 203 2627 prima
224 2551 310 2609 esset
332 2544 366 2608 in
382 2545 585 2628 eogitatione,
608 2563 812 2628 progressum
828 2563 899 2608 esse
920 2541 962 2606 ad
977 2542 1197 2624 quaestionem

95 2654 158 2736 rei,
176 2656 211 2720 in
233 2675 298 2738 qua
320 2654 401 2720 haee
422 2654 509 2719 notio
533 2661 724 2720 cerneretur.
768 2652 895 2718 Deinde
916 2671 992 2717 vero
1014 2651 1073 2716 illa
1094 2649 1196 2734 philo·

96 2762 258 2847 sophandi
284 2763 367 2832 ratio
389 2770 520 2848 propter
542 2765 648 2847 ipsum
669 2771 802 2828 naturae
819 2761 964 2828 ordinem
987 2761 1056 2826 sola
1070 2759 1198 2826 videtur·

97 2891 183 2949 esse,
213 2891 279 2955 qua
305 2871 547 2938 Anaximander
577 2874 624 2938 uti
654 2871 808 2956 potuerit,
837 2892 908 2937 eum
937 2869 1022 2936 euim
1054 2871 1088 2934 in
1116 2869 1197 2954 ipsis

95 2980 323 3065 philosophiae
346 2981 451 3046 initiis
475 2981 667 3047 eonstitutus
690 2987 775 3046 esset
797 2989 829 3044 ot
855 2979 977 3066 ideireo
999 2978 1197 3068 aoouratiore

94 3111 203 3158 rerum
225 3097 359 3156 naturae
384 3091 567 3174 oognitione
591 3098 727 3169 oaroret,
757 3091 813 3155 vix
836 3089 989 3172 habebat,
1017 3089 1133 3173 quibus
1155 3089 1198 3155 ad

93 3200 353 3284 eognosoendum
380 3221 484 3268 rerum
507 3201 704 3286 principium
726 3201 774 3266 uti
796 3207 918 3284 posset,
941 3205 1068 3284 praeter
1092 3199 1198 3282 ipsam

93 3311 196 3376 menti
217 3310 282 3375 iam
303 3311 436 3378 insitam
458 3311 612 3396 principii
635 3310 807 3376 notionem.

195 3418 290 3497 Quod
313 3419 355 3484 ad
378 3420 508 3503 singula
530 3421 645 3486 attinet
659 3425 858 3503 argumenta,
883 3417 998 3502 quibus
1014 3416 1057 3482 ad
1071 3424 1197 3483 senten·

93 3531 176 3596 tiam
202 3530 402 3614 probandam
426 3549 502 3596 usus
526 3533 578 3612 sit,
602 3521 751 3613 equidem
773 3549 836 3594 non
859 3527 980 3608 dubito,
1004 3527 1091 3610 quin,
1115 3546 1198 3610 quae

94 3639 139 3704 ab
151 3639 326 3706 Aristotele
341 3639 439 3724 Phys.
455 3638 581 3720 111,41)
600 3638 797 3715 adferuntur,
817 3645 872 3703 aut
890 3638 998 3704 omnia
1020 3643 1075 3702 aut
1093 3636 1197 3720 plera·

95 3767 160 3831 quo
187 3748 227 3813 ad
254 3749 532 3816 Anaximandrum
557 3750 748 3834 pertineant.
793 3747 888 3826 Quod
916 3756 951 3814 ut
977 3752 1102 3832 pateat,
1125 3744 1199 3809 dili·

95 3857 244 3942 gentiore
266 3859 329 3926 looi
352 3858 617 3944 interpretatione
640 3864 794 3943 opusest.
813 3857 980 3941 —Itaque
1001 3863 1087 3922 totus
1109 3855 1198 3919 loeus

95 3987 138 4032 ex
161 3967 286 4034 duabus
310 3967 455 4052 partibus
478 3975 616 4043 constat3
639 3967 748 4052 priore
768 3966 956 4049 ostenditur,
977 3965 1146 4041 infinitum,
1170 3963 1198 4029 si

96 4077 228 4160 quidem
249 4077 301 4157 sit,
323 4078 476 4160 quoniam
499 4097 557 4142 neo
569 4077 735 4144 fortuitum
752 4097 823 4144 esse
838 4076 939 4160 possit
953 4096 1013 4142 neo
1027 4094 1068 4141 ex
1088 4073 1198 4157 aliquo

96 4221 298 4233 —a-—--—

203 4306 229 4376 1)
248 4304 318 4360 aoab
332 4306 430 4360 4-ae.
