2882 4902
627 381 645 434 9

73 550 346 636 coniungendam
367 551 408 618 sit
430 572 502 617 cum
524 552 672 635 sequenti
691 545 762 636 <τῆς
786 541 904 640 ioppe&
946 553 1053 637 Atque
1075 559 1184 644 ncturn

73 667 140 742 est,
166 681 344 744 pronomen
360 651 483 726 ‘rorico'
505 663 665 728 communi
688 663 844 729 sermonis
860 663 970 747 graeci
991 683 1051 730 usu
1071 663 1184 729 referri

74 771 189 836 solere
204 770 248 836 ad
268 769 313 850 id,
337 771 424 854 quod
444 774 665 856 praecesserit,
684 763 782 838 ‘adds’
806 793 882 839 vero
904 773 948 840 ad
968 773 1012 850 id,
1034 772 1121 856 quod
1135 793 1184 840 se·

75 888 211 964 quatur,
235 901 428 964 quamquam
445 902 522 948 usus
540 902 603 948 non
622 883 668 948 ita
684 889 833 949 constans
851 890 908 966 est,
932 890 966 949 ut
982 903 1045 948 non
1061 883 1185 968 passim

75 992 197 1074 etiam,
224 991 380 1069 maxime,
408 998 496 1076 puto,
525 992 613 1077 apud
641 999 767 1076 poetas,
800 1000 935 1074 utraque
960 1013 1023 1058 vox
1050 999 1185 1076 utroque

76 1101 180 1168 modo
193 1101 385 1168 adhibeatur
395 1101 427 1183 ¹).
472 1103 585 1186 ltaque
598 1103 745 1188 primum,
761 1105 789 1170 si
805 1102 907 1168 τοῦτο
924 1102 1059 1169 refertur
1071 1102 1113 1167 nd
1125 1102 1185 1168 ali-

76 1210 176 1293 quid,
208 1211 295 1295 qnod
316 1211 502 1296 praecessit,
529 1212 559 1278 si
581 1212 644 1277 duo
666 1220 749 1296 sunt,
773 1212 918 1296 adquae
940 1212 1053 1278 referri
1073 1214 1184 1297 possit,

76 1321 289 1389 referendum
315 1327 364 1386 est
386 1321 428 1387 ad
450 1321 498 1405 id,
528 1323 613 1405 quod
639 1329 694 1388 aut
722 1323 793 1389 loco
819 1330 873 1388 aut
903 1321 1099 1407 cogitatione
1130 1329 1185 1388 aut

77 1431 185 1496 etiam
199 1438 332 1515 utroque
355 1419 488 1516 propius
506 1437 563 1514 est,
586 1431 626 1496 de
649 1451 687 1498 eo
709 1440 824 1509 autem,
849 1433 935 1516 quod
949 1431 1184 1515 aliquaharum

77 1543 246 1607 rationum
268 1541 419 1608 remotius
441 1548 498 1624 est,
521 1540 738 1608 adhibendum
761 1549 810 1608 est
830 1539 979 1624 ἐκεῖνοὶ).
1022 1542 1092 1606 Iam
1108 1560 1185 1606 vero

77 1657 195 1716 nostro
215 1651 285 1716 loco
307 1650 371 1716 duo
386 1651 516 1733 quidem
531 1659 783 1734 praecesserunt,
807 1651 849 1716 ad
871 1671 954 1734 quae
970 1645 1084 1716 ‘coito
1106 1639 1185 1716 coii-

79 1749 181 1841 νομα’
201 1760 313 1825 referri
336 1761 448 1844 possit,
468 1748 561 1848 (ἀρχή
575 1781 611 1824 τε
630 1757 684 1824 καὶ
705 1751 877 1842 στοιχεῖον3
898 1767 930 1828 et
949 1754 997 1825 ‘ud
1021 1748 1184 1844 dnscpov'3

81 1870 180 1954 atqui
202 1870 314 1936 horum
336 1863 374 1934 cd
398 1858 537 1954 daemon
558 1877 647 1956 patet
675 1877 707 1937 et
730 1873 800 1938 loco
828 1879 859 1938 et
889 1871 1083 1956 cogitatione
1112 1891 1183 1957 pro·

80 1981 160 2064 pius
185 1999 271 2055 esse;
293 1999 370 2064 ergo
402 1981 502 2044 τοῦτο
524 1967 672 2062 τοῦνομα
692 1980 735 2046 ad
761 1976 799 2046 τὸ
822 1969 961 2063 ἔπειρον
981 1980 1185 2047 referendum

82 2097 150 2170 est3
187 2109 325 2173 namque
356 2088 385 2156 si
412 2089 550 2174 scriptor
582 2081 682 2178 ἀρχὴν
708 2091 854 2176 intellegi
884 2091 1054 2168 voluisset,
1098 2098 1183 2158 certe

82 2198 231 2264 dicturus
258 2198 374 2265 fuisset
399 2193 516 2264 ‘iasine
538 2191 577 2263 τό
601 2187 721 2282 ὄνομα.
767 2197 875 2268 Possit
905 2201 1024 2284 aliquis
1047 2200 1183 2284 obicere,

83 2309 215 2375 etiamsi
235 2310 337 2375 τοῦτο
352 2309 503 2394 τοῦνομα,
526 2311 554 2376 si
573 2311 643 2377 sola
657 2310 740 2377 ratio
755 2313 967 2395 grammatica
981 2311 1183 2395 respiciatur,

82 2421 142 2483 vix
165 2418 276 2486 referri
297 2419 401 2505 possit
432 2420 496 2484 nisi
530 2418 572 2484 ad
604 2413 642 2483 vd
665 2407 815 2503 ἔπειρον,
852 2427 958 2486 tamen
981 2419 1184 2505 Simplicium

84 2528 292 2615 adpositione
312 2529 449 2612 genitivi
471 2529 528 2614 τῆς
549 2519 649 2617 ἀρχῆς
668 2529 755 2594 omni
780 2529 984 2613 ambiguitati
1006 2529 1085 2596 satis
1108 2549 1184 2596 con-

84 2638 234 2705 suluisse.
281 2641 321 2703 nt
341 2637 370 2703 si
392 2637 453 2704 hoc
475 2639 655 2722 statuimus,
678 2638 839 2722 genitivus
863 2639 923 2723 τῆς
944 2629 1043 2728 ἀρχῆς
1064 2645 1113 2705 est
1128 2639 1183 2704 ad-

84 2747 207 2832 positio
229 2747 272 2812 ad
293 2748 392 2812 reiro
412 2735 569 2832 τοῦνομα,
591 2768 655 2830 qua
669 2747 821 2815 incertior
836 2748 931 2814 huius
948 2747 1085 2814 nominis
1103 2747 1186 2816 ratio

85 2857 127 2923 ad
152 2863 257 2924 certae
280 2857 448 2924 cuiusdam
469 2843 517 2923 rei
539 2857 809 2941 significationem
834 2857 1052 2942 restringitnu3
1075 2858 1133 2924 sed
1157 2859 1185 2925 si

84 2966 149 3033 hac
170 2967 295 3032 ratione
327 2967 488 3050 genitivus
522 2966 564 3032 ad
598 2983 713 3034 nomen
746 2967 980 3034 substantivum
1003 2967 1185 3052 adponitur,

85 3084 162 3142 ante
183 3096 256 3142 eum
288 3076 376 3142 illius
407 3077 546 3144 nominis
578 3077 732 3143 articulus
760 3079 841 3143 solet
861 3077 980 3161 repeti3
1014 3076 1186 3143 dicendum

85 3184 187 3269 igitur
220 3186 336 3252 fuisset
367 3180 481 3252 ‘eorico
510 3175 655 3268 τοῦνομα
685 3183 824 3268 κομίσας
854 3180 901 3250 τὸ
936 3185 995 3274 τῆς
1029 3174 1185 3270 ἆρχῆξθ).

87 3293 210 3372 Quodsi
232 3315 308 3361 vero
329 3295 512 3380 sumpseris,
546 3296 644 3360 τοῦτο
675 3283 819 3378 τοῦνομα
845 3315 908 3361 non
935 3294 978 3360 ad
1008 3294 1183 3378 quidquam

86 3402 296 3486 praecedens,
321 3404 379 3470 sed
401 3405 510 3470 statim
532 3404 574 3470 ad
596 3412 782 3489 sequentem
804 3405 980 3490 genitivum
1006 3404 1063 3491 τῆς
1084 3403 1186 3490 ἀρχῆς

86 3512 207 3596 referri,
242 3512 289 3578 ita
308 3520 342 3578 ut
368 3507 506 3597 ‘ipsum
526 3503 645 3599 ἀρχῆς
667 3504 810 3580 nomen'
833 3513 1046 3597 intellegatur,
1075 3533 1185 3579 rursus

86 3621 249 3703 genitivus
271 3621 438 3706 adpositus
462 3642 533 3688 eam
556 3622 687 3689 habebit
708 3623 783 3701 vim,
807 3630 841 3688 ut
862 3620 961 3686 reiro
983 3611 1128 3704 τοῦνομα
1142 3623 1185 3689 ad

87 3729 355 3814 significationem
376 3733 434 3817 τῆς
444 3723 545 3821 ἀρχῆς
566 3733 787 3816 restringatur.
816 3733 858 3798 At
872 3732 1019 3816 proxime
1035 3732 1185 3816 vidimus,

87 3840 114 3906 si
140 3841 221 3907 haee
244 3849 329 3907 esset
350 3841 493 3926 genitivi·
507 3841 567 3924 vis,
590 3849 664 3908 ante
686 3862 758 3907 eum
783 3841 951 3907 articulum
974 3841 1123 3926 nominis,
1142 3840 1185 3907 ad

187 4007 213 4076 l)
234 4006 274 4060 Cf.
295 4006 419 4062 Mathiae
436 4009 558 4063 Gramm.
578 4025 668 4078 graec.
689 4008 815 4078 ονομα-ξ,
835 4011 895 4064 470.

186 4107 214 4173 ν)
233 4103 275 4159 cr.
294 4104 361 4158 reia.
383 4106 407 4173 s.
425 4106 479 4159 nvo
498 4109 527 4159 ec
547 4106 570 4176 p.
589 4095 650 4159 αἰ.

185 4201 214 4272 3)
233 4199 304 4256 Vide
323 4201 476 4256 Stallbaum
497 4203 532 4257 ad
551 4203 621 4258 Plat.
642 4203 726 4274 Gorg.
746 4203 799 4257 455
821 4203 866 4272 D.;
898 4203 1005 4258 Phileb.
1025 4206 1057 4257 14
1076 4205 1105 4259 Β.
1144 4204 1184 4260 Gt.
1206 4261 1213 4276 Ι

85 4297 209 4352 Mathiae
227 4297 275 4353 Gr.
294 4315 336 4369 gr.
356 4297 437 4368 ampl.
457 4297 481 4369 ξ.
497 4299 558 4363 278,
578 4299 643 4354 Not.
665 4304 688 4354 1.
