2862 4910
83 823 255 876 Aristotelis
268 823 455 892 explicatione
464 827 557 892 patet;
571 821 807 878 Teichmuellerns
819 829 912 878 autem
926 825 1067 893 opinatur,
1084 843 1198 881 omnes

84 923 160 977 dici
193 923 339 977 eundem
369 928 475 976 motum
502 941 615 991 ponere,
644 923 772 992 huncque
802 941 860 977 esse
888 927 995 977 motum
1025 925 1199 980 circularem.

84 1019 170 1084 Tum,
191 1037 255 1073 cum
276 1019 443 1072 Aristoteles
464 1019 528 1073 illos
549 1036 583 1072 eo
601 1018 722 1088 refellat,
739 1019 814 1088 quod
833 1020 861 1073 in
881 1025 983 1074 natura
1001 1023 1095 1090 plures
1112 1023 1197 1078 acdi-

84 1117 161 1170 vcrsi
182 1123 278 1172 motus
297 1121 462 1186 appareant,
480 1116 529 1168 ille
549 1115 622 1170 hanc
640 1115 841 1170 refutationem
862 1117 951 1172 levem
969 1135 1027 1172 esse
1046 1120 1094 1187 ait,
1114 1120 1199 1188 siqui·

85 1214 152 1268 dem
174 1215 206 1268 in
225 1215 317 1284 ipsum
336 1231 446 1282 quoque
468 1213 653 1268 Aristotelem
677 1213 768 1282 cadat,
794 1214 872 1267 cuius
896 1215 1035 1270 sententia
1058 1233 1101 1269 res
1124 1215 1199 1271 infra

86 1312 186 1364 lunam
196 1311 316 1380 positae,
333 1310 462 1379 quamvis
477 1328 510 1364 ex
529 1310 627 1364 eadem
638 1309 696 1362 sint
707 1311 834 1374 materia,
854 1314 948 1364 tamen
958 1313 1127 1367 naturaliter
1136 1332 1199 1382 par*

86 1410 140 1462 tim
152 1427 266 1462 sursum
281 1408 385 1477 partim
398 1407 527 1461 deorsum
541 1408 677 1461 ferantur.
699 1411 738 1460 At
751 1426 807 1462 nna
821 1409 984 1462 Aristotelis
994 1409 1121 1475 materia,
1132 1427 1199 1478 quo-

87 1507 167 1559 niam
187 1523 240 1574 per
261 1521 289 1558 se
302 1504 401 1572 quavis
420 1503 556 1573 qualitate
577 1509 663 1573 caret,
681 1521 732 1572 per
751 1507 872 1558 secaret
891 1505 975 1558 etiam
995 1506 1094 1573 quovis
1113 1509 1201 1571 motu,

87 1607 116 1656 et
136 1619 172 1656 eo
192 1606 313 1669 tantum,
333 1601 407 1669 quod
426 1599 551 1654 diversas
564 1598 669 1653 formas
689 1600 790 1669 recipit
810 1599 907 1668 hisque
926 1599 956 1653 in
971 1601 1081 1655 diversa
1097 1603 1200 1655 transit

88 1699 241 1766 elementa,
258 1715 319 1766 per
338 1695 500 1751 accidens
520 1696 645 1751 diversos
664 1697 749 1750 etiam
768 1697 869 1765 recipit
881 1701 988 1766 motus;
1006 1715 1091 1751 unum
1106 1703 1200 1751 autem

88 1795 209 1849 illorum
241 1794 422 1863 physicorum
451 1793 619 1847 elementum
648 1811 704 1846 non
733 1798 777 1847 est
797 1793 915 1848 materia
941 1795 1038 1862 quavis
1063 1795 1200 1863 qualitate

90 1909 200 1954 carens,
220 1891 268 1946 secl
287 1891 446 1945 substantia
465 1907 600 1960 corporea
618 1889 742 1944 definitis
757 1890 943 1959 qualitatibus
956 1890 1092 1959 praedita,
1111 1890 1200 1945 veluti

89 2006 166 2058 aqua
181 1993 211 2042 et
231 1988 313 2057 ignis,
331 1987 460 2055 hancque
478 1987 515 2040 ob
535 2003 660 2042 caussam
672 1986 756 2040 etiam
776 2003 827 2055 per
845 2004 874 2040 se
892 1989 1049 2042 naturalem
1061 1988 1199 2056 quendam

90 2085 180 2140 habet
197 2089 316 2150 motum,
337 2102 391 2153 quo
409 2087 459 2137 aut
477 2101 586 2136 sursum
600 2087 650 2136 aut
670 2082 800 2136 deorsum
814 2082 928 2152 fernter,
946 2088 975 2138 et
993 2102 1089 2139 omnes
1107 2102 1152 2138 res
1165 2101 1200 2137 ex

91 2181 141 2236 illo
161 2183 300 2236 elemento
320 2184 408 2245 ortae,
427 2179 559 2248 quoniam
574 2179 670 2232 eadem
682 2180 820 2247 qualitate
838 2183 912 2248 sunt,
931 2181 1085 2235 necessario
1102 2180 1199 2234 eodem

92 2283 172 2334 motu
192 2283 334 2332 tenentur.

195 2375 332 2444 Denique,
356 2374 385 2427 id
404 2373 479 2442 quod
499 2372 651 2426 maximum
672 2377 723 2440 est,
747 2390 805 2426 non
829 2373 943 2428 videtur
967 2373 1200 2442 animadvertere,

93 2479 202 2541 quanto
222 2490 306 2542 opere
329 2471 374 2524 hic
393 2470 555 2526 Aristotelis
582 2471 659 2523 locus
684 2487 746 2524 cum
770 2487 820 2523 sua
846 2471 880 2524 de
901 2471 1104 2524 Anaximandri
1121 2472 1198 2540 prin·

93 2570 167 2638 cipio
186 2569 326 2624 sententia
344 2571 460 2638 pugnet.
497 2567 612 2620 Etenim
632 2565 798 2620 Aristoteles
822 2571 851 2620 et
869 2565 923 2620 hoc
947 2566 1009 2620 loco
1027 2571 1056 2620 et
1074 2571 1135 2620 toto
1154 2585 1197 2622 ca·

92 2667 153 2734 pite
172 2667 203 2721 id
222 2667 290 2736 agit,
309 2669 341 2719 ut
360 2665 459 2720 falsam
487 2681 546 2717 csse
565 2663 695 2716 ostendat
718 2680 814 2716 eorum
839 2663 1016 2726 sententiam,
1041 2664 1088 2732 qui
1113 2682 1199 2718 unum

93 2765 184 2817 solum
206 2763 331 2817 omnium
350 2778 444 2816 rerum
465 2763 678 2814 elementum
696 2764 813 2830 ponant,
833 2777 902 2829 quos
920 2761 980 2830 ipso
994 2761 1095 2830 capitis
1115 2761 1197 2815 initio

95 2861 179 2926 (3031)
197 2859 242 2930 10)
267 2859 470 2929 quadrifariam
494 2858 534 2912 ita
553 2858 664 2926 dividit,
691 2847 724 2911 nt
749 2858 819 2911 alios
847 2857 901 2912 hoc
927 2875 1013 2912 unum
1032 2858 1200 2912 clementum

94 2974 196 3026 aquam
206 2956 406 3026 poneredicat,
425 2955 607 3023 alienantem,
627 2955 697 3008 alios
720 2954 823 3024 ignem,
843 2955 911 3009 alios
931 2959 1088 3008 naturam
1107 2957 1200 3010 inter

96 3067 217 3118 aquam
237 3053 265 3103 et
284 3067 396 3104 aerem
416 3050 572 3118 mediam,
591 3049 746 3118 hancque
766 3049 900 3118 quidem
914 3049 1093 3104 infinitam
1113 3052 1199 3106 ideo·

96 3164 159 3214 quc
177 3165 296 3200 omnes
315 3163 370 3201 res
390 3147 665 3216 amplectentem.
703 3145 783 3200 Hisce
803 3147 932 3201 omnibns
956 3151 1053 3201 nostro
1078 3148 1139 3202 loco
1160 3149 1200 3202 ait

96 3244 197 3296 vitium
221 3260 367 3296 commune
387 3260 454 3310 esse,
474 3242 557 3311 quod,
577 3260 663 3296 unum
682 3242 770 3295 solum
782 3243 907 3296 omnium
927 3244 1200 3298 rerumelementum

95 3343 241 3406 ponentes,
269 3339 321 3392 hac
339 3337 400 3407 ipsa
427 3355 458 3390 re
483 3337 597 3407 proprie
626 3337 711 3391 etiam
735 3355 821 3391 unum
844 3338 934 3391 solum
960 3339 1085 3393 omnium
1105 3357 1199 3392 rerum

96 3441 205 3488 motum
220 3439 334 3504 ponant.
372 3435 404 3487 In
422 3435 497 3488 hisce
517 3434 606 3504 igitur
624 3434 747 3503 physicis
766 3434 1004 3488 Teichmnellerus
1023 3440 1098 3490 recte
1116 3439 1200 3504 putat

97 3530 132 3584 ab
145 3531 301 3586 Aristotele
318 3531 560 3585 Anaximandrum
580 3547 690 3600 quoque
708 3531 844 3601 intellegi.
865 3530 970 3598 Quodsi
990 3532 1019 3586 iu
1040 3533 1074 3586 iis
1093 3532 1201 3586 intelle-

97 3627 184 3696 gitur,
194 3628 350 3683 necessario
365 3629 394 3681 in
406 3646 461 3681 nno
472 3631 607 3697 quattuor
619 3627 734 3681 illoram
746 3645 881 3698 generum
892 3633 947 3696 cst3
961 3645 1079 3696 cumque
1092 3633 1200 3683 certum

97 3725 141 3793 sit,
160 3743 225 3778 cum
243 3725 278 3778 ad
295 3725 404 3778 nullum
422 3725 549 3794 priorum
568 3725 655 3778 trium
675 3742 809 3793 generum
828 3725 978 3793 pertinere,
997 3725 1152 3779 necessario
1172 3726 1201 3778 in

98 3837 193 3875 eorum
212 3839 313 3892 genere
327 3829 376 3884 est,
397 3822 445 3890 qui
462 3826 593 3876 naturam
607 3821 680 3875 inter
691 3839 792 3889 aquam
812 3826 840 3875 et
858 3839 951 3876 aerem
963 3821 1085 3876 mediam
1097 3839 1201 3890 ponere

98 3917 165 3973 dicti
178 3923 257 3986 sunt;
276 3923 361 3988 atque
374 3935 472 3972 revera
491 3917 731 3972 Anaximandrum
750 3917 780 3970 in
797 3918 851 3972 hoo
868 3935 970 3988 genere
983 3935 1051 3986 erse,
1069 3919 1136 3973 satis
1154 3918 1202 3972 ‹le-

98 4015 322 4070 monstravimns.
342 4013 401 4068 lam
414 4032 480 4069 vero
490 4012 727 4068 Teichmuellerus
738 4015 891 4077 contendit,
905 4015 1111 4070 Anaximandri
1123 4016 1200 4084 prin-

99 4109 202 4179 cipium
221 4128 277 4164 non
288 4129 346 4164 esse
358 4115 488 4166 naturam
499 4111 573 4164 inter
587 4111 642 4164 duo
653 4110 791 4178 elementa
802 4110 931 4178 mediam,
952 4127 1004 4164 nec
1013 4112 1127 4164 omnino
1138 4112 1201 4165 sub-

100 4207 232 4261 stantiam
246 4207 399 4276 simplicem
411 4208 527 4277 propria
543 4225 592 4260 sna
614 4207 751 4276 qualitate
770 4211 907 4276 utentum,
926 4225 1025 4262 verum
1037 4207 1201 4260 mixtionem

100 4317 155 4357 esse
169 4304 313 4358 ediversis
326 4305 409 4358 rebus
422 4304 605 4373 compositam
624 4304 662 4372 (p.
671 4305 706 4356 5⁷
719 4320 768 4373 sq,
788 4304 908 4358 maxime
925 4322 952 4373 p.
964 4307 998 4356 58
1011 4307 1040 4358 ct
1050 4304 1104 4370 59).
1125 4303 1202 4356 Con·
