2882 4902
764 384 781 438 4

226 559 321 644 certis
337 559 445 626 verbis
460 558 615 639 ostendit3
638 556 761 642 dequo
785 559 854 625 loco
877 579 980 642 aeque
998 566 1098 643 atque
1120 559 1161 626 dc
1183 560 1261 626 aliis
1284 559 1331 625 ad

225 671 360 738 eandem
380 690 446 736 rem
468 668 703 754 pertinentibus
718 668 803 733 infra
819 669 998 735 accuratius
1014 669 1238 736 disserendum
1255 670 1333 736 erit.

326 778 538 846 Consentiunt
559 797 678 860 omnes,
704 778 759 861 qui
783 785 895 863 postea
915 778 956 844 de
979 778 1214 845 Anaximandri
1236 781 1333 865 prin·

226 891 311 974 cipio
327 889 537 969 tradiderunt,
562 890 695 972 quorum
711 887 895 954 testimonia
920 887 1075 973 deinceps
1092 889 1331 955 adscribentur.

226 999 291 1066 Sed
313 1007 363 1067 est
384 999 471 1085 apud
493 1019 547 1065 eos
570 996 729 1081 quaedam
750 997 1005 1064 testimoniorum
1027 997 1228 1078 differentia3
1253 1019 1333 1063 cum

227 1111 313 1175 enirn
336 1108 378 1175 ad
400 1129 496 1174 unum
517 1127 627 1174 omnes
650 1107 769 1192 dicant,
790 1107 1066 1174 Anaximandmm
1086 1127 1193 1173 rerum
1208 1108 1333 1192 prinoi-

225 1219 315 1304 pium
329 1238 447 1302 ponere
462 1212 500 1281 τὸ
516 1206 666 1300 ἔπειρον,
685 1237 757 1300 qua
772 1216 925 1282 ratione
940 1217 1020 1282 velit
1034 1237 1105 1283 esse
1117 1217 1333 1303 principium,

227 1335 312 1394 certe
334 1347 396 1393 non
414 1327 530 1394 iisdem
548 1326 657 1393 verbis
678 1327 876 1410 significaut3
899 1347 982 1410 quae
1005 1326 1134 1410 quidem
1155 1328 1333 1394 verborum
1437 1381 1438 1384 η

227 1437 410 1503 differentia
432 1443 601 1522 propterea
623 1457 692 1501 non·
710 1436 911 1521 neglegenda
934 1437 1062 1503 videtur
1084 1457 1165 1520 esse,
1188 1439 1266 1520 quia
1289 1459 1334 1504 ex

228 1568 267 1613 ea
282 1547 472 1613 concludere
487 1548 573 1630 licet,
596 1547 701 1629 qualis
724 1553 756 1611 et
772 1554 891 1629 quanta
914 1547 1002 1632 apud
1025 1567 1183 1631 quemque
1205 1546 1333 1612 Anaxi·

227 1657 352 1722 mandri
373 1656 470 1722 fuerit
485 1655 636 1739 cognitio.
671 1654 820 1722 Omnium
836 1656 956 1740 optime
968 1656 1076 1741 ipsum
1090 1655 1333 1722 Anaximandri

228 1765 420 1832 sententiam
432 1764 616 1849 significare
627 1764 784 1842 videntur,
812 1786 893 1849 quae
915 1765 1075 1832 Eusebius
1097 1786 1137 1831 ex
1160 1765 1331 1830 Plutarchi

622 1863 632 1890 )

227 1875 397 1940 Stromatls
413 1873 583 1949 rettulit¹):
604 1872 876 1958 „Aougirrorvdoor
888 1923 896 1939 .
909 1924 916 1938 .
929 1868 967 1937 cd
983 1864 1123 1957 ἔπειρον
1137 1868 1238 1961 φάναι
1259 1870 1335 1962 τὴν
1438 1871 1439 1912 l

227 1987 354 2051 πᾶσαν
378 1979 508 2048 αἰτίαν
523 1979 626 2063 ἔχειν
647 1984 705 2070 τῆς
715 1985 774 2047 τοῦ
789 1978 913 2060 παντὸς
927 1981 1082 2066 γενέσεως
1097 1981 1150 2048 καὶ
1162 1985 1332 2068 φθορᾶς“,

228 2115 312 2178 quae
338 2096 435 2180 plone
465 2093 658 2160 conveniunt
679 2114 750 2158 oum
772 2093 828 2174 iis,
862 2113 944 2176 quae
965 2094 1075 2178 paullo
1098 2101 1171 2159 ante
1193 2114 1233 2159 ex
1255 2095 1331 2182 Ari·

227 2205 341 2271 stotele
354 2203 535 2286 didicimus,
559 2203 718 2269 infinitum
729 2203 964 2268 Anaximandri
978 2224 1037 2288 per
1054 2224 1089 2269 se
1102 2205 1204 2270 solum
1216 2224 1330 2268 omnes

228 2334 332 2379 rerum
349 2333 480 2378 caussas
500 2313 671 2378 continere.
716 2313 747 2377 N
749 2334 790 2377 on
807 2312 914 2378 verbis
931 2312 1061 2395 quidem
1076 2333 1187 2378 verum
1202 2319 1333 2377 senten-

227 2423 274 2488 tia
297 2423 425 2487 omnino
448 2427 625 2504 congruunt
647 2421 874 2506 Simpliciusl),
901 2421 1140 2506 Hippolytus³),
1165 2421 1332 2505 Diogenes

229 2532 375 2597 Laertius
383 2532 419 2614 ⁴),
449 2531 517 2613 qni,
542 2530 668 2608 eodem,
692 2536 726 2595 ut
747 2529 883 2613 videtur,
916 2529 1004 2594 fonte
1026 2536 1082 2594 aut
1104 2536 1189 2596 certe
1211 2530 1330 2595 rivulis

227 2660 268 2705 ex
296 2639 408 2704 eodem
437 2638 524 2704 fonte
546 2637 692 2704 deductis
714 2637 783 2717 usi,
821 2657 887 2703 rem
915 2637 962 2703 ita
988 2637 1187 2721 exprimunt,
1222 2644 1258 2702 ut
1284 2639 1331 2703 ab

227 2747 469 2814 Anaximandro
490 2747 650 2813 infinitum
670 2737 769 2830 ἀρχὴν
789 2745 843 2810 καὶ
857 2725 1020 2826 στοιχεῖον
1041 2748 1106 2810 τῶν
1124 2736 1229 2811 ὄντων
1251 2749 1333 2832 poni

228 2858 346 2924 dicant.
380 2858 500 2922 Horum
520 2856 604 2921 eninr
626 2855 761 2921 duorum
784 2856 1009 2921 vocabulorum
1033 2856 1258 2922 coniunctione
1281 2858 1331 2922 vi·

229 2967 342 3033 dentur
363 2965 557 3051 significare,
587 2963 746 3030 infinitum
769 2964 1003 3030 Anaximandri
1037 2965 1233 3050 principium
1256 2985 1333 3031 esse

228 3084 260 3142 et
282 3097 322 3142 ex
345 3096 408 3159 quo
429 3075 539 3142 omnia
568 3076 741 3158 gignantur
774 3081 936 3158 tamquam
960 3075 1097 3141 materia
1119 3075 1273 3159 subiecta,
1298 3083 1334 3141 et

329 3311 356 3381 l)
374 3312 474 3366 Euseb.
494 3313 589 3381 Praop.
609 3311 658 3366 Εν.
679 3312 699 3376 I,
719 3314 744 3366 8.
766 3314 791 3366 2.

329 3408 357 3479 2)
375 3407 496 3477 Simplic.
516 3408 596 3478 Phys.
616 3409 632 3462 6
652 3414 750 3478 apost
770 3408 853 3462 med:
885 3409 958 3477 ,μῦν
985 3407 1017 3461 dl
1042 3406 1072 3463 ἓν
1096 3411 1141 3460 καὶ
1166 3401 1335 3480 κινούμενον

227 3509 273 3559 καὶ
296 3501 411 3576 ἄπειρον
436 3500 792 3577 λεγόντωνᾋναξίμανδρας
888 3501 997 3577 ἀρχήν
1021 3519 1055 3558 τε
1079 3509 1131 3557 καὶ
1151 3511 1335 3576 στοιχεῖον

227 3605 316 3672 εἴρηκε
334 3603 390 3656 τῶν
408 3595 495 3657 ὄντων
512 3599 543 3656 τὸ
562 3597 702 3672 r’r'nsroord‘.

328 3699 354 3768 Β)
374 3697 518 3768 Hippolyt.
537 3699 631 3754 Relut.
650 3700 672 3767 l,
690 3701 721 3752 6:
758 3683 854 3767 „ciros
875 3696 963 3770 ἀρχὴν
983 3699 1038 3770 ἔφη
1061 3699 1116 3752 τῶν
1137 3692 1226 3752 ὄντων
1243 3692 1334 3769 φύσιν

227 3797 286 3851 τινὰ
311 3796 359 3848 τοῦ
383 3790 506 3865 ἀπείρου,
534 3796 562 3853 ἐξ
589 3780 618 3860 ἧς
645 3799 771 3864 γίνεσθαι
800 3792 860 3854 τοὺς
879 3791 1009 3865 οὐρανοὺς
1034 3798 1081 3847 καὶ
1102 3791 1163 3853 τοὺς
1190 3795 1221 3848 ἐν
1238 3791 1334 3854 αὐτοῖς

228 3888 351 3964 κόσμους
375 3891 426 3960 (sio
447 3891 539 3946 Rittsr
558 3909 609 3960 pro
627 3893 701 3962 vulg.
718 3886 868 3964 αόσμον)“;
889 3896 916 3945 et
934 3892 1028 3960 paullo
1047 3896 1119 3960 post,
1141 3891 1248 3944 duabus
1270 3909 1333 3946 seu-

227 3988 323 4042 tentiis
342 3987 505 4055 interiectis,
526 3973 619 4055 „cirros
636 3987 692 4057 μὲν
709 3983 815 4057 ἀρχὴν
834 3991 890 4042 καὶ
912 3993 1088 4057 στοιχεῖον
1107 3991 1195 4057 εἴρηκε
1214 3987 1269 4040 τῶν
1286 3981 1333 4040 ὅν-

163 4071 171 4078 ’
229 4103 284 4138 των
303 4082 333 4138 τὸ
354 4078 469 4154 ἄπειρον
486 4124 510 4138 ..
525 4093 547 4138 .“

328 4181 357 4252 4)
375 4181 457 4251 Diog.
477 4181 568 4235 Laert.
589 4181 611 4250 l,
629 4181 658 4237 6:
693 4166 787 4251 „odoror
805 4182 929 4253 ἔφασκεν
947 4176 1052 4250 ἀρχὴν
1074 4183 1127 4232 καὶ
1151 4186 1336 4251 στοιχεῖον

226 4273 259 4330 τὸ
277 4270 417 4350 ἄπειρον.“
