2864 4904
782 337 835 392 130

258 518 291 576 et
312 516 468 576 memorat
490 515 522 574 et
543 508 656 574 dedita
682 529 783 592 opera
804 509 925 573 refutat
954 528 1063 573 eorum
1086 509 1280 592 opinionem,
1301 509 1346 590 qui

256 615 296 684 τὸ
318 613 410 700 παρὰ
420 613 461 682 τὰ
477 622 624 698 στοιχεῖα
637 619 689 684 vel
704 613 744 682 τὸ
757 613 880 699 μετοξὺ
904 638 1002 683 unam
1024 619 1168 683 omnium
1187 636 1345 702 corporum

258 729 426 794 materiam
449 735 605 804 statuant3
628 748 710 810 quos
731 731 820 812 ipsos
843 748 971 812 quoque
989 729 1079 793 iocos
1101 729 1134 792 in
1149 727 1346 793 adnotatione

257 840 423 905 attulimus
431 841 465 917 ¹).

258 1289 305 1350 dv'
325 1296 502 1364 (Aristotelea
513 1297 587 1350 2041>
602 1301 637 1352 32
656 1299 685 1352 in
696 1299 792 1354 eadem
803 1299 1041 1352 demonstratione
1060 1297 1198 1353 vocabulo
1206 1297 1293 1351 utitur
1309 1293 1345 1346 ‘ui

259 1390 333 1461 παρὰ
351 1389 384 1444 τὰ
404 1394 538 1464 στοιχεῖα)
556 1395 669 1448 omnino
689 1413 745 1449 nou
768 1413 836 1463 esee,
855 1394 997 1462 quoniam,
1021 1393 1045 1447 ai
1067 1397 1147 1461 esset,
1167 1393 1287 1447 sensibus
1306 1410 1345 1460 ap·

257 1505 356 1556 parere
375 1488 499 1556 deberet,
517 1489 599 1562 huius
618 1489 660 1543 rei
683 1490 823 1544 rationem
845 1488 984 1556 adferens,
1014 1487 1090 1556 quod
1119 1471 1207 1556 ,οὑτοι
1236 1489 1346 1556 ἐνεργείᾳ

258 1590 348 1655 φασίν
372 1586 439 1640 εἶναι
463 1585 494 1639 τὸ
521 1581 648 1657 paradi!
686 1587 818 1655 Inferius,
841 1587 871 1640 in
889 1587 961 1640 aoth
976 1588 1020 1654 35,
1046 1585 1163 1642 eandem
1187 1585 1345 1638 demonstra·

258 1684 363 1737 tionem
382 1689 519 1752 repetem,
537 1684 590 1738 ait:
611 1679 906 1755 ,Ἀναξίμανδρον
930 1688 1025 1756 μέντοι
1048 1685 1171 1754 ἐνεργείᾳ
1189 1679 1345 1753 ὑφίστασθαι

258 1782 371 1848 λέγοντα
391 1780 455 1832 καθ’
473 1777 539 1834 αὑτὸ
557 1778 589 1834 τὸ
607 1774 723 1851 ἄπειρον
741 1782 832 1852 σῶμα,
851 1780 924 1834 τιτλ.“
960 1799 971 1814 *

358 1912 385 1963 g.
404 1895 528 1964 Denique
556 1895 586 1948 in
614 1895 736 1949 2041135
754 1913 795 1964 sq.
831 1899 920 1950 totam
951 1893 1113 1966 Aristotelis
1141 1891 1345 1962 disputationem

257 1990 383 2044 breviter
409 1996 547 2061 repetens,
573 1993 796 2046 demonstratum
820 2009 880 2045 esse
898 1991 977 2059 dicit,
1005 2009 1057 2045 neo
1084 1990 1174 2043 ullum
1193 1989 1346 2042 elementum

259 2104 341 2156 poree
371 2086 513 2142 infinitum
541 2105 599 2142 eoae
626 2107 678 2143 neo
709 2086 761 2157 ,τὺ
792 2082 924 2160 μεταξύ,
956 2083 1070 2156 ὥσπερ
1093 2082 1347 2157 Ἀναξίμανδρος

258 2183 402 2253 meysa*

298 2351 304 2366 ,
366 2298 392 2364 l)
410 2315 434 2351 a.
463 2296 572 2367 Philop.
592 2297 746 2352 Commeat.
769 2297 837 2352 Gen.
861 2301 890 2351 at
913 2297 989 2351 Corr.
1010 2299 1054 2365 4⁰,
1073 2315 1098 2365 a,
1119 2315 1156 2350 m.
1184 2297 1224 2365 (in
1242 2294 1346 2348 Aristot.

258 2393 293 2456 ll,
316 2395 338 2447 l.
360 2393 435 2447 328¹¹
449 2395 507 2464 33):
528 2397 554 2446 οἱ
571 2395 626 2466 μέν
643 2393 697 2466 γὰρ
719 2395 750 2449 ἓν
767 2416 790 2448 τι
810 2391 900 2448 αὐτῶν
916 2389 1057 2452 ὑπέθεντο
1079 2389 1168 2464 ἀρχὴν
1192 2393 1245 2446 τῶν
1265 2383 1346 2460 σωμά-

258 2507 320 2551 των,
339 2485 434 2557 ὥσπερ
453 2491 507 2559 πῦρ
529 2490 585 2560 μὲν
600 2487 779 2560 Ἡράκλειτος,
805 2533 811 2544 .
831 2535 837 2546 .
856 2533 863 2546 .
880 2489 1153 2560 Ἀναξίμανδρος
1175 2489 1210 2541 δὲ
1232 2482 1303 2540 ἄλλο
1319 2503 1343 2535 τι

259 2579 345 2651 παρὰ
362 2581 399 2635 τὰ
417 2586 566 2652 τέσσαρα
586 2591 741 2656 στοιχεῖα
760 2583 905 2639 ὑπέθετο
924 2579 1105 2640 τῶνόντων
1123 2579 1242 2655 ἀρχήν·
1259 2577 1343 2644 ἐπειδὴ

259 2679 290 2731 δὲ
313 2676 621 2751 ὑἈναξίμανδρος
644 2675 767 2748 ἐδύνατο,
792 2680 841 2749 τὴν
866 2677 932 2749 ὑίην
957 2678 1050 2752 ὀρθῶς
1075 2679 1251 2754 ὑποθέμενος
1270 2674 1346 2747 ἀρχὴν

257 2777 312 2829 τῶν
332 2772 476 2847 σωμάτων,
498 2778 620 2848 μεταξὺ
642 2773 878 2849 αὑτὴνίέγετν
900 2780 964 2833 τῶν
989 2783 1174 2849 στοιχείων
1196 2776 1232 2836 ὡς
1254 2773 1345 2830 ὑποκεί-

257 2890 346 2944 μενον
354 2869 452 2938 αὑτοῖς,
464 2903 497 2912 -
508 2869 577 2927 οὑτω
595 2871 649 2945 γὰρ
661 2873 729 2928 κατὰ
749 2873 780 2929 τὸ
793 2879 884 2946 τρίτον
894 2877 990 2946 σχῆμα
1008 2879 1100 2946 μέσον
1111 2871 1179 2945 ὅρον
1187 2866 1346 2944 ὀνομάζομεν

258 2967 314 3023 τὸν
338 2970 511 3042 μηδετέρῳ
534 2972 597 3026 τῶν
624 2965 734 3042 ἄκρων
761 2967 841 3026 ὄντα
869 2970 927 3027 τὸν
954 2968 1063 3038 αὑτόν,
1093 2968 1293 3044 ἀμφοτέροις
1314 2964 1345 3018 ‘53

257 3064 487 3139 ὑποκείμενον
500 3097 533 3108 -
545 3066 651 3128 δεικνὺς
667 3065 878 3140 annumeretur,
896 3065 936 3122 ὅτι
950 3066 982 3122 οὑ
993 3067 1061 3122 κατὰ
1074 3063 1174 3134 ταύτην
1184 3065 1234 3135 τὴν
1250 3068 1345 3120 ἔννοιαν

258 3161 388 3228 ὑπέθετο,
413 3161 481 3218 ἀλλὰ
504 3163 542 3218 τὸ
559 3162 685 3237 μεταξὺ
711 3166 771 3237 γῆς
791 3160 808 3233 ἢ
827 3164 931 3237 πυρὸς
952 3169 1006 3219 καὶ
1032 3161 1151 3224 ὑδατος
1178 3168 1232 3218 καὶ
1255 3160 1345 3231 ἀέρος,

260 3264 417 3328 προσέθηκε
439 3263 537 3332 ’σῶμα
556 3256 589 3317 ὃν
607 3267 652 3316 καὶ
672 3259 836 3334 χωριστόν’·
865 3258 1001 3318 ἀδύνατον
1023 3263 1055 3316 δὲ
1082 3260 1158 3334 παρὰ
1184 3261 1218 3316 τὰ
1239 3265 1346 3326 τέσσαρα

258 3349 324 3408 ἄλλο
346 3377 369 3410 τι
397 3359 480 3430 σῶμα
503 3357 608 3412 ἁπλοῦν
638 3357 797 3414 ὑποθέσθαι
815 3357 978 3431 ὑφεστηκὸς,
1005 3359 1103 3431 ἐφεξῆς
1130 3358 1288 3414 δείννυσιν.“
1321 3353 1347 3405 ln

258 3452 352 3505 verbis
370 3454 463 3507 ‘itero
481 3452 511 3508 τὸ
531 3451 632 3527 μεταξὺ
649 3457 700 3525 γῆς
717 3449 733 3524 ἢ
752 3453 838 3528 πυρὸς
855 3461 901 3510 καὶ
919 3452 1016 3515 ὕδατος
1034 3461 1080 3510 καὶ
1094 3453 1187 3526 ἀέρος’
1206 3456 1303 3510 mirum
1314 3450 1347 3505 vi·

258 3548 318 3602 deri
338 3553 440 3618 potest,
459 3551 534 3620 quod
553 3553 689 3608 voeabula
717 3553 768 3622 γῆς
794 3557 822 3608 et
850 3551 936 3623 πυρὸς
953 3553 1093 3622 particula
1121 3546 1139 3619 ἢ
1163 3551 1348 3621 disiunguntur

257 3650 374 3714 tumque
395 3663 490 3700 eorum
511 3652 661 3717 utrumque
683 3650 823 3718 particula
846 3654 892 3703 καὶ
914 3667 977 3704 σεται
996 3650 1112 3718 reliquia
1132 3649 1274 3704 vocabulis
1294 3662 1346 3699 oon·

259 3743 399 3812 iungitur3
418 3745 554 3815 suspicari
572 3747 669 3816 possis,
691 3739 706 3814 ἣ
724 3747 890 3802 mutandum
910 3765 968 3802 osse
990 3746 1020 3800 in
1038 3750 1100 3808 καί,
1132 3747 1173 3800 ita
1201 3750 1234 3799 ut
1256 3740 1348 3810 simpli·

258 3839 330 3893 citer
347 3839 459 3894 dicatur
489 3839 532 3894 ‘rd
554 3841 655 3912 μεταξὺ
676 3843 731 3896 τῶν
754 3843 913 3914 στοιχείων·
931 3842 990 3896 sine
1008 3841 1202 3912 designatione
1223 3844 1348 3895 certorum

257 3935 468 4004 elementorum,
487 3953 542 4006 qua
560 3933 670 3991 dicendi
688 3937 799 3992 ratione
810 3937 982 4008 Philoponus
994 3938 1105 4007 saepius
1125 3937 1230 4005 utitur3
1249 3935 1281 3990 of.
1300 3935 1349 3986 not.

259 4032 382 4086 anteced.
401 4051 428 4101 a;
448 4033 479 4102 d;
498 4051 528 4102 a;
548 4033 566 4088 f.
604 4033 658 4088 Sed
675 4035 754 4088 nulla
772 4034 926 4089 mutatione
945 4051 1014 4104 opus
1033 4038 1082 4088 eat.
1121 4033 1251 4102 Namque
1267 4029 1349 4084 Phiio-

257 4130 332 4198 poni,
351 4133 384 4184 ut
401 4135 499 4200 postea
517 4131 673 4202 apparebit,
692 4132 831 4186 sententia
856 4149 889 4186 ea
909 4135 960 4200 eat,
986 4133 1015 4184 in
1034 4130 1246 4185 Anaximandro
1272 4124 1348 4182 ambi·

256 4243 342 4296 guum
361 4245 428 4296 eoae,
445 4232 539 4283 utrum
559 4229 617 4282 eius
627 4229 798 4297 principium
816 4229 938 4283 medium
953 4229 1101 4282 dioendum
1120 4225 1245 4281 eitinter
1257 4237 1346 4293 aquam
