2864 4904
787 371 838 430 rra
896 341 899 348 ’

267 547 332 614 iam
353 551 562 614 memoratam
584 547 696 614 referri
717 549 879 622 volumus,
913 569 976 616 non
1009 550 1127 633 poterit
1161 549 1268 614 referri
1290 549 1342 614 nisi

265 658 308 726 ad
338 657 392 724 ‘ri
413 655 527 741 ἕτερον
550 660 617 724 τῶν
638 657 840 744 στοιχείων’,
872 680 935 743 quo
969 660 1128 727 vocabulo
1149 660 1254 746 paullo
1281 665 1342 724 aute

264 767 498 835 Anaximandri
519 768 714 852 prinoipium
742 769 956 852 significatum
969 775 1040 848 est.
1083 768 1150 836 Sed
1172 789 1342 852 quamquam
1408 777 1409 794 ¹

264 878 303 943 τὸ
324 877 445 960 μεταξὺ
469 877 555 944 idem
580 878 782 946 essedieitur
796 883 894 962 atque
916 878 997 946 illud
1018 878 1057 943 τὸ
1072 876 1186 960 ἕτερον
1198 881 1260 944 τῶν
1272 901 1342 944 uror·
1408 903 1409 920 ι

264 985 371 1070 prima,
401 986 560 1070 siquidem
584 988 774 1073 simpliciter
795 988 890 1056 huius
913 990 1044 1073 ponitur
1064 990 1145 1070 loeo,
1172 1009 1231 1054 nee
1255 995 1343 1054 tamen

265 1093 371 1160 ἐκεῖνο
393 1095 518 1164 ratione
541 1116 600 1164 sua
621 1098 832 1180 grammatioa
852 1099 928 1164 illue
958 1097 1071 1163 referri
1105 1104 1212 1183 potest
1232 1097 1287 1163 nisi
1304 1117 1342 1162 ar-

264 1205 400 1272 tilioiosa
423 1205 563 1288 quadam
585 1207 864 1291 interpretatione3
891 1227 1096 1290 quamquam,
1119 1208 1148 1273 si
1170 1207 1244 1273 illue
1262 1206 1344 1271 reior-

265 1321 360 1398 ratur,
386 1335 448 1382 nou
471 1318 576 1382 minus
600 1322 797 1399 sequeretur,
825 1316 912 1400 quod
933 1317 1092 1400 volumus,
1121 1322 1156 1382 ut
1181 1318 1220 1380 τὸ
1243 1314 1342 1398 peragi

265 1445 358 1492 omne
381 1425 632 1510 intellegendum
655 1433 751 1509 esset,
779 1433 962 1510 propterea,
994 1425 1081 1509 quod
1102 1425 1142 1490 τὸ
1167 1422 1274 1507 ἕτερον
1291 1423 1344 1485 τῶν

264 1555 313 1600 or.
337 1537 467 1600 notione
499 1555 559 1600 sua
587 1535 685 1602 latius
707 1536 806 1601 etiam
829 1541 919 1619 patet
944 1555 1038 1618 quam
1061 1534 1100 1600 ro
1121 1535 1240 1617 μεταξὺ
1266 1552 1344 1616 gene-

264 1645 374 1710 raliter
395 1644 600 1710 iutelleotum.
638 1644 746 1722 Quare
773 1665 948 1729 pronomen
970 1642 1078 1710 ἐκεῖνο
1099 1644 1162 1712 hoe
1183 1645 1251 1711 looo
1261 1645 1345 1709 altera

265 1754 321 1820 illa
344 1753 579 1836 significatione
601 1754 824 1838 aooipiendum
847 1759 906 1835 est,
928 1773 995 1836 qua
1010 1753 1243 1822 hoovooabulo
1257 1753 1295 1834 id,
1311 1751 1345 1817 ad

202 1885 212 1896 ·
266 1863 353 1947 quod
368 1862 550 1948 adponitur,
573 1862 616 1930 ad
638 1885 730 1930 suam
745 1865 847 1948 ipsius
862 1866 960 1931 menti
975 1866 1039 1930 iam
1060 1864 1189 1930 insitam
1205 1863 1345 1928 notionem
1409 1881 1410 1892 ¹

267 1973 410 2054 refertur,
446 1974 492 2040 itu
514 1979 548 2039 ut
573 1967 695 2038 ‘dasiro
717 1973 756 2040 τὸ
778 1973 915 2055 μεταξύ’
936 1975 1143 2058 intellegatur
1165 1972 1274 2040 ‘nota
1291 1971 1346 2036 illa
1409 2035 1410 2070 ᾖ

268 2089 405 2150 natura
426 2073 581 2148 media'.
625 2084 694 2150 lam
721 2103 797 2150 vero
815 2103 887 2150 eum
909 2083 1233 2168 simplieiterdioatur
1251 2081 1286 2146 τὸ
1303 2101 1347 2161 με·
1409 2133 1410 2136 ,

266 2185 354 2276 ταξύ,
380 2193 609 2258 elementorum
630 2192 858 2276 designatione
878 2213 941 2259 non
957 2192 1079 2276 addita,
1101 2193 1258 2259 vocabulo
1276 2195 1347 2256 uerte

266 2303 305 2366 τὸ
326 2301 450 2384 μεταξὺ
472 2321 565 2369 omne
587 2301 797 2384 significatur.
842 2301 922 2368 Cum
945 2309 1053 2368 autem
1075 2303 1165 2368 nulla
1186 2303 1226 2367 sit
1240 2319 1347 2380 caussa,

267 2431 322 2478 our
350 2411 407 2477 illa
428 2411 527 2478 menti
555 2410 653 2478 insita
680 2411 768 2477 notio
795 2410 945 2484 eradatur
966 2411 1105 2478 alieuius
1134 2411 1254 2496 speciei
1274 2408 1348 2475 notio

267 2540 349 2603 esse,
372 2520 577 2587 statuendum
599 2527 657 2606 est,
680 2542 701 2588 a
716 2507 894 2588 Themistio
916 2521 977 2588 hoo
992 2523 1062 2588 loeo
1076 2522 1116 2588 τὸ
1130 2521 1250 2604 μεταξὺ
1267 2537 1347 2586 omne

268 2630 429 2714 intellegi;
452 2637 549 2714 atque
572 2631 606 2698 id
629 2651 667 2697 eo
684 2652 811 2715 quoque
833 2632 986 2716 firmatur,
1009 2632 1097 2716 quod
1120 2631 1181 2698 hoo
1199 2633 1268 2718 ipso
1288 2630 1346 2693 loeo

266 2741 305 2805 τὸ
325 2739 445 2823 μεταξὺ
469 2739 554 2806 idem
567 2742 658 2825 ponit
679 2747 777 2825 atque
798 2742 837 2807 τὸ
859 2738 972 2824 &spor
993 2743 1061 2807 τῶν
1072 2739 1251 2824 στοιχείων,
1265 2736 1348 2822 quod·
1410 2801 1411 2816 p

267 2866 332 2934 que
355 2851 422 2918 alio
442 2851 513 2916 loeo
535 2870 594 2935 pro
619 2870 667 2932 eo,
689 2851 776 2934 quod
799 2853 841 2918 ab
855 2851 1030 2918 Aristotele
1052 2851 1173 2917 dieitur
1193 2851 1231 2914 ro*
1245 2843 1348 2932 μειαξύ
1410 2831 1411 2884 ³

266 2954 384 3036 ὕδατος
405 2957 459 3024 καὶ
479 2952 594 3042 πυρός,
616 2961 810 3046 simpliciter
832 2960 911 3027 dieii
930 2959 990 3024 ‘ud
1011 2953 1196 3042 μεταξύἿ).

365 3068 480 3151 ltaque
493 3067 691 3134 Themistius
705 3068 744 3134 τὸ
767 3069 888 3151 μεταξὺ
908 3069 954 3135 ita
968 3069 1011 3135 ad
1024 3068 1256 3135 Anaximandri
1277 3065 1348 3151 prin·

266 3176 386 3262 oipium
410 3176 517 3256 refert,
548 3183 584 3242 ut
615 3177 658 3244 ad
686 3177 748 3244 lroe
773 3199 872 3245 unum
894 3180 992 3245 etiam
1015 3199 1136 3263 omnes,
1170 3199 1250 3262 quas
1280 3177 1347 3242 forte

265 3286 354 3352 illius
386 3286 452 3353 diei
483 3286 616 3370 sciebat,
651 3286 778 3373 speeies
800 3287 963 3354 rettulisse
987 3287 1149 3372 putandus
1178 3288 1230 3354 sit.
1270 3280 1348 3364 Quod

266 3396 309 3462 ad
329 3395 387 3462 has
404 3397 505 3481 ipsas,
529 3416 610 3479 quas
634 3396 676 3462 ab
691 3398 864 3463 Aristotele
886 3399 1059 3464 memorari
1074 3396 1226 3480 vidimus,
1240 3393 1348 3480 speeies

266 3503 389 3588 attinet,
412 3505 611 3574 Themistius
643 3506 682 3570 τὸ
713 3506 834 3588 μεταξὺ
866 3507 975 3573 inter
1006 3507 1135 3590 ignem
1168 3512 1206 3572 et
1238 3519 1347 3570 aeram

266 3623 377 3698 aperte
399 3614 442 3680 ad
470 3634 568 3680 unum
592 3614 867 3680 Anaximandrum
897 3613 1004 3681 refert.
1047 3615 1096 3681 De
1126 3614 1235 3681 medio
1263 3613 1348 3677 inter

267 3742 401 3805 aquam
429 3729 467 3790 et
488 3744 617 3790 aerem
650 3725 770 3808 ambigi
803 3731 917 3810 potest
961 3725 1108 3808 Namque
1142 3727 1171 3792 si
1200 3723 1268 3790 eius
1289 3716 1347 3795 lori,

266 3983 342 4039 Looo
360 3984 449 4038 multo
461 3985 662 4054 propinquiore
682 3985 719 4056 (p.
730 3987 836 4056 222,9;
857 3987 913 4043 vid.
926 4003 1011 4056 supra
1029 4005 1056 4057 p.
1071 3987 1130 4057 109,
1142 3987 1171 4058 3)
1189 3988 1291 4060 ιμῖγμιι
1308 4002 1347 4035 nu

266 4078 314 4150 ρὸς
331 4083 377 4134 καὶ
393 4077 484 4151 ἀέρος’
505 4086 689 4138 memoratum
705 4087 756 4146 est,
775 4083 823 4137 sed
841 4101 892 4138 neo
909 4083 1076 4139 venabulum
1087 4081 1190 4154 μεταξὺ
1207 4081 1347 4138 adhibitum

264 4191 316 4230 neo
336 4177 539 4232 Anaximandri
557 4195 659 4232 nomeu
677 4178 813 4234 additum.

367 4273 394 4343 l)
412 4273 475 4328 Vid.
495 4289 580 4343 supra
598 4293 625 4343 p.
646 4277 706 4344 loa,
725 4277 752 4329 2.
