2860 4906
771 373 824 430 276

239 550 365 616 stotclis
388 548 540 629 locum¹);
564 555 661 631 atque
684 548 903 614 Alexandrum
927 568 1057 630 quoque
1073 548 1246 633 putandum
1268 568 1328 614 esse

239 659 325 725 idem
348 659 521 740 rettulisse,
546 665 642 724 antea
663 658 789 724 idoneis
812 659 937 724 caussis
962 657 1171 740 probavimus
1179 661 1212 738 ²).
1241 656 1327 722 Deni-

239 789 301 850 que
324 768 410 835 idem
424 767 598 834 Plutarcho
621 768 719 833 ctiam
731 770 895 852 cognitum
909 769 1021 852 fuisse,
1045 768 1121 834 inde
1132 775 1229 853 patet,
1252 767 1327 850 quod

238 877 474 943 Anaximandri
505 876 676 944 derorum
706 879 915 960 generatione
947 878 1123 943 doctrinam
1148 877 1328 944 adumbrans

238 1006 366 1072 semper
389 987 632 1052 secretionis
658 989 816 1053 vocabulo
843 987 954 1068 utitur,
986 986 1086 1052 veluti
1112 985 1328 1052 Anaximandri

239 1098 397 1162 sententia
420 1096 532 1162 dicens
556 1117 596 1162 cx
619 1096 746 1162 infinito
767 1099 906 1182 primum
930 1117 1041 1162 semen
1064 1096 1226 1180 quoddam
1240 1093 1327 1161 calidi

238 1212 271 1271 et
289 1205 412 1290 frigidi,
434 1212 533 1289 atque
557 1227 596 1272 ex
619 1205 681 1272 hoc
703 1207 826 1272 semine
842 1208 949 1272 coelos
974 1206 1223 1288 innumerosque
1249 1225 1327 1269 mun·

239 1313 298 1380 dos
321 1322 461 1381 secretos
483 1335 555 1382 osse
577 1306 894 1400 (dmonoaolodoulll.

239 1490 297 1542 ταῖς
307 1482 511 1556 ὁμοιομερείαις
527 1482 575 1551 τὴν
588 1486 762 1540 ἐναντίωσινΙ
781 1481 1106 1556 κειὶἈνυξίμιινδρος
1126 1487 1268 1553 ἓκκρίσει
1286 1479 1328 1545 τὴν
1406 1505 1407 1556 ι

236 1582 367 1651 γένεσιν*
381 1579 448 1634 κατὰ
462 1577 605 1652 σύγκρισιν
616 1577 685 1635 ὥστε
697 1587 740 1634 καὶ
753 1576 890 1652 διάκρισιν
903 1583 976 1636 κτλ.“
996 1581 1057 1648 Quo
1068 1581 1129 1635 loco
1143 1582 1227 1636 verba
1243 1581 1327 1648 Ἱκκρί·
1406 1559 1407 1646 A

239 1693 278 1730 σει
293 1677 342 1744 τὴν
350 1681 461 1747 γένεσιν
471 1675 538 1731 κατά
550 1673 694 1748 σύγκρισιν
704 1675 773 1732 ὥστε
784 1683 829 1730 καὶ
840 1672 997 1748 διάκρισιν,
1015 1684 1112 1746 aperte
1123 1681 1251 1747 corrupta
1262 1681 1327 1740 sunt,
1406 1741 1407 1764 A

238 1775 379 1842 quoniam,
398 1779 430 1828 ut
449 1776 554 1844 scripta
574 1780 648 1842 suut,
671 1775 785 1830 omnino
811 1792 867 1828 non
891 1779 1009 1843 possunt
1031 1775 1168 1844 intellegi.
1203 1775 1263 1844 Ipsa
1280 1773 1326 1826 loci

237 1872 376 1926 sententia
399 1889 455 1924 non
482 1872 614 1941 ambigua
639 1876 695 1940 στος
724 1871 893 1926 Themistius
922 1871 1076 1935 contendit,
1101 1869 1326 1925 Anaximandrum

237 1985 269 2021 ea
288 1968 406 2037 ipsane,
436 1969 510 2036 quod
535 1969 745 2039 generationem
770 1987 827 2024 csse
851 1969 921 2024 velit
947 1969 1083 2038 “ἔκκριοιν
1105 1969 1160 2022 τῶν
1187 1967 1327 2032 ἐναντίων,

200 2117 206 2128 ,
237 2063 306 2118 duos
324 2069 416 2118 motus
436 2067 606 2134 contrarios,
624 2061 770 2136 σύγκρισιν
789 2067 837 2136 (sc.
857 2067 1052 2120 τῶνέναντίων
1068 2067 1099 2120 ἐν
1116 2067 1155 2136 τῷ
1173 2067 1222 2133 ἑνί)
1240 2069 1267 2119 et
1278 2058 1328 2117 διά·

236 2177 335 2230 κρισιν,
354 2179 468 2230 ponere.
506 2163 535 2216 Si
554 2170 582 2218 et
601 2162 672 2217 hanc
691 2164 746 2218 loci
765 2165 932 2218 sententiam
953 2168 981 2217 et
1000 2163 1087 2218 verba
1105 2163 1259 2232 sequentia:
1277 2162 1327 2212 ‘xci

237 2251 411 2329 Δημόκριτος
427 2299 434 2312 .
455 2301 460 2312 .
483 2264 560 2313 θέσει.
578 2265 623 2312 καὶ
645 2255 764 2330 σχήματι
785 2265 830 2314 καὶ
848 2257 916 2320 τάξει
937 2258 984 2318 τάς
1000 2261 1242 2329 γενέσειςποιών,
1260 2260 1326 2312 ίναν-

235 2339 326 2406 τιώσει
345 2357 438 2419 ποιεῖ’,
463 2356 514 2410 illa
532 2357 620 2410 verba
639 2362 688 2411 aut
707 2359 748 2410 ita
765 2356 902 2411 'facillime
922 2357 1053 2411 videntur
1077 2358 1181 2428 corrigi
1199 2374 1282 2425 posse,
1299 2357 1327 2406 ut

236 2455 300 2518 post
319 2451 455 2519 ’γένεσιν
474 2453 616 2508 inseratur
635 2459 729 2507 ποιεῖ
746 2458 774 2507 et
792 2450 893 2507 ‘dare’
911 2458 1034 2522 ponatur
1044 2458 1110 2507 ante
1130 2452 1210 2506 ‘nord
1229 2445 1326 2520 σύγκρι·

236 2547 293 2600 utu*
313 2547 341 2600 in
355 2547 429 2601 hunc
442 2548 568 2602 modum:
587 2546 721 2618 ‘launico
737 2545 787 2615 τὴν
798 2552 909 2617 γένεσιν
920 2554 1021 2613 ποιεῖ,
1040 2544 1127 2600 ὥστε
1146 2545 1212 2600 κατὰ
1231 2564 1327 2614 συγκρι-

238 2659 282 2697 σιν
306 2647 350 2695 καὶ
374 2639 532 2714 διάκρισιν,
556 2649 605 2698 aut
629 2645 679 2712 ita,
703 2648 736 2699 ut
758 2651 823 2714 post
849 2641 984 2714 “γίνεσιν’
1015 2645 1157 2699 inseratur
1181 2644 1282 2697 ποιάν
1302 2645 1326 2693 et

234 2735 329 2792 ‘doro’
350 2744 476 2794 mutetur
494 2741 523 2794 in
543 2746 644 2810 ποιεῖ,
663 2740 716 2795 hoc
734 2740 832 2794 modo:
864 2741 997 2809 “ίκκρίσει
1023 2737 1073 2804 τὴν
1094 2745 1205 2810 γένεσιν
1226 2737 1327 2792 ποιῶν

235 2833 302 2889 κατὰ
323 2831 467 2905 σύγκρισιν
486 2843 582 2890 ποιεῖ
600 2841 645 2890 καὶ
664 2833 822 2908 διάκρισιν’Ι

338 2933 362 2999 l)
380 2931 488 3000 Philop.
510 2931 663 2986 comment.
687 2931 717 2984 in
734 2932 853 2986 Aristot.
880 2931 959 3000 Phys.
978 2932 999 2999 1,
1025 2933 1050 2986 4.
1072 2932 1200 2985 187212
1218 2947 1267 2998 τσο
1289 2929 1328 2996 ,οἱ

234 3028 289 3098 μὲν
313 3026 366 3097 γάρ
392 3023 480 3081 αὐτῶν
505 3027 571 3097 (τῶν
596 3029 730 3099 φυσικῶν)
754 3023 900 3095 πυκνώσει,
928 3029 975 3080 τοῦ
1000 3027 1059 3080 κατ’
1083 3023 1180 3086 αὐτοὺς
1203 3029 1327 3096 στοιχείου

236 3163 242 3177 .
264 3163 269 3176 .
290 3164 296 3177 .
314 3119 523 3194 Ἀντιίμυνδρσς
550 3126 591 3193 δέ,
617 3123 648 3178 τὸ
676 3121 777 3196 μεταξὺ
797 3167 802 3178 .
825 3165 830 3177 .
856 3127 946 3194 λέγων
973 3131 1119 3195 στοιχεῖον,
1148 3117 1327 3177 sicilicula

235 3214 352 3272 τούτου
372 3220 593 3292 ἔκκρίνεσθαι
617 3219 724 3287 ἔλεγεν·
749 3213 913 3289 ἐνυπάρχειν
930 3217 984 3287 γάρ
1004 3218 1034 3271 ἐν
1052 3212 1137 3287 τούτῳ
1157 3215 1258 3288 άπείριρ
1275 3208 1324 3268 ὄντι

235 3312 284 3373 τὰς
302 3309 497 3380 ἐναντιότητας,
519 3314 575 3366 εἶτα
594 3315 793 3384 ίκκρινομίνας
812 3315 839 3374 ίξ
857 3310 938 3366 αὐτοῦ
957 3319 1047 3367 ποιεῖν
1068 3311 1101 3366 τὰ
1120 3309 1211 3367 λοιπά.
1235 3316 1259 3365 oi
1278 3309 1327 3382 μὲν
1406 3309 1407 3346 fi

234 3403 284 3466 οὖν
302 3406 440 3466 πυκνώσει
459 3415 504 3464 καὶ
522 3407 647 3482 μονώσει
660 3413 784 3480 λέγοντες
802 3404 942 3462 ἀλλοιώσει
962 3411 1009 3462 τοῦ
1022 3411 1079 3463 κοτ’
1093 3407 1191 3469 αὐτούς
1203 3411 1326 3480 στοιχείου
1406 3479 1407 3484 ,

235 3507 353 3577 γεννῶσι
373 3505 405 3562 τά
426 3503 506 3562 duta*
527 3549 532 3560 .
554 3551 559 3561 .
581 3507 801 3579 Ἀναξίμανδρος
812 3506 843 3560 δὲ
863 3507 916 3560 οὐκ
924 3501 1067 3561 ἀλλοιώσει
1083 3508 1131 3560 τοῦ
1141 3503 1243 3578 μεταξὺ
1253 3501 1326 3575 γεννᾷ

233 3602 265 3657 τὰ
294 3597 368 3672 diua,
401 3602 458 3658 ἀλλ’
489 3607 644 3675 ἐκκρίσει
673 3599 934 3674 ἐνυπαρχόντων
961 3605 996 3658 ἔν
1023 3601 1135 3673 αὐτῷ.“
1173 3606 1216 3659 Ac
1243 3616 1325 3658 rursus

233 3701 330 3754 multis
349 3701 475 3756 versibus
494 3702 662 3756 interiectis:
689 3699 927 3773 ,Ἀναξίμανδρος
949 3702 980 3754 ἐκ
1004 3701 1052 3754 τοῦ
1075 3702 1133 3754 κατ’
1159 3697 1243 3754 αὐτὸν
1266 3716 1325 3752 στοι-

228 3803 317 3874 χείου,
341 3794 411 3869 ὅπερ
434 3800 493 3853 ἐστὶ
520 3798 550 3852 τὸ
578 3794 687 3869 μεταξύ,
715 3841 720 3852 .
742 3841 748 3852 .
771 3795 886 3867 ἀπείρου
908 3791 987 3856 ὄντος
1013 3801 1057 3850 καὶ
1083 3791 1174 3850 πάντα
1197 3799 1228 3851 ίν
1251 3794 1326 3860 ἑαυτῷ
1406 3853 1407 3870 ἶ

234 3899 416 3966 περιέχοντος,
442 3894 474 3948 τὰ
493 3892 560 3949 dura
578 3902 706 3966 γίνεσθαι
732 3895 889 3965 μᾶλλονδὲ
909 3884 1141 3962 ἑκκρίνεσδαι,
1167 3889 1226 3959 τὴν
1242 3896 1325 3962 γίνι-
1406 3913 1407 3972 A

234 4008 288 4044 σιν
313 3991 418 4046 οὐδὲν
447 3993 532 4047 εἶναι
560 3987 637 4044 litto
664 3985 680 4057 ἢ
710 3993 863 4059 ἔκκρισιν
890 3995 935 4043 καὶ
963 3991 1125 4061 ἔκφανσιν.“
1163 3990 1234 4043 Vide
1260 3990 1324 4042 locos

234 4089 378 4141 uberiores
396 4105 424 4156 p.
445 4089 505 4156 127,
527 4092 551 4156 1,
572 4106 589 4142 a
608 4092 636 4142 et
655 4087 682 4141 b.

334 4183 363 4252 2)
384 4182 447 4236 vid.
466 4201 550 4253 supra
568 4201 595 4253 p.
614 4184 658 4252 45,
677 4185 702 4236 2.

335 4279 364 4349 3)
382 4278 445 4332 Vid.
465 4296 550 4348 supra
568 4296 596 4347 p.
617 4281 660 4347 45,
680 4281 705 4332 5.
798 4265 801 4272 ’
