2858 4910
768 365 817 418 188

242 536 323 603 Sunt
344 537 474 619 quidem
497 537 585 620 apud
613 555 668 602 eos
693 535 851 619 quaedam
873 534 1075 600 differentiae
1103 532 1174 597 eius
1196 530 1336 611 rationis,

167 653 169 658 '
242 666 307 729 qua
338 645 403 712 dno
434 645 492 711 illa
521 645 628 711 modia
661 644 704 710 ad
728 642 1007 709 Anaximandrum
1038 641 1198 717 referunt3
1230 659 1336 705 verum

242 754 303 820 hae
325 775 388 820 non
411 755 643 820 sententiarum
666 752 724 818 sed
746 751 914 818 verborum
937 749 1039 816 solum
1064 755 1147 814 sunt.
1193 749 1337 830 Namque

242 883 314 928 oum
336 883 446 928 omnes
467 864 589 946 pariter
610 861 844 927 Anaximandri
867 861 1056 943 prinoipinm
1079 860 1208 941 saepius
1230 857 1339 923 disant

242 965 409 1052 τὸμεταξύ
433 971 619 1054 simpliciter
642 970 764 1053 haeque
779 970 852 1054 ipsa
864 967 1068 1053 significandi
1082 969 1206 1033 ratione
1221 986 1338 1046 omues,

243 1102 325 1164 quae
349 1081 429 1148 forte
460 1080 658 1160 dicebantur,
692 1083 815 1164 speeies
851 1079 894 1145 ad
927 1077 987 1144 hoo
1020 1097 1118 1143 unum
1147 1077 1340 1161 principium

242 1191 392 1268 referant,
426 1189 512 1273 qnod
544 1189 586 1255 ad
609 1191 697 1274 ipsas
720 1189 780 1255 has
803 1191 928 1272 speeies
951 1187 1075 1269 attinet,
1103 1186 1289 1254 Alexander
1311 1194 1340 1253 et

243 1301 427 1383 Simplicius
461 1299 692 1365 Anaximandri
726 1300 916 1384 principium
947 1300 1128 1382 promiscue
1160 1302 1228 1362 tum
1261 1298 1342 1363 inter

241 1431 348 1476 aerem
370 1417 401 1476 et
421 1429 538 1492 aquam
561 1409 701 1476 modium
724 1410 899 1493 appellant,
920 1429 994 1475 uno
1020 1410 1109 1474 looo
1132 1412 1363 1488 monentes,¹

242 1525 408 1603 utroque
435 1523 543 1585 modo
569 1520 733 1586 medium
755 1519 884 1598 dioi¹);
918 1517 1118 1602 Philoponus
1141 1523 1260 1601 autem,
1289 1518 1343 1582 ubi

244 1630 484 1695 accuratissimo
505 1631 653 1712 loquitur,
683 1629 793 1695 modo
817 1629 1069 1714 dilsiuuotivo
1091 1625 1264 1693 medium
1285 1628 1344 1692 vol

245 1738 347 1805 inter
374 1759 499 1806 aerem
533 1746 573 1806 et
601 1739 727 1822 ignem
756 1740 817 1805 vel
851 1741 953 1804 inter
983 1757 1116 1804 aerem
1147 1745 1184 1803 et
1206 1757 1344 1820 aquarn

244 1849 331 1931 dioit,
354 1847 478 1931 haeque
500 1848 628 1914 dicendi
650 1851 772 1914 ratione
796 1849 890 1914 simul
911 1849 1070 1913 rationem
1086 1846 1259 1931 signifieat,
1282 1867 1345 1930 qua

246 1957 477 2023 Anaximandri
498 1959 688 2041 principium
711 1959 805 2023 simul
823 1964 991 2040 utrumque
1013 1957 1150 2022 dioatur.
1174 1955 1345 2022 Themistii

244 2065 374 2148 quidem
397 2088 493 2132 unum
506 2067 685 2132 invenimus
706 2069 819 2144 loonm,
844 2066 1104 2150 equooonoludi
1117 2067 1232 2149 possit,
1255 2067 1346 2132 illum

245 2184 391 2241 naturam
413 2178 494 2242 inter
516 2196 621 2241 aerem
650 2183 682 2243 et
703 2196 819 2258 aquam
844 2177 981 2243 mediam
1003 2178 1133 2242 omnino
1156 2197 1222 2242 non
1245 2197 1347 2260 agno·

244 2286 342 2366 visse,
365 2291 397 2350 ot
412 2306 509 2351 unum
526 2286 694 2368 Simplicii,
717 2306 779 2368 quo
796 2285 1000 2352 ismedium
1024 2286 1126 2352 inter
1151 2305 1288 2370 aquam
1311 2293 1348 2352 et

247 2395 382 2477 ignem,
415 2393 500 2477 quod
522 2396 620 2461 semel
649 2401 771 2460 tantum
805 2378 850 2460 ab*
869 2395 1042 2460 Aristotele
1064 2401 1272 2476 memoratur,
1304 2394 1349 2461 ad

243 2503 422 2586 Diogenem
444 2505 680 2587 Apolloniatem
709 2505 815 2571 refert.
866 2506 905 2570 At
927 2504 1133 2584 ostendimus,
1167 2511 1279 2588 atque,
1314 2512 1349 2570 ut

244 2616 366 2699 opinor,
389 2617 512 2681 caussis
527 2617 606 2680 satis
621 2615 755 2696 idoneis,
779 2623 948 2697 utrumque
962 2617 1067 2681 looum
1083 2615 1164 2680 vitio
1180 2614 1348 2681 adiectum

245 2743 325 2805 esso,
347 2705 471 2806 hooqne
483 2727 559 2789 vitio
572 2731 684 2789 sanato
706 2727 784 2791 istas
800 2724 1021 2790 dissensiones
1043 2727 1212 2790 removeri.
1238 2725 1349 2791 Asela-

244 2836 315 2916 pins
342 2855 414 2899 oum
443 2833 533 2900 hisce
563 2840 714 2916 quattuor
746 2835 977 2919 interpretibus
998 2854 1039 2900 ea
1060 2840 1152 2917 parte
1176 2837 1349 2916 consentit,

245 2943 330 3025 quod
352 2964 390 3009 eo
412 2965 474 3010 uno
499 2944 579 3018 looo,
607 2964 671 3026 quo
695 2947 855 3026 potuimus
878 2945 934 3025 uti,
969 2942 1205 3008 Anaximandri
1227 2943 1350 3026 prinoi-

245 3055 333 3137 pium
355 3053 545 3136 simpliciter
564 3046 601 3116 sd
624 3046 743 3133 μεταξὺ
768 3052 856 3134 diuit,
890 3059 922 3118 et
943 3052 1132 3136 Anonymus
1155 3052 1221 3134 ille,
1255 3053 1350 3118 euius

245 3165 366 3247 pariter
398 3183 496 3229 unum
529 3169 654 3228 tantum
687 3163 792 3227 looum
825 3161 953 3228 adferre
976 3163 1147 3245 potuimus,
1182 3160 1245 3226 hoo
1278 3163 1374 3228 loeo-

245 3279 330 3338 oerto
353 3280 500 3338 naturam
519 3275 602 3337 iuter
622 3291 729 3338 aerem
753 3279 784 3337 et
806 3290 924 3353 aquam
946 3270 1087 3336 mediam
1108 3270 1150 3334 ab
1170 3269 1351 3338 Aristotele

189 3403 192 3410 ¹
245 3386 454 3446 memoratam
476 3379 717 3446 Anaximandro
739 3379 859 3445 tribuit.
903 3379 1035 3445 Pariter
1050 3377 1092 3444 ad
1115 3397 1214 3442 unum
1237 3398 1351 3446 omnes

246 3511 284 3556 eo
309 3490 519 3571 consentiunt,
556 3488 651 3571 quod,
683 3489 864 3571 ubieunque
885 3486 1070 3553 Aristotelis
1098 3487 1197 3568 loeus,
1231 3489 1351 3570 quibus

246 3599 274 3664 is
295 3591 333 3659 ad
357 3590 446 3678 παρὰ
467 3591 507 3659 τὰ
530 3599 676 3676 στοιχεῖα
703 3599 754 3661 vel
779 3595 817 3658 τὸ
851 3590 970 3677 μεταξὺ
993 3601 1158 3676 memorat,
1190 3596 1352 3682 interpre-

245 3712 363 3788 tantur,
387 3705 444 3771 hos
465 3706 552 3770 loeos
577 3704 619 3770 ad
643 3725 740 3770 unum
763 3702 1040 3770 Anaximandrum
1060 3702 1218 3784 roferuut;
1252 3713 1351 3787 atquo

246 3882 445 3891 *-

347 3992 374 4063 1)
393 3993 552 4047 Alexander
576 3993 611 4047 iis
634 3991 709 4056 louis,
733 3991 781 4060 qui
806 3990 910 4044 servati
935 3993 1008 4056 sunt,
1034 4006 1091 4042 non
1108 3987 1262 4056 separatim
1289 3991 1348 4058 qui·

246 4092 309 4146 dem
328 4093 389 4144 tum
408 4089 461 4145 hoo
483 4093 544 4143 tum
567 4090 616 4144 illo
645 4089 781 4144 vocabulo
807 4088 939 4157 appellat,
967 4085 1015 4140 sed
1033 4083 1195 4138 Aristotelis
1225 4084 1302 4140 loooa
1321 4091 1349 4140 et

247 4205 301 4257 eos,
321 4187 421 4258 quibus
440 4187 501 4255 hoo,
521 4190 549 4240 et
567 4204 622 4254 eos,
642 4186 741 4255 quibus
765 4184 836 4240 illud
859 4183 1026 4239 vooabnlurn
1051 4179 1212 4247 adhibetur,
1240 4181 1349 4252 pariter

246 4284 282 4342 ad
300 4284 540 4340 Anaximandrum
559 4283 654 4339 refert.
