2882 4902
801 369 837 426 dd

264 543 381 610 iectam
404 563 468 609 non
489 559 681 626 posscesse
704 563 801 610 unum
823 563 865 609 cx
885 544 1063 628 elementis,
1086 554 1263 632 propterea
1282 545 1354 630 quod

265 655 493 720 elementorum
515 654 687 736 qualitates
720 655 805 720 inter
832 673 867 720 se
896 658 1077 722 contrariae
1092 659 1165 749 ‘sint
1187 657 1354 734 etidcirco,

265 765 294 831 si
317 764 454 831 materia
479 770 565 829 osset
597 783 696 829 unum
724 766 963 848 exclamantis,
994 767 1216 852 solutioque,
1251 766 1283 832 id
1302 767 1355 832 suis

263 875 364 960 ipsius
377 874 584 957 qualitatibus
595 874 732 940 aliorum
748 874 979 940 elementorum
990 876 1196 960 generationi
1213 877 1354 957 obstrusae

264 1005 322 1052 nec
337 985 433 1069 posse
455 1003 528 1050 esse
549 983 666 1049 aliam
686 982 879 1065 quandam
902 989 1081 1050 naturam
1105 985 1355 1052 abelementis

263 1093 424 1160 diversam
446 1081 856 1176 (dissuescamus),
889 1111 986 1176 quae
1014 1092 1205 1161 videlicet
1234 1095 1286 1162 sit
1305 1114 1354 1159 na-

263 1209 348 1269 tura
369 1185 556 1285 quaedam
571 1195 890 1284 mediaipaoduas)
905 1203 1011 1267 inter
1027 1203 1160 1270 aerem
1176 1213 1216 1270 et
1230 1223 1353 1286 aquam

262 1313 323 1377 vel
345 1314 591 1378 interseram
615 1318 652 1378 ct
675 1314 808 1395 ignem,
830 1331 906 1377 aere
920 1310 1051 1377 densior
1063 1331 1152 1395 aqua
1164 1321 1272 1380 autem
1293 1313 1353 1377 sub·

262 1423 356 1504 iiiior,
377 1422 428 1488 vel
450 1423 525 1504 igne
546 1421 675 1488 densior
686 1420 831 1487 subtilior
852 1426 1058 1499 autemaere,
1083 1429 1259 1506 propterea
1280 1420 1352 1504 quod

263 1532 342 1599 haec
363 1539 479 1598 natura
493 1533 576 1596 inter
598 1531 662 1596 duo
684 1532 841 1595 elementa
853 1529 970 1614 media,
992 1551 1065 1596 oum
1078 1533 1148 1597 eius
1170 1533 1275 1598 forma
1295 1531 1353 1596 sive

262 1642 400 1726 qualitas
426 1641 608 1707 necessario
639 1640 805 1721 utriusque
838 1639 988 1706 elementi
1024 1641 1174 1723 qualitati
1206 1641 1352 1708 contraria

262 1753 305 1818 sit
327 1751 503 1818 etidcirco
525 1769 589 1816 non
612 1750 789 1815 consistere
816 1750 921 1833 possit
946 1749 1012 1815 nisi
1038 1751 1074 1814 in
1095 1750 1266 1834 utriusque
1287 1768 1352 1832 qua-

261 1861 363 1927 litatis
386 1861 577 1945 privatione‚
600 1879 672 1925 cum
688 1856 790 1942 igitur
805 1893 846 1904 -·
867 1861 913 1924 ita
935 1845 1019 1923 enim
1034 1858 1220 1924 Aristotelis
1235 1859 1350 1926 demon·

261 1971 448 2036 strationem
484 1974 575 2054 patet
606 1968 801 2052 explendam
831 1987 903 2034 esse
934 2003 972 2014 -
1007 1970 1080 2049 ipsa
1111 1969 1226 2052 quavis
1260 1968 1352 2034 forma

261 2087 379 2157 careat,
410 2079 539 2144 omnino
577 2099 639 2144 non
663 2077 706 2144 sit
728 2097 844 2162 corpus
878 2077 1041 2161 quoddam
1076 2099 1136 2162 per
1167 2098 1203 2145 se
1235 2083 1351 2163 praeter
1410 2065 1411 2112 ἦ

260 2190 418 2254 elementa
448 2189 600 2254 constans
631 2178 705 2269 (οὐκ
735 2184 896 2266 ἐνδέχεται
917 2187 1107 2268 promiscas
1138 2186 1244 2252 ἐκεῖνο
1258 2177 1351 2251 'odda'-

258 2304 367 2381 noae),
390 2297 657 2382 quemadmodum
680 2296 812 2379 quidam
837 2296 1033 2362 velint-esse
1053 2296 1087 2362 id
1111 2297 1211 2380 quod
1234 2297 1285 2362 sit
1306 2295 1347 2358 in·

259 2409 415 2475 finitum
448 2413 484 2474 et
513 2407 639 2473 omnia
662 2407 900 2490 amplectens
926 2401 977 2486 (τό
1000 2396 1141 2489 ἔπειρον
1167 2405 1220 2470 καὶ
1241 2400 1280 2470 τὰ
1301 2425 1347 2466 τε·

259 2515 379 2603 ριέχον)
388 2518 420 2599 ¹).

360 2737 386 2805 1)
406 2735 477 2792 Ibid.
499 2737 524 2790 5.
545 2737 615 2790 832⁸
628 2737 672 2804 20,
694 2739 843 2805 postquam
866 2735 1088 2790 demonstratum
1111 2738 1162 2796 ost,
1185 2751 1277 2792 rernm
1299 2749 1348 2786 ms·

257 2834 358 2890 teriam
376 2851 433 2889 nou
450 2849 603 2903 possessae
616 2851 702 2888 unum
721 2831 921 2900 exclamantis,
940 2832 1136 2902 siopergitur:
1157 2828 1206 2902 „cai
1223 2829 1281 2903 μὴν
1297 2824 1348 2882 οὐδ’

260 2925 325 2986 diso
343 2952 366 2986 u
388 2928 477 3000 παρὰ
497 2930 606 2999 ταῦτα,
636 2925 708 2984 οἷον
725 2933 832 3000 μέσον
854 2948 881 2982 τι
901 2924 999 2998 ἀέρος
1016 2930 1070 2980 καὶ
1088 2922 1211 2988 ὕδατος
1228 2922 1245 2993 ἢ
1262 2923 1349 2995 ἇέρος

256 3033 311 3084 καὶ
329 3024 443 3101 πυρός,
462 3025 542 3099 ἀέρος
559 3027 614 3099 μὲν
630 3020 785 3098 παχύτερσν
803 3030 848 3080 καὶ
860 3020 952 3096 πυρός,
965 3025 1020 3078 τῶν
1038 3019 1262 3095 δὲλεπτότερον·
1282 3024 1346 3077 ἔσται

255 3123 310 3198 γὰρ
328 3123 379 3196 ἀὴρ
398 3128 444 3180 καὶ
461 3126 516 3194 πῦρ
535 3125 624 3178 ἐκεῖνο
636 3123 696 3196 μετ’
717 3119 908 3190 ἐναντιότητος·
921 3118 988 3174 ἀλλὰ
1005 3124 1130 3190 στέρησις
1146 3119 1178 3174 τὸ
1196 3121 1286 3192 ἕτερον
1302 3117 1348 3171 τῶν

256 3223 398 3277 ἐναντίων
419 3217 483 3274 ὥστ’
497 3215 546 3274 οὐκ
559 3221 700 3290 ἐνδέχεται
713 3220 870 3292 μονοῡτθατ
881 3219 970 3272 ἐκεῖνο
980 3213 1124 3281 οὐδέποτε,
1143 3214 1254 3288 ὥσπερ
1272 3216 1349 3288 φασί

254 3315 394 3378 τινεςτὸ
414 3312 627 3387 ἄπειρονκαὶ
646 3312 680 3368 τὸ
706 3315 891 3386 περιέχον.“
927 3314 982 3368 Hic
1002 3314 1088 3383 locus,
1114 3331 1170 3383 quo
1195 3319 1277 3369 antea
1299 3313 1346 3364 ism

256 3415 298 3478 usi
309 3433 403 3469 sumus
414 3415 451 3484 ip.
464 3416 507 3480 53,
515 3417 574 3479 not.
588 3414 623 3482 1),
642 3415 760 3480 propter
772 3411 888 3466 nimiam
899 3411 1035 3466 orationis
1044 3403 1213 3484 breuitatem
1227 3412 1293 3466 adeo
1304 3409 1345 3461 im-

255 3511 366 3581 peditus
389 3515 441 3580 est,
466 3514 498 3564 ut
516 3510 673 3565 accuratius
692 3509 823 3564 videatur
847 3509 1027 3578 explicandus
1046 3525 1113 3564 esse.
1150 3509 1275 3563 Primum
1291 3521 1344 3576 par·

255 3608 342 3662 ticula
359 3601 441 3662 ‘cios'
464 3607 517 3662 hoc
536 3608 597 3662 loco
616 3607 774 3676 explicandi
793 3590 850 3661 vim
869 3603 963 3670 habet,
981 3605 1011 3660 id
1030 3605 1106 3675 quod
1124 3607 1252 3661 versione
1269 3601 1341 3674 signi·

255 3703 407 3774 dicavimus,
431 3709 528 3775 postea
551 3709 644 3759 autem
669 3703 826 3758 accuratius
849 3703 1035 3757 ostendemus.
1076 3703 1185 3758 Deinde
1209 3704 1240 3757 in
1261 3697 1344 3758 verbis

252 3797 346 3873 ιτίἐρος
370 3800 425 3874 μὲν
445 3795 600 3872 παχύτερον
618 3804 663 3853 καὶ
683 3794 777 3871 πυρός,
802 3800 857 3862 τῶν
883 3798 914 3852 δὲ
933 3793 1109 3868 λεπτότερον’
1134 3801 1190 3854 τῶν
1214 3799 1247 3853 δὲ
1268 3794 1343 3867 signi·

253 3896 319 3954 ficat
338 3894 435 3958 ὕδατος
454 3903 498 3952 καὶ
519 3891 606 3969 ἀέρος.
643 3897 770 3967 Namque
797 3897 873 3967 quod
895 3881 1019 3952 medium
1048 3897 1187 3958 estinter
1205 3913 1303 3966 aquam
1319 3895 1343 3944 et

252 3981 346 4068 ¹aerem
364 3999 414 4050 aut
432 3995 506 4053 inter
524 4013 616 4051 aerem
639 3999 668 4050 et
692 3996 795 4066 ignem,
823 4012 931 4064 semper
950 3993 1062 4064 quidem
1081 3993 1195 4048 densius
1216 3999 1258 4049 est
1278 3993 1341 4062 igne,

252 4089 345 4164 potest
365 4097 458 4150 autem
477 4083 554 4148 aere
580 4109 690 4163 quoque
709 4093 821 4147 densius
841 4110 909 4161 csse,
927 4096 997 4160 tum,
1023 4091 1046 4145 si
1072 4095 1114 4148 est
1137 4091 1260 4146 medium
1278 4089 1342 4142 inter

253 4208 344 4245 aerem
364 4194 393 4244 et
404 4208 520 4259 aquam;
539 4194 568 4245 et
586 4207 694 4260 semper
711 4189 823 4258 quidem
836 4187 966 4244 subtilius
987 4191 1030 4242 est
1042 4204 1124 4257 aqua,
1145 4191 1240 4257 potest
1258 4189 1340 4242 sutem

253 4305 332 4342 aere
352 4304 464 4357 quoque
483 4287 612 4341 subtilius
632 4304 697 4354 esse,
721 4289 791 4350 tum,
815 4287 839 4338 si
860 4285 935 4340 inter
953 4301 1045 4340 aerem
1070 4289 1099 4339 et
1117 4284 1212 4357 ignem
1229 4268 1340 4340 medium
