2882 4902
59 577 109 634 est
131 577 275 654 totaque
290 571 520 640 demonstratio
533 575 566 639 in
583 574 668 640 huno
683 575 811 642 modum
827 577 1066 643 constituenda:
1089 579 1174 662 quod

59 679 217 763 gignitur
239 688 272 747 et
284 684 504 768 corrumpitur,
527 683 623 750 finem
638 685 749 769 habet,
772 686 967 772 principium
983 693 1090 752 autem
1110 709 1174 754 non

59 789 164 856 habet
185 791 302 875 finem,
325 813 401 874 ergo
424 794 619 879 principium
634 815 694 861 nec
707 797 852 879 gignitur
870 817 929 862 neo
945 797 1172 883 corrumpitur;

61 898 235 965 infinitum
261 908 367 966 autem
380 908 428 967 est
439 902 650 987 principium,
673 921 749 987 ergo
762 925 821 970 neo
836 906 980 988 gignitur
995 926 1055 972 nec
1070 913 1176 992 potest

61 1008 244 1093 corrumpi.
290 1009 357 1076 Sed
383 1012 529 1094 quamvis
557 1013 637 1079 haec
658 1012 859 1107 adsumptio:
892 1015 1088 1100 principium
1110 1037 1174 1082 non

61 1118 165 1184 habet
189 1119 298 1198 finem,
321 1140 417 1203 quam
433 1134 491 1204 pro
507 1122 565 1187 illa
580 1124 685 1206 prima
702 1124 877 1207 posuimus,
900 1144 978 1190 vera
992 1125 1043 1208 sit,
1066 1133 1174 1191 tamen

63 1229 268 1296 Aristoteles
292 1235 359 1296 toto
383 1231 453 1297 loco
469 1231 558 1296 nulla
580 1233 714 1316 ratione,
737 1232 933 1318 principium
949 1253 1022 1300 esse
1041 1234 1174 1300 infini-

62 1343 154 1417 tum,
180 1359 295 1404 verum
312 1346 430 1419 contra,
454 1339 614 1405 infinitum
630 1359 701 1406 esse
723 1341 993 1427 principium,
1015 1344 1173 1427 probavit.

64 1448 177 1530 Atque
209 1448 243 1512 in
273 1448 335 1515 hoc
367 1449 438 1534 ipso
467 1449 566 1516 totius
601 1451 665 1515 loci
696 1458 919 1534 argumentum
950 1460 1109 1537 versatur,
1141 1463 1176 1521 ut

64 1558 272 1641 ostendatur,
294 1557 471 1641 infinitum,
493 1559 523 1624 si
543 1557 674 1641 quidem
700 1561 751 1639 sit,
787 1561 970 1626 necessario
993 1581 1064 1627 esse
1088 1564 1174 1646 prin-

66 1667 211 1751 cipium,
233 1667 274 1732 ab
296 1667 357 1733 hoc
382 1667 557 1752 disputatio
579 1668 693 1750 incipit
714 1668 758 1734 ad
779 1668 903 1751 hocque
924 1677 998 1754 post
1020 1669 1091 1736 eam
1110 1672 1173 1738 loci

66 1786 218 1860 partem,
243 1776 283 1842 de
306 1797 368 1860 qua
391 1778 527 1861 agimus,
557 1777 742 1862 revertitur;
776 1797 875 1861 quare
907 1788 1028 1846 certum
1048 1780 1176 1846 videtur

68 1907 156 1970 esse,
181 1887 267 1952 hano
293 1906 419 1970 quoque
442 1887 503 1952 loci
525 1895 650 1971 partem
672 1887 716 1953 ad
738 1887 882 1955 eiusdem
905 1890 952 1956 rei
974 1889 1174 1956 demonstra·

70 1997 199 2064 tionem
221 1997 383 2081 pertinere
406 2004 439 2063 et
461 1996 582 2063 idcireo
607 2017 688 2077 eam,
711 2019 806 2082 quam
821 2001 1056 2085 proposuimus,
1077 2001 1174 2066 iuter·

70 2105 288 2188 pretationem
310 2104 411 2170 solam
433 2125 542 2171 veram
564 2105 678 2186 esse1).
707 2143 745 2152 —
768 2108 845 2173 Loci
867 2108 1104 2176 inconcinnitas
1127 2111 1174 2177 sic

74 2213 234 2280 facillime
261 2214 420 2298 explicari
450 2215 586 2300 videtur,
616 2217 645 2282 si
671 2217 828 2301 posueris,
861 2219 1068 2286 Aristotelem
1090 2221 1173 2286 alius

72 2323 244 2390 cuiusdam
267 2324 464 2410 philosophi,
481 2332 576 2409 atque
592 2327 703 2410 paullo
717 2327 848 2410 quidem
864 2328 1078 2408 festinantius
1103 2349 1173 2396 seu·

71 2434 210 2502 tentiam
224 2433 354 2514 referre,
377 2435 520 2517 quinon,
543 2435 793 2519 ut'Aristoteles,
816 2437 985 2502 auctione
1008 2437 1173 2521 infiniti,

73 2544 132 2610 sed
154 2566 176 2610 a
195 2545 325 2610 notione
345 2545 480 2610 summi
503 2545 705 2610 cuiusdam
727 2565 851 2611 rerum
874 2545 1081 2631 principii
1104 2567 1175 2631 pro·

73 2653 178 2721 fectus
200 2655 244 2722 sit
265 2655 384 2738 quique
399 2675 565 2738 quaerens,
590 2657 717 2738 qualem
740 2663 901 2739 oporteret
916 2676 986 2722 esse
1004 2676 1074 2722 eam
1097 2677 1173 2740 rem,

75 2763 116 2828 ad
137 2785 233 2848 quam
256 2765 411 2850 principii
431 2766 521 2847 notio,
534 2765 648 2832 referri
663 2773 782 2849 posset,
806 2766 840 2830 in
855 2766 940 2831 huno
959 2767 1026 2830 lere
1045 2765 1174 2831 modum

75 2873 304 2960 disputaverit,
340 2895 497 2941 summum
523 2895 636 2944 rerum
662 2875 859 2964 principium
886 2896 949 2941 non
976 2893 1071 2959 posse
1104 2895 1175 2942 esse

75 2983 137 3050 nisi
161 2983 203 3064 id,
230 2984 317 3068 quod
339 3005 398 3050 neo
421 2991 523 3050 ortum
546 3005 685 3068 unquam
706 2991 791 3071 esset
806 3005 865 3051 nec
878 2994 987 3069 posset
1004 2986 1174 3068 corrumpi,

78 3094 139 3159 tale
163 3107 271 3160 autem
293 3115 357 3160 non
380 3114 452 3161 esse
470 3094 535 3160 nisi
556 3093 724 3173 infinitum,
751 3094 847 3177 quod,
871 3095 1030 3190 quonium¹
1044 3094 1174 3160 omnino

78 3221 190 3288 expers
212 3203 324 3268 finium
347 3212 441 3280 esset,
465 3209 496 3268 et
518 3210 621 3269 ortum
644 3213 677 3270 et
697 3203 862 3269 interitum
885 3204 1079 3270 excluderet.

173 3313 308 3379 Praeter
341 3313 421 3379 haec
457 3321 648 3397 argumenta
684 3333 724 3380 ex
756 3315 908 3380 interiore
946 3313 1175 3398 disputationis

79 3423 317 3507 comparatione
350 3423 453 3507 petita
491 3431 565 3490 suut
598 3425 664 3490 alia
697 3425 855 3507 quaedam
883 3423 1021 3502 indicia,
1058 3424 1174 3507 quibus

79 3532 218 3614 apertius
246 3533 358 3611 etiam,
392 3533 599 3600 Aristotelem
627 3534 687 3600 hoc
709 3536 779 3600 looo
801 3534 937 3600 aliorum
959 3540 1082 3599 tantum
1104 3553 1174 3599 seu-

81 3642 194 3708 tertias
220 3644 349 3720 referre,
372 3643 568 3710 ostendatur·
612 3644 756 3709 Primum
784 3646 819 3709 in
842 3645 976 3723 caussis,
999 3643 1115 3726 quibus
1135 3635 1173 3704 τὸ

79 3737 212 3836 ἄπειρον
244 3752 440 3838 principium
456 3741 539 3820 'esse
570 3754 758 3837 ostenditur,
794 3754 877 3820 hanc
907 3773 1044 3837 quoque
1060 3752 1174 3832 adfert,

177 4007 202 4077 1)
222 4007 301 4062 Hanc
324 4007 379 4062 loci
403 4007 665 4077 interpretationem
691 4007 849 4078 Simplicius
876 4009 970 4077 etiam,
1000 4005 1079 4076 Phys.
1102 4007 1175 4061 lota

82 4108 155 4170 parte
174 4103 233 4172 ini,
261 4104 402 4174 proponit,
426 4103 460 4157 de
488 4105 608 4173 partium
634 4105 823 4174 discrepantia
841 4104 913 4159 nihil
931 4120 1054 4172 monens,
1073 4103 1175 4174 quippe

83 4215 159 4267 quam
177 4217 232 4254 non
253 4201 382 4255 videatur
400 4200 637 4257 animadvertisse.
677 4202 872 4270 Discrepantia
890 4199 1047 4270 tolleretur,
1070 4201 1093 4254 si
1112 4200 1175 4253 Ari·

84 4298 191 4353 stotelcs
209 4316 261 4368 pro
282 4296 335 4368 „cic
353 4293 423 4371 ἀρχή
441 4319 481 4358 τις
501 4289 586 4353 οὖσα“
606 4299 762 4369 scripsisset
781 4291 958 4369 „o‘r'orsr’sppri
976 4315 1015 4356 res
1032 4297 1127 4352 eirur‘fl
