2850 4904
754 359 825 422 teo.

232 546 364 630 phyrius
397 542 631 611 existimandus
665 551 716 610 eat
748 543 793 609 ad
825 543 1012 609 Aristotelis
1047 540 1333 625 interpretationem

231 661 298 720 tam
318 652 554 737 imprudentem
575 659 673 734 atque
696 653 889 718 insolentem
907 650 1104 718 devenisse?
1131 650 1176 716 Ut
1197 655 1332 714 naturam

232 764 315 828 inter
334 781 442 828 aerem
463 768 495 827 et
519 763 628 846 iguem
651 762 793 828 mediam
826 761 869 826 ad
899 761 1081 844 Diogenem
1106 759 1332 844 Apolloniatem

232 871 377 950 referret,
399 877 512 955 aperto
536 869 694 954 Simplieii
725 870 911 937 testimonio
933 869 1135 936 Damasoeui
1157 870 1332 934 auctoritate

232 978 359 1046 ridetur
380 985 556 1044 eommotus
579 997 652 1044 esse
662 979 697 1058 ¹).
741 977 814 1057 Qua
837 985 945 1043 autem
964 979 1090 1042 ratione
1112 974 1157 1041 ad
1179 977 1279 1059 ipsam
1300 972 1332 1036 de

232 1086 462 1156 Anaximandri
495 1087 657 1172 prineipio
690 1090 883 1154 sententiam
917 1087 1113 1171 pervenerit,
1147 1080 1333 1166 eSimplieii

233 1197 338 1264 verbis
360 1215 424 1262 non
445 1203 592 1280 apparet.
636 1196 827 1282 Simplioius
860 1199 956 1274 enim,
993 1198 1049 1278 qui
1076 1194 1209 1278 proprie
1236 1192 1269 1258 id
1292 1211 1332 1256 so·

233 1309 299 1374 lum
321 1305 400 1390 agit,
434 1312 470 1370 ut
488 1307 577 1371 illum
598 1307 783 1372 Aristotelis
805 1308 912 1372 loenm
936 1306 1088 1389 explicet,
1123 1301 1332 1369 tantummodo

234 1413 320 1498 dieit,
342 1412 558 1499 Porphyrium
592 1415 684 1481 illum
713 1416 819 1481 loeum
842 1416 889 1480 ita
911 1415 1132 1497 interpretari,
1166 1418 1202 1478 nt
1222 1413 1331 1476 Aristo·

234 1525 328 1590 telem
353 1523 440 1588 dieat
462 1522 618 1607 physioos
650 1523 796 1590 diuidere
828 1525 862 1588 iu
896 1543 968 1602 eos,
1003 1522 1060 1606 qui
1092 1542 1200 1588 rerum
1230 1517 1333 1605 prinoi-

234 1631 322 1718 pium
345 1651 460 1716 eorpus
481 1631 646 1715 quoddam
668 1633 793 1699 infinite
815 1633 949 1713 dietum,
986 1633 1073 1698 etin
1097 1651 1168 1715 eoa,
1202 1633 1255 1714 qui
1287 1634 1333 1693 aut

234 1761 332 1808 rreum
354 1759 395 1806 ex
417 1740 587 1807 elementis
619 1747 675 1806 ant
707 1749 858 1807 naturam
881 1741 1022 1807 mediam
1045 1747 1188 1825 ponant3
1222 1740 1332 1820 haeque

235 1849 452 1934 explicatione
486 1851 592 1934 posita
614 1851 894 1917 Anaximandrum
927 1851 1125 1921 contendere
1158 1871 1233 1916 eum
1264 1867 1332 1922 esse,

236 1957 290 2041 quui
323 1957 515 2043 prinoipium
548 1959 656 2043 priore
679 1959 776 2026 modo
801 1959 991 2026 definiverit.
1035 1961 1123 2026 Num
1145 1967 1252 2027 autem
1272 1977 1332 2023 enm

236 2069 395 2151 potaverit
418 2067 460 2133 ab
483 2066 543 2132 hao
573 2069 837 2152 interpretatione
862 2069 904 2134 ad
927 2070 1017 2135 illam
1040 2068 1081 2134 de
1102 2066 1332 2135 Anaximandro

236 2177 437 2255 sententiam,
468 2196 509 2242 an
541 2176 584 2244 ab
615 2177 670 2243 illa
693 2179 854 2243 sententia
874 2177 919 2243 ad
939 2179 1025 2244 haue
1047 2178 1331 2264 interpretationem

237 2286 433 2372 peruenisse.
464 2304 504 2350 ex
537 2285 617 2371 ipsis
648 2287 718 2351 eius
750 2286 858 2352 verbis
892 2307 957 2352 nou
980 2288 1186 2369 intellegitur.
1231 2285 1289 2352 Sed
1308 2282 1331 2347 oi

238 2397 340 2480 ipsam
374 2413 440 2460 rem
472 2394 723 2478 oonsideramus,
756 2397 902 2480 protinus
933 2401 1032 2479 patet,
1068 2395 1153 2462 haue
1179 2394 1331 2480 Porphyrii

236 2503 531 2588 interpretationem
563 2505 608 2569 ite
638 2524 659 2569 a
687 2509 757 2570 tota
786 2505 872 2570 illiue
904 2505 968 2569 looi
1000 2504 1198 2570 Aristotelioi
1220 2504 1331 2569 ratione

237 2611 419 2689 abhorrere,
443 2619 479 2678 nt
500 2631 518 2678 e
540 2614 611 2679 sola
631 2610 726 2678 huius
745 2614 809 2678 loei
830 2614 1102 2696 contemplatione
1125 2614 1255 2679 omnino
1276 2631 1329 2676 nou

237 2724 377 2808 potuerit
408 2723 514 2796 nasei3
543 2729 641 2804 atque
663 2720 738 2786 inde
761 2721 1018 2788 eoneludeudum
1038 2729 1102 2805 est,
1130 2722 1328 2806 Porphyrion

238 2831 325 2898 illem
349 2829 389 2896 de
411 2830 651 2897 Anaximandro
682 2833 874 2896 sententiam
904 2833 968 2896 iam
1002 2851 1043 2897 ex
1076 2833 1141 2897 alio
1164 2833 1250 2898 fonte
1271 2847 1328 2894 sue·

238 2947 364 3025 oeptenr
387 2939 538 3008 hahuisse
571 2948 603 3007 et
636 2938 755 3006 ideireo
783 2942 927 3025 ineptam
946 2942 1041 3006 iotam
1063 2942 1128 3006 loei
1150 2937 1329 3006 Aristotelioi

240 3049 535 3136 interpretationem
569 3051 815 3133 excogitavisee,
851 3056 887 3116 ut
918 3049 1003 3116 hune
1038 3053 1146 3116 loeum
1182 3071 1252 3115 oum
1283 3048 1329 3112 illa

239 3160 400 3227 sententia
421 3160 615 3226 ooneiliaret
659 3159 698 3224 Id
720 3159 809 3241 quod
831 3179 870 3225 eo
892 3161 989 3226 etiam
1011 3161 1227 3242 confirmatur,
1255 3155 1328 3242 quod

239 3269 353 3337 eadem
380 3267 422 3334 de
446 3267 677 3334 Anaximandri
697 3270 857 3352 prinoipio
880 3269 1042 3335 sententia
1065 3275 1096 3335 et
1115 3270 1204 3353 apud
1226 3269 1328 3348 Dioge·

238 3400 312 3447 nem
335 3378 496 3445 Laertium
509 3377 546 3460 Β),
569 3379 689 3462 quippe
710 3377 956 3462 quiPorphyrio
979 3379 1088 3462 paullo
1110 3380 1268 3461 antiquior
1287 3376 1329 3454 sit,

240 3499 272 3558 et
291 3488 378 3577 apud
396 3487 779 3568 Pseudo-Plutamhumil
800 3489 970 3553 inuenitur.
1014 3488 1065 3553 De
1087 3507 1153 3571 qua
1175 3508 1211 3553 re
1230 3491 1329 3571 postea

239 3603 353 3667 iterum
375 3597 507 3665 dioetur.

342 3804 368 3875 1)
388 3801 511 3872 Simplio.
530 3801 611 3870 Phys.
629 3803 674 3864 32,
692 3802 710 3855 6
728 3818 755 3870 p.
777 3818 827 3855 m:
854 3795 1010 3868 „Nmrilnoc
1033 3799 1060 3852 δ’
1084 3801 1116 3853 lv
1139 3802 1171 3874 τῇ
1190 3803 1251 3870 περὶ
1267 3795 1329 3850 θεῶν

241 3907 415 3973 πραγματείᾳ
437 3900 532 3954 τοῦτον
554 3895 615 3966 (τὸν
633 3900 762 3968 Διογένη)
795 3901 901 3968 ἱστορεῖ
920 3894 951 3950 τὸ
969 3893 1070 3969 μεταξὺ
1094 3894 1181 3966 πυρὸς
1198 3899 1240 3948 καὶ
1261 3891 1329 3960 ἀέρος

241 3999 290 4068 τὴν
311 3995 402 4071 ἀρχὴν
417 3991 629 4071 ἀποφήνασθαι,
647 3999 692 4050 καὶ
706 3996 745 4066 τῷ
762 3991 890 4066 Νικολάῳ
909 3989 1232 4061 συνηκολούθησενὸ
1251 3992 1328 4062 erlo

241 4101 457 4170 μαθέστατος
474 4096 537 4149 τῶν
554 4089 759 4167 φιλοσόφων
777 4089 1007 4164 Πυρφύριος.“

341 4195 370 4265 2)
389 4193 472 4264 Diog.
491 4191 587 4247 Laert.
606 4191 642 4258 11,
663 4193 687 4245 1.

341 4293 370 4359 3)
389 4291 462 4345 Plut
482 4291 556 4344 Plae.
576 4289 599 4356 1,
618 4288 644 4342 3.
663 4287 703 4342 Cf.
723 4287 801 4340 Stob.
820 4287 843 4354 1,
864 4287 906 4356 10,
925 4305 954 4356 p.
973 4287 1034 4340 292.
