2862 4910
784 357 837 410 330

247 530 431 611 loquuntur,
453 535 489 594 ut
501 535 619 612 pateat,
642 549 697 595 eos
719 527 802 594 hanc
815 528 973 594 infinitam
996 529 1185 595 moedorum
1208 529 1339 594 multitu-

248 638 359 702 dinem
389 657 453 702 non
482 657 592 702 unam
617 644 771 704 tantum
805 639 1006 704 infinitam
1039 638 1271 704 mundorum
1294 656 1342 702 se-

249 881 323 951 quod
350 881 380 934 in
408 882 555 951 utriusque
582 881 637 936 fine
665 881 795 936 additum
824 887 868 936 est
893 883 1011 938 verbum
1038 881 1150 936 ‘donli
1188 883 1247 937 Hoc
1275 884 1342 937 euiin

248 977 335 1031 verbo
363 978 411 1045 qui
440 977 539 1044 utitur,
570 977 718 1047 signifieat,
755 995 783 1031 so
820 995 880 1032 eam
910 977 1087 1038 sententiam,
1115 977 1152 1031 ad
1185 994 1267 1045 quam
1297 977 1342 1030 nd-

249 1073 338 1142 ponit,
357 1091 413 1127 non
432 1079 510 1128 certo
539 1074 610 1127 seire
640 1073 688 1128 sed
715 1079 833 1142 propter
861 1074 984 1128 rationes
1012 1073 1149 1142 quasdam
1177 1072 1341 1127 concludere.

249 1169 308 1224 lem
327 1187 393 1224 voro
412 1170 573 1239 Simplicius
598 1171 659 1224 loco
678 1176 761 1225 autea
784 1165 898 1224 laudato
925 1171 1146 1239 simplicitur
1164 1169 1342 1224 contendit

251 1267 494 1322 Anaximandrum
506 1266 647 1321 infinitam
665 1268 835 1322 mundorum
849 1268 1059 1322 multitudinem
1070 1285 1175 1336 ponere
1187 1267 1268 1320 simul
1285 1283 1341 1319 mn·

250 1364 395 1418 stantium.
435 1364 502 1418 Cum
528 1364 580 1418 hae
603 1364 691 1434 igitur
720 1381 752 1418 re
779 1382 880 1432 parum
898 1365 1046 1426 consentit,
1076 1365 1100 1417 si
1116 1360 1169 1417 'his
1188 1363 1255 1416 locis
1277 1362 1340 1416 illud

250 1462 360 1530 ipsum
380 1461 468 1516 dicit
480 1461 547 1515 sibi
565 1461 691 1515 videri.
713 1461 767 1514 Sed
779 1461 914 1516 dissensio
927 1461 1047 1528 tollitur,
1065 1461 1089 1514 si
1102 1461 1257 1515 accuratius
1267 1477 1340 1528 quae·

191 1547 196 1559 ¹
249 1559 346 1626 rimus,
366 1558 401 1612 ad
420 1576 570 1627 quamnam
589 1558 793 1612 sententiarum
811 1563 921 1627 partem
940 1558 1011 1612 illud
1033 1558 1110 1610 δοκεῖ
1127 1557 1276 1626 pertineat.

349 1657 448 1711 Priore
480 1658 569 1727 igitur
607 1657 669 1712 loeo
708 1657 824 1711 verbum
854 1655 931 1709 δοκεῖ
957 1673 1014 1709 non
1043 1673 1075 1709 eo
1106 1655 1237 1723 pertinet,
1273 1653 1339 1721 quod

250 1755 460 1809 Anaximander
477 1739 622 1822 ιἀπείρους
634 1751 772 1825 κόσμους’
791 1771 904 1822 ponere,
917 1770 1012 1806 verum
1025 1769 1070 1815 eo,
1083 1751 1158 1820 quod
1168 1743 1292 1820 ‘dnsrpor
1307 1749 1340 1816 τῷ

250 1856 365 1922 μεγέθει
385 1850 434 1918 τὴν
450 1847 539 1922 ἀρχὴν
557 1847 717 1922 θίμενυς’
738 1869 842 1920 ponere
860 1851 973 1917 dicitur,
991 1849 1123 1918 quodque
1132 1847 1286 1916 Simplicius
1303 1845 1338 1898 di·

251 1949 290 2004 cit
309 1949 362 2002 sibi
382 1948 505 2016 videri,
523 1967 579 2004 non
599 1953 650 2016 est,
669 1949 911 2002 Anaximandrum
931 1947 1150 2001 innumerabiles
1169 1945 1282 1998 mundos
1296 1960 1338 2012 po·

252 2063 318 2099 nere
337 2075 370 2084 -
389 2046 419 2100 id
437 2047 519 2108 enim,
543 2051 574 2099 ut
594 2051 676 2100 antea
694 2047 824 2112 vidimus,
842 2046 926 2114 plane
945 2044 1090 2115 cognitum
1110 2043 1276 2096 habebat-
1296 2039 1338 2092 red

253 2161 316 2197 enm
337 2143 373 2196 id
391 2143 506 2197 facere
526 2148 679 2212 propter
698 2143 916 2216 infinitatem
939 2141 1118 2210 principii.
1156 2139 1234 2192 Hanc
1256 2141 1337 2190 autem

254 2257 352 2294 revera
371 2239 507 2308 Simplicii
525 2240 693 2294 sententiam
712 2257 778 2306 esse,
807 2243 925 2308 apparet
943 2239 1027 2292 etiam
1052 2254 1067 2290 e
1084 2236 1179 2290 verbis
1198 2235 1288 2289 statim
1303 2249 1338 2285 se·

253 2335 411 2404 quentibus‚
442 2337 542 2404 quibus
564 2337 672 2404 pariter
695 2354 821 2390 caussam
840 2336 941 2396 adfert,
966 2334 1002 2388 ob
1029 2351 1112 2401 quam
1140 2332 1292 2400 Leucippus
1315 2333 1340 2382 et
1417 2397 1418 2402 Ἰ

231 2434 428 2488 vDemocritus
456 2437 557 2501 putent
584 2433 802 2486 innumerabiles
832 2432 950 2486 mundos
972 2448 1042 2504 esse,
1072 2430 1102 2482 in
1128 2429 1203 2482 hunc
1224 2427 1339 2482 modum:
1417 2409 1418 2430 ¹

250 2525 411 2588 Λεύκιππος
435 2531 465 2583 ἀὲ
486 2534 531 2582 καὶ
553 2523 726 2600 Δημόκριτος
743 2525 871 2597 ἀπείρους
891 2529 928 2597 τῷ
948 2522 1045 2594 πλήθει
1064 2523 1188 2596 κόσμους
1206 2527 1240 2578 ἐν
1259 2521 1339 2576 ἀπεί-

250 2627 523 2696 praetimerent
552 2627 584 2685 ἐξ
605 2621 762 2694 ἀπείρων
785 2626 829 2694 τῷ
853 2618 973 2690 πλήθει
1001 2619 1142 2693 ἀτόμων
1170 2623 1342 2674 aristomenes

251 2723 364 2794 muorvf‘

350 2821 449 2874 Altero
460 2820 521 2874 looo
541 2818 579 2878 ὠς
589 2820 667 2872 δοκεῖ
682 2838 737 2874 non
758 2820 793 2874 ad
803 2824 892 2873 totam
906 2818 1129 2873 enuntiationem
1147 2815 1211 2868 ‘ant
1229 2811 1341 2882 κόσμους

250 2912 326 2982 art),
345 2916 392 2968 sed
411 2917 500 2969 solum
520 2916 555 2970 ad
574 2917 646 2970 hauc
664 2917 848 2984 posteriorem
867 2915 926 2968 eius
945 2919 1054 2983 partem
1080 2911 1144 2964 ‘nal
1163 2909 1342 2966 ἕκαστοντῶν

250 3007 366 3082 κόσμων
385 3012 417 3070 ἐξ
434 3009 578 3080 ἀπείρου
596 3013 651 3064 τοῦ
669 3009 823 3064 τοιούτου
843 3020 1022 3082 στοιχείου
1040 3004 1204 3062 irridet&
1231 3005 1342 3060 referen-

250 3108 317 3161 dum
336 3111 386 3161 est.
425 3106 505 3174 Quod
523 3112 557 3161 ut
575 3109 766 3178 intellegatur,
796 3108 987 3176 quaerendum
1006 3111 1056 3174 est,
1081 3105 1183 3159 horum
1202 3105 1343 3158 verborum

251 3220 322 3272 quae
350 3204 488 3257 sententia
515 3204 565 3272 sit;
604 3205 632 3259 id
671 3206 744 3257 enim
777 3222 832 3258 non
860 3204 952 3272 primo
984 3203 1117 3270 adspectu
1148 3205 1234 3269 patet.
1280 3198 1343 3252 Cum

206 3367 209 3374 Ι
251 3297 420 3364 adiectivum
445 3293 580 3367 ‘dnstpoo’
625 3299 684 3352 sine
710 3299 830 3352 articulo
863 3301 1054 3366 praeponatur
1072 3296 1258 3360 substantivo
1285 3309 1344 3346 cum

251 3394 369 3448 articulo
397 3394 491 3448 iuncto
524 3391 584 3446 ‘rori
615 3389 736 3448 τοιούτου
771 3389 933 3462 στοιχείου’,
968 3392 1032 3446 illo
1062 3392 1242 3447 adiectivo
1270 3389 1345 3442 huie

251 3490 472 3545 substantivo
492 3491 787 3560 adponiturnota,
806 3508 891 3559 quae
913 3491 990 3559 ipsa
1008 3490 1106 3543 huius
1126 3490 1266 3543 notione
1282 3501 1344 3539 non

252 3588 482 3656 contineatur,
510 3593 607 3655 estque
634 3587 784 3642 verborum
814 3587 910 3641 eadem
941 3585 1110 3657 significatio
1139 3591 1225 3654 atque
1242 3585 1263 3638 si
1282 3581 1344 3636 scri·

250 3688 331 3752 ptum
360 3685 397 3738 sit
423 3683 470 3744 ‘ld
494 3681 635 3753 ἀπείρου
663 3679 760 3742 ὄντος
787 3685 833 3736 τοῦ
855 3685 976 3736 τοιοῦτον
1004 3679 1162 3754 στοιχείου’.
1208 3681 1343 3751 Sequitur,

250 3784 282 3833 ut
304 3776 335 3832 τὸ
358 3781 480 3835 τοιοῦτον
504 3787 641 3851 στοιχεῖον
667 3798 723 3834 non
742 3781 869 3850 intellegi
893 3779 981 3848 possit
1006 3780 1098 3848 ipsum
1119 3797 1256 3834 summum
1272 3777 1345 3847 prin·

251 3876 364 3944 cipium‚
384 3877 488 3945 quippe
513 3877 587 3945 quod
607 3878 682 3945 ipsa
702 3877 914 3930 suanotione
933 3875 1074 3930 infinitum
1092 3875 1141 3940 sit;
1168 3877 1236 3944 quin
1264 3873 1345 3928 etism

251 3973 404 4026 absurdum
418 3979 489 4028 esset
503 3975 654 4043 separatim
666 3973 777 4041 addere,
797 3986 1022 4041 unumquemque
1036 3972 1170 4043 mundum
1190 3991 1224 4026 ex
1242 3969 1345 4025 infinito

251 4071 403 4124 omnium
425 4087 537 4125 rerum
554 4072 694 4140 principio
713 4089 779 4125 esso.
806 4071 904 4139 ltaque
922 4067 953 4123 τὸ
971 4071 1094 4123 τοιοῦτον
1114 4076 1249 4140 στοιχεῖον
1266 4065 1344 4121 intel·

251 4168 308 4238 legi
327 4185 437 4221 necesse
457 4174 499 4222 est
519 4169 549 4222 id
559 4169 737 4237 principium,
759 4168 834 4236 quod
853 4167 1018 4237 singillatim
1031 4167 1091 4219 uni
1104 4167 1213 4221 alicui
1226 4161 1344 4220 mundo

250 4264 444 4320 subiectum
464 4265 519 4332 sit,
547 4265 672 4335 intellegi
701 4265 790 4336 igitur
816 4265 939 4336 singulas
968 4263 1068 4318 summi
1087 4263 1220 4334 principii
1245 4264 1345 4331 partes,
