2860 4906
540 450 543 454 ,
632 397 685 454 273

95 569 250 636 ordinem
272 571 419 657 designet
439 579 471 638 et
493 571 649 654 perficiat.
693 573 722 637 A
744 573 801 638 tali
823 580 929 638 mente
952 572 1079 638 omnino
1104 570 1207 639 diver-

95 699 167 744 sam
194 700 269 746 esse
291 687 381 766 patet
396 701 477 761 eam,
501 701 584 763 quae
608 681 702 747 simul
720 677 1019 764 uumqualitatibus
1035 682 1208 748 sensilibus

94 787 128 852 in
153 790 340 856 substantia
362 790 503 872 quadam
532 811 687 876 oorporea
710 793 817 858 inesse
840 799 985 876 putetur;
1019 791 1098 858 haeo
1121 793 1207 857 enim

33 911 35 915 ‘
95 919 170 963 eam
197 901 305 983 ipsam
328 901 369 966 ob
391 920 550 978 caussam,
576 901 665 984 quod
687 922 750 967 non
773 921 831 985 per
853 921 889 966 se
912 904 1025 984 soluta,
1050 901 1107 967 sed
1133 902 1206 967 sub-

95 1009 240 1074 stantiae
263 1027 437 1092 corporeae
460 1009 600 1092 qualitas
623 1016 682 1089 est,
705 1008 782 1074 huie
811 1009 1011 1075 substantiae
1041 1030 1105 1076 non
1131 1033 1207 1078 vere

94 1119 241 1201 imperat
262 1117 322 1183 sed
344 1118 451 1202 potius
473 1119 547 1202 ipsa
570 1119 640 1184 eius
661 1119 787 1203 legibus
817 1119 975 1186 adstricta
997 1126 1054 1186 est.
1098 1120 1206 1200 Quare

95 1227 292 1292 Aristoteles
325 1248 373 1311 eo,
406 1228 494 1310 quod
528 1228 756 1312 Anaxagoram
790 1229 929 1312 primum
965 1229 1047 1295 dieit
1080 1251 1206 1297 omnem

95 1357 205 1401 rerum
230 1342 352 1403 motum
375 1344 407 1403 et
425 1337 578 1403 ‘ordinem
609 1359 629 1403 a
650 1345 757 1403 mente
778 1339 959 1421 repetiisse,
987 1360 1050 1406 uon
1078 1347 1207 1407 eonten-

95 1445 155 1529 dit,
180 1453 257 1512 ante
267 1448 495 1530 Anaxagoram
517 1447 639 1512 nullum
654 1446 883 1532 philosophum
906 1467 1030 1514 summo
1046 1448 1205 1533 principio

95 1555 199 1620 etiam
221 1555 339 1621 mentis
360 1555 427 1622 vim
451 1575 490 1621 ao
505 1554 694 1638 qualitatem
708 1556 874 1640 tribuisse;
897 1558 983 1640 quod
1006 1558 1035 1624 si
1050 1559 1206 1624 voluisset

96 1684 161 1729 uuo
195 1664 411 1750 Xenophanis
450 1666 597 1749 exemplo
630 1665 889 1745 revinceretur1).
950 1667 987 1731 In
1022 1667 1205 1735 universum

95 1775 241 1840 enimet
275 1773 309 1837 in
331 1773 577 1839 Anaxamandri
611 1780 644 1839 et
676 1773 710 1839 in
743 1775 969 1858 plerorumque
1001 1775 1205 1858 antiquorum

97 1883 364 1968 philosophorum
376 1883 525 1950 doetrina
547 1882 608 1950 hoo
630 1883 773 1950 maxime
787 1885 953 1969 proprium
965 1892 1063 1968 atque
1078 1885 1205 1970 insigne

96 2002 156 2072 est,
182 1993 269 2077 quod
293 2013 417 2059 summo
441 1992 600 2076 prinoipio
622 1996 840 2060 sivesummo
868 1995 992 2060 numini
1015 1994 1129 2061 divino
1149 1997 1205 2060 tri·

97 2105 201 2170 buunt
222 2103 354 2186 quidem
381 2109 521 2170 mentem
549 2124 587 2169 ao
617 2104 783 2183 rationem,
816 2103 874 2170 sed
907 2104 965 2170 hoc
992 2105 1098 2186 ipsum
1120 2106 1204 2187 priu-

97 2213 219 2299 eipium
242 2212 457 2280 substantiam
480 2232 678 2297 corpoream,
702 2219 840 2278 urentem
860 2214 1073 2280 auratiorem
1096 2220 1204 2280 autem

96 2323 193 2388 lruius
221 2324 423 2390 substantiae
459 2322 648 2405 qualitatem
677 2343 749 2388 esse
782 2328 905 2406 putant.
960 2323 1054 2389 Unde
1086 2323 1203 2406 evenit,

95 2438 130 2498 ut
153 2453 264 2499 eorum
277 2433 438 2499 sententia
457 2433 540 2498 ratio
556 2433 670 2498 divina
690 2453 754 2498 non
776 2453 835 2517 per
857 2452 893 2499 so
908 2435 1013 2498 soluta
1036 2453 1075 2500 ao
1089 2433 1202 2515 libera,

97 2541 156 2607 sed
177 2541 260 2627 ipsis
283 2548 416 2608 naturae
439 2541 606 2608 subiectae
629 2542 758 2626 legibus
784 2548 948 2624 tamquam
970 2542 1109 2624 quodam
1134 2541 1203 2607 fato

97 2652 166 2717 sive
186 2652 383 2717 necessitate
404 2650 544 2717 naturali
566 2650 723 2718 adstricta
743 2651 796 2715 sit.
835 2650 947 2733 ¹Atque
970 2647 1053 2716 hano
1081 2651 1202 2717 Anari-

98 2761 224 2826 mandri
258 2779 385 2843 quoque
414 2761 606 2826 sententiam
633 2779 714 2852 esse,
749 2760 846 2844 plane
881 2761 1063 2843 apparebit,
1096 2761 1125 2826 si
1161 2760 1202 2826 de

96 2889 201 2936 rerum
236 2869 458 2954 generationis
491 2890 608 2936 caussa
652 2871 904 2952 quaesiverimus
942 2869 1006 2953 ipsi
1040 2869 1203 2954 principio

97 2979 203 3045 insita.

196 3273 221 3339 1)
241 3271 282 3325 cf.
303 3269 464 3340 Xenophan.
484 3271 586 3340 fragm.
608 3275 676 3325 1-3
696 3272 738 3326 ed.
758 3271 891 3327 Mulloeh.
