2860 4906
623 385 677 440 255

87 564 161 643 erit,
177 561 280 628 facile
291 581 364 628 enm
375 559 557 646 putabimus
568 559 603 625 id
614 561 687 644 ipsa
698 559 791 643 quasi
802 561 916 625 natura
929 557 1064 626 docente
1076 560 1203 624 fecisse.

86 670 175 736 Nam
190 671 249 754 qni
258 671 350 754 primi
363 670 505 734 omnium
517 687 622 734 rernm
634 687 777 750 caussas,
789 669 882 751 vagis
893 674 1058 752 poctarum
1071 675 1103 734 et
1115 667 1203 734 theo-

87 781 244 863 logorum
261 779 468 863 opinionibus
491 779 621 857 relictis,
646 779 680 842 in
695 779 768 862 ipsa
781 796 887 844 rerum
904 785 1019 843 natura
1031 785 1204 862 coeperant

88 909 263 973 quaerere,
294 890 351 955 vix
378 895 528 973 poterant
560 909 623 954 non
644 886 913 970 animadvertere,
943 889 977 953 in
1000 887 1061 952 hoc
1082 887 1202 953 mundo

88 999 174 1064 duas
197 1019 272 1065 esse
294 1000 381 1064 vires
413 999 498 1063 inter
527 1017 561 1062 se
585 999 682 1081 plane
705 999 893 1079 contrarias,
927 1017 1101 1080 aquarum
1135 996 1202 1062 offi-

88 1108 219 1173 cientia
243 1127 353 1173 omnes
375 1127 481 1172 rerum
503 1113 590 1172 ortus
613 1107 824 1188 interitusque
852 1113 883 1170 et
905 1104 1051 1188 reliquae
1075 1106 1201 1172 vicissi-

88 1217 226 1283 tudines
248 1216 436 1300 penderent,
460 1216 629 1280 calorem
653 1214 727 1281 dico
756 1221 787 1280 et
810 1215 946 1299 frigus.
992 1213 1072 1281 Cum
1095 1224 1203 1281 autem

89 1327 151 1392 has
175 1326 262 1392 duas
286 1326 370 1392 vires
394 1326 532 1391 naturali
555 1323 693 1407 quadam
717 1324 881 1408 cogitandi
896 1326 1089 1390 necessitate
1105 1325 1202 1391 refer-

90 1443 164 1502 rent
194 1435 347 1502 adduas
380 1445 512 1502 naturas
541 1453 722 1516 corporeas,
756 1455 889 1518 quarum
924 1436 997 1501 illae
1030 1436 1203 1517 qualitates

92 1553 218 1622 essent,
241 1547 311 1628 ipso
336 1565 486 1610 sensuum
508 1543 695 1612 testimonio
718 1546 811 1627 quasi
834 1544 1040 1627 cogebantur,
1064 1546 1203 1610 calorem

92 1657 124 1720 in
148 1656 241 1738 igne,
264 1656 368 1739 frigus
391 1662 498 1721 autem
523 1657 554 1720 in
583 1661 698 1724 natura
731 1655 799 1739 igni
825 1657 996 1733 contraria,
1024 1655 1138 1736 idest,
1169 1657 1203 1720 in

92 1785 181 1846 aqua
217 1765 269 1830 vel
304 1765 337 1830 in
367 1766 551 1831 universnm
584 1767 616 1830 in
651 1773 768 1830 natura
798 1763 930 1831 humida
960 1785 1089 1850 ponere.
1133 1765 1203 1830 Huc

93 1883 205 1941 autem
237 1876 264 1941 si
297 1877 448 1959 cogitatio
477 1897 650 1960 progressa
673 1883 750 1954 erat,
787 1877 816 1941 si
851 1877 973 1958 ampliu
1021 1875 1204 1941 denatura

94 1985 196 2067 ignea
218 1992 250 2051 et
272 1983 313 2050 de
334 1991 451 2052 natura
473 1984 550 2052 huic
566 1985 726 2051 contraria
742 1986 950 2068 quaerebant,
972 1985 1071 2052 facile
1092 2007 1202 2052 rursus

94 2095 167 2179 ipso
193 2115 344 2161 sensuum
367 2093 490 2160 iudicio
514 2115 552 2160 eo
568 2094 823 2175 adducebantur,
846 2101 881 2160 ut
896 2095 1074 2179 crederent,
1096 2095 1202 2180 ipsam

95 2209 247 2269 naturam
271 2204 398 2288 igneam
420 2209 521 2269 totam
543 2205 611 2268 sole
633 2203 831 2287 reliquisque
854 2203 956 2269 stellis
979 2206 1146 2285 contineri,
1168 2206 1203 2270 in

95 2332 234 2394 quorum
245 2312 382 2379 flammis
394 2313 591 2379 micantibus
614 2313 695 2398 ipsis
708 2314 858 2378 sensibus
872 2320 1052 2397 appareret,
1076 2314 1202 2397 reliqua

95 2427 215 2500 autem,
238 2441 357 2504 aerem,
379 2441 510 2504 aquam,
534 2427 662 2501 terram,
685 2423 790 2506 ipsum
813 2421 953 2504 deniqne
985 2424 1109 2488 coelum
1132 2444 1204 2489 coe-

96 2531 231 2614 mleum,
259 2550 317 2615 per
340 2551 374 2597 se
397 2530 518 2614 frigida
545 2550 616 2596 erre
639 2551 779 2614 ergoque
810 2551 828 2596 e
856 2532 961 2615 prima
986 2533 1126 2614 quadam
1148 2555 1202 2600 na-

95 2647 165 2704 tnre
190 2639 319 2724 frigida,
342 2639 450 2723 idest,
473 2647 622 2706 enatura
644 2639 787 2723 humida,
812 2639 929 2708 debere
952 2648 1022 2707 orta
1044 2662 1125 2708 esse.
1148 2643 1202 2709 At-

97 2768 160 2831 que
180 2749 262 2814 haco
284 2751 351 2816 fere
374 2751 447 2834 ipsa
469 2749 704 2844 Anaximandri
727 2750 873 2816 doctrina
896 2758 954 2817 est.

199 2857 358 2936 Quoniam
383 2867 488 2926 autem
512 2860 592 2926 haec
615 2859 678 2926 duo
696 2861 855 2927 elementa
875 2863 970 2944 qnasi
987 2869 1205 2928 monstrantur

97 2968 138 3034 ab
162 2971 237 3053 ipsa
259 2977 383 3047 natura,
407 2969 448 3036 ab
471 2969 620 3036 omnibus
643 2970 710 3036 fere
743 2969 946 3054 physiologis
968 2971 1204 3054 antiquioribus

98 3079 342 3162 accipiuntur1).
387 3077 529 3144 Primum
560 3079 777 3145 Anaximenes
806 3079 1040 3146 Anaximandri
1063 3081 1205 3168 discipu-

106 3276 304 3285 ——-——-.

205 3415 232 3484 1)
249 3414 290 3471 ef.
303 3416 419 3469 Aristot.
440 3415 522 3484 Phys.
535 3416 557 3482 I,
576 3418 600 3470 5.
622 3415 694 3470 188¹)
710 3419 756 3470 27:
781 3411 960 3488 „ncivraeycip
979 3415 1011 3470 τὰ
1026 3424 1163 3489 στοιχεῖα.
1179 3460 1203 3472 ..

98 3506 227 3566 τάναντία
247 3514 381 3581 λέγουσιν,
401 3507 494 3582 ὥσπερ
514 3509 560 3565 ὑπ’
577 3509 658 3579 αὐτῆς
675 3515 721 3580 τῆς
744 3509 873 3580 ἀληθείας
897 3509 1127 3584 ἀναγκασθέντες.
1147 3510 1204 3568 dui·

101 3612 216 3678 φέρουσι
238 3607 269 3660 dd
290 3604 412 3675 ἀλλήλων
430 3609 468 3678 τῷ
486 3606 548 3667 τοὺς
571 3610 627 3681 μὲν
645 3607 765 3679 πρότερα
788 3608 850 3669 τοὺς
871 3611 902 3664 δὲ
927 3606 1026 3680 ὕστερα
1044 3607 1204 3681 λαμβάνειν,

104 3709 147 3757 καὶ
165 3701 228 3764 τοὺς
244 3706 300 3776 μὲν
317 3702 562 3776 γνωριμώτερα
581 3704 664 3760 κατὰ
687 3705 747 3761 τὸν
770 3704 883 3777 λόγον,
911 3705 973 3766 τοὺς
995 3708 1027 3760 δὲ
1051 3706 1136 3763 κατὰ
1156 3707 1205 3776 τὴν

102 3805 278 3866 αἴσθησιν·
301 3805 335 3868 οἱΙ
355 3802 411 3873 μὲν
436 3799 490 3872 γὰρ
518 3800 649 3875 θερμὸν
671 3808 725 3856 καὶ
748 3800 887 3875 ψυχρόν.
910 3807 936 3856 oi
962 3804 993 3857 di
1017 3801 1126 3873 ὑγρὸν
1148 3808 1204 3858 καὶ

103 3892 212 3967 ξηρόν,
230 3897 314 3968 ἕτερον
335 3899 366 3952 δέ
386 3898 514 3969 περιττὸν
532 3903 577 3953 καὶ
597 3894 698 3968 ἄρτιον,
723 3904 749 3953 oi
771 3901 802 3953 di
825 3907 915 3960 νεῖκος
941 3904 987 3953 καὶ
1005 3903 1101 3972 φιλίαν
1119 3905 1206 3960 αἰτίας

102 4000 221 4050 τίθενται
241 3997 288 4063 τῆς
305 3998 465 4066 γενέσεως.“
484 4048 487 4053 ,
503 3997 535 4051 In
554 3998 597 4052 his
616 3997 725 4070 θερμὸν
743 4002 788 4051 καὶ
799 3997 909 4069 ψυχρὸν
921 4002 950 4052 et
965 3993 1051 4067 ὑγρὸν
1060 4001 1105 4050 καὶ
1124 3997 1205 4066 ξηρὸν

104 4090 307 4162 intelleguntur
325 4111 367 4156 aa,
386 4111 457 4162 quaa
467 4091 534 4146 κατὰ
546 4093 595 4162 τὴν
613 4100 746 4160 αἴσθησιν
757 4089 951 4166 γνωριμώτερα
964 4095 1034 4163 sint3
1053 4095 1083 4148 in
1096 4095 1203 4163 hocque

105 4187 164 4256 ipso
182 4205 285 4258 genere
303 4191 471 4244 Aristoteles
491 4188 600 4261 θερμὸν
618 4195 662 4244 καὶ
682 4189 793 4262 ψυχρὸν
811 4196 839 4246 et
857 4189 940 4262 ξηρὸν
958 4195 1002 4245 καὶ
1020 4189 1104 4262 ὑγρὸν
1122 4196 1204 4261 putat

102 4285 141 4340 ita
159 4288 235 4340 inter
254 4305 282 4341 ee
301 4287 413 4350 habere,
432 4292 464 4341 ut
484 4288 533 4342 illa
550 4289 677 4357 priora,
699 4289 728 4342 id
747 4293 798 4356 est,
822 4290 997 4358 generaliora
1016 4307 1048 4344 ac
1064 4289 1204 4359 principa·
