2862 4910
589 483 591 487 ,
633 397 685 456 eor

100 591 136 636 se
161 589 392 654 comparamus.
436 571 475 634 In
507 568 569 634 hac
592 568 678 634 enim
702 569 828 636 ratione
858 570 1034 638 iudicanda
1056 573 1102 638 ita
1126 574 1211 639 inter

100 700 136 746 se
161 679 324 762 differunt,
346 686 382 746 ut
403 679 508 760 alteri,
532 679 620 744 velut
639 677 838 763 Philoponus
847 679 871 762 ¹)
901 687 933 746 et
952 701 1016 746 uno
1038 683 1108 748 loco
1131 683 1213 748 Sim-

100 790 271 873 plicius2),
304 808 383 854 nou
417 797 680 856 memorantes
704 796 904 856 aeternum
927 791 1119 876 principii
1141 812 1212 857 mo·

101 906 142 964 tu
151 921 193 982 m,
228 919 298 964 eam
333 899 525 983 simpliciter
557 902 591 966 in
614 902 843 966 contrariorum
883 902 1073 978 secretione,
1109 903 1212 980 alteri,

99 1011 192 1075 velut
215 1010 444 1094 Hippolytus³)
470 1017 502 1076 et
523 1010 707 1088 Hermias⁴t
734 1017 766 1076 et
795 1032 859 1077 uno
882 1012 953 1077 loco
976 1010 1163 1096 Simplicius
1176 1015 1212 1095 5),

100 1139 179 1185 non
211 1127 482 1186 memorantes
516 1103 802 1186 contrariorum
832 1121 1107 1204 secretionem,
1139 1123 1213 1188 sim-

103 1230 236 1314 pliciter
261 1232 295 1296 in
317 1239 449 1296 aeterno
473 1232 623 1314 principii
646 1238 735 1296 motu
759 1239 889 1314 ponant.
914 1230 1005 1310 Quae
1022 1233 1210 1315 scriptorum

103 1336 291 1402 differentia
313 1337 360 1401 ita
381 1343 504 1402 tanturn
528 1339 625 1422 plane
642 1337 833 1420 explicatur,
857 1338 884 1402 si
901 1337 1066 1418 sumimus,
1092 1347 1212 1406 aeter-

102 1467 195 1512 num
230 1446 344 1511 illum
374 1452 514 1511 motum
553 1452 589 1512 et
622 1447 913 1512 contrariorum
950 1447 1214 1514 secretionem

102 1553 264 1620 eandem
297 1575 373 1620 rem
407 1575 501 1622 esse.
555 1555 744 1640 Simplicius
782 1556 912 1638 quidem
947 1561 1039 1624 tertio
1072 1557 1211 1640 quodam

102 1665 177 1730 loco
188 1667 214 1744 6)
237 1670 357 1731 motum
373 1672 405 1730 et
420 1667 651 1731 contrariorum
667 1668 877 1732 secretionem
895 1668 1066 1750 coniungit,
1091 1665 1212 1748 dicens,

102 1773 340 1840 Anaximandri
375 1776 535 1840 sententia
561 1795 667 1840 rerum
689 1775 931 1859 generationem
959 1795 997 1841 eo
1023 1775 1102 1857 fieri,
1124 1773 1210 1858 quod

104 1906 122 1950 e
145 1884 309 1968 principio
330 1890 460 1950 aeterno
482 1886 582 1967 ipsius
608 1891 696 1950 motu
720 1892 929 1952 secernantur
950 1885 1128 1967 contraria;
1153 1884 1211 1950 sed

103 1995 180 2060 inde
205 2014 269 2059 uon
285 1995 440 2076 sequitur,
463 2001 497 2060 ut
518 1995 607 2060 illum
622 2001 788 2060 aeternum
801 2001 920 2061 motum
945 1996 1210 2061 acontrariorum

104 2104 286 2170 secretione
307 2105 468 2187 putaverit
490 2103 655 2170 diversum
678 2125 759 2186 esse,
791 2098 901 2170 verum
923 2106 1012 2170 locus
1037 2105 1083 2168 ita
1103 2102 1210 2187 accipi

104 2219 223 2296 potest,
247 2220 288 2294 et,
311 2215 338 2279 si
360 2213 439 2279 duos
463 2213 608 2280 eiusdem
637 2214 724 2280 locos
754 2216 818 2280 iarn
839 2213 988 2280 laudatos
1010 2215 1208 2297 respicimus,

104 2323 153 2388 ita
175 2321 285 2405 accipi
308 2315 414 2402 debet,
437 2328 472 2386 ut
487 2327 638 2388 aeternus
663 2323 718 2387 ille
739 2329 844 2389 motus
866 2324 950 2406 ipse
973 2322 1211 2387 secretionis

104 2438 232 2498 motus
258 2431 504 2514 intellegaturll.
893 2425 899 2448 '

211 2739 237 2802 1)
256 2727 326 2790 Vide
345 2753 430 2804 supra
447 2754 473 2804 p.
494 2737 555 2804 276,
574 2741 632 2790 not.
654 2739 677 2788 l.

209 2831 238 2900 2)
257 2831 318 2885 Vid.
339 2849 425 2900 supro
444 2849 470 2900 p.
492 2833 553 2899 275,
573 2836 633 2885 not.
655 2833 679 2885 2.
731 2838 733 2842 ’

209 2929 237 2995 3)
255 2925 318 2981 Vid.
340 2945 424 2996 supra
443 2946 469 2995 p.
489 2928 551 2995 281,
570 2932 628 2981 not.
648 2929 675 2980 2.

209 3025 237 3090 4)
255 3023 318 3077 Vid.
337 3024 404 3084 ibid.
424 3028 482 3078 not.
502 3027 526 3078 3.

209 3121 237 3189 5)
255 3120 317 3175 Vid.
337 3138 421 3189 supra
439 3138 467 3190 p.
486 3123 547 3182 280,
566 3125 623 3174 not.
645 3123 670 3173 4.

211 3217 238 3283 6)
257 3215 319 3270 vid.
340 3234 424 3285 supra
443 3235 469 3285 p.
489 3218 552 3284 275,
571 3221 630 3270 not.
649 3219 666 3270 2
686 3221 714 3271 ct
734 3219 796 3285 281,
815 3221 873 3270 not.
896 3221 917 3269 1.

211 3328 238 3397 7)
258 3327 394 3398 Simplicii
413 3329 498 3384 verba
519 3329 611 3399 (Phys.
631 3331 656 3398 6,
676 3348 699 3398 a,
719 3334 783 3398 post
800 3329 884 3398 med.)
904 3333 969 3382 sunt
987 3328 1099 3382 haecce:
1120 3313 1212 3397 ,οὗτος

108 3427 140 3479 di
161 3422 212 3479 οὐκ
230 3421 427 3496 ἀλλοιουμένου
444 3427 491 3478 τοῦ
511 3431 647 3497 στοιχείου
665 3423 714 3492 τὴν
725 3430 836 3494 γένεσιν
855 3432 936 3493 ποιεῖ,
955 3421 1013 3477 ‹llr’
1032 3422 1153 3493 ἀποκρι
1165 3441 1212 3476 ro-

107 3517 987 3593 μέυωυτῶνένυυτίωυδιὰτῆςάϊδίουκινὴσεως.“
1025 3521 1210 3576 Hunclooum
1262 3517 1265 3522 “
1321 3522 1324 3527 ’

107 3619 150 3672 ita
169 3618 379 3688 explicavimus,
405 3624 437 3672 ut
460 3620 680 3689 intellegendum
700 3624 779 3687 essct,
810 3638 825 3674 e
847 3619 987 3688 principio
1011 3619 1153 3674 contraria
1172 3636 1211 3672 se·

108 3716 187 3770 cerni
212 3719 357 3770 aeterno
377 3716 476 3770 huius
496 3716 610 3785 ipsius
633 3717 849 3770 secretionis
868 3721 968 3770 motu.
1006 3715 1211 3788 Explicationis

107 3813 183 3868 retio
203 3812 257 3868 hoc
275 3814 356 3868 modo
382 3814 499 3883 patebit.
537 3813 589 3868 Est
610 3813 656 3868 hic
683 3814 759 3868 locus
779 3813 893 3882 primus,
922 3830 976 3881 quo
996 3811 1155 3880 Simplicius
1176 3811 1211 3864 de

109 3909 163 3963 hac
182 3926 213 3962 re
232 3910 372 3979 loquitur;
394 3929 481 3978 quare
499 3915 648 3980 postquam
667 3909 748 3978 dixit,
767 3909 977 3980 generationem
996 3908 1057 3962 fieri
1076 3927 1117 3976 eo,
1137 3908 1212 3976 quod

110 4023 125 4060 e
155 4005 296 4074 principio
324 4007 466 4061 contraria
490 4011 708 4074 secernerentur,
732 4003 764 4060 'ut
792 4005 820 4059 id
849 4006 943 4073 aliquo
974 4005 1056 4059 modo
1086 4005 1213 4074 intellegi

111 4106 216 4171 posset,
237 4102 362 4157 addenda
382 4108 444 4159 erat
463 4103 599 4171 quaedam
623 4103 704 4156 huius
723 4103 885 4158 secretionis
904 4119 1013 4170 ccusse;
1038 4105 1122 4169 atque
1141 4101 1212 4154 hane

109 4215 237 4252 caussam
262 4215 316 4252 non
346 4200 374 4253 in
394 4199 450 4254 alia
478 4217 508 4254 re
531 4201 620 4269 ponit,
647 4199 694 4253 sed
722 4200 763 4253 ite
782 4199 897 4266 indicat,
924 4203 957 4251 ut
986 4198 1072 4252 hunc
1100 4197 1210 4266 ipsum

110 4295 286 4364 principii
305 4300 442 4365 motum,
462 4297 520 4365 qui
539 4297 575 4350 in
594 4296 861 4352 contrariorum
881 4295 1078 4350 secretione
1097 4309 1209 4348 cerna·
