2850 4904
617 389 667 443 lte

70 557 116 624 de
142 579 185 626 eo
209 558 402 626 vocabulum
422 558 476 622 ‘cd
497 559 619 640 μεταξύ
631 559 649 642 ’,
672 558 713 624 de
738 579 802 642 qno
825 581 910 626 nunc
932 537 1189 644 maxime'quae-

71 670 185 744 ritur;
209 668 268 736 scd
289 689 353 734 non
369 669 470 735 multo
493 676 566 751 post
587 668 621 733 in
637 667 780 735 eiusdem
795 669 1025 754 disputationis
1037 691 1076 736 ea
1089 651 1203 754 partes

71 800 157 862 qua,
181 798 265 862 quas
288 776 430 844 maxime
460 777 501 844 ob
524 797 656 844 caussas
678 779 763 844 alius
794 778 882 844 aliud
913 778 1107 864 principium
1136 797 1192 861 po·

71 889 197 970 suerit,
220 886 364 972 indagat,
389 887 516 969 aliquos
538 888 585 952 ait
614 887 647 952 in
671 887 823 970 eligendo
846 887 1002 972 principio
1016 887 1192 972 praecipue

71 998 344 1064 commutationis
374 996 565 1064 facilitatem
589 999 780 1082 respexisse,
808 998 840 1062 in
861 997 977 1080 hisque
997 999 1191 1064 Anaximan-

72 1107 176 1174 drum
208 1105 306 1172 etiam
337 1103 490 1188 nominat,
518 1105 643 1172 diceus:
687 1099 821 1189 „dicum
850 1105 905 1170 καὶ
928 1098 1192 1190 Ἀναξίμανδρος,

73 1209 202 1297 εἴπερ
226 1209 268 1278 cd
285 1207 428 1296 μεταξῦ
449 1212 579 1280 διὰτὸ
605 1212 872 1279 εὐαλλοίωτον
887 1213 1190 1294 turrianorum).

73 1324 154 1390 Hoc
177 1323 277 1406 igitur
296 1323 368 1389 loco
391 1321 625 1388 Anaximandri
647 1320 844 1407 principium
866 1325 912 1388 ita
932 1323 971 1388 τὸ
991 1322 1111 1406 perago*
1134 1341 1190 1409 ap·

73 1433 197 1516 pellat,
235 1431 327 1512 quasi
363 1429 443 1496 haec
475 1429 545 1496 eius
573 1429 749 1513 appellatio
785 1431 850 1496 iam
884 1437 961 1497 nota
981 1431 1033 1515 sit,
1065 1432 1099 1498 id
1131 1439 1190 1508 cst,

75 1669 141 1734 pro
165 1650 324 1716 uocabulo
344 1643 404 1712 ‘ud
427 1649 517 1730 παρὰ
543 1642 584 1712 τὰ
610 1639 784 1732 στοιχεῖα’,
815 1667 879 1732 quo
901 1655 999 1716 antea
1026 1665 1104 1716 usus
1133 1660 1191 1736 est

77 1762 129 1825 ita
163 1759 357 1843 simpliciter
391 1759 519 1843 reponit
549 1755 609 1820 ‘od
631 1750 753 1840 μεταξύ
767 1747 787 1841 ’,
820 1760 899 1824 satis
928 1761 1055 1842 quidem
1091 1763 1191 1845 expli·
1240 1831 1244 1836 ,

77 1875 188 1949 catur,
229 1869 257 1933 si
291 1869 459 1947 sumimus,
494 1869 526 1933 in
563 1867 666 1952 ipsius
699 1873 804 1934 mente
841 1867 905 1934 duo
941 1869 998 1936 illa
1034 1872 1192 1938 vocabula

77 1979 130 2044 ita
154 1977 242 2043 idem
273 1979 425 2056 ualuisse,
460 1984 496 2043 ut
528 1977 650 2044 inscius
686 1977 754 2043 iere
780 1979 863 2044 inter
896 1998 931 2045 se
968 1987 1190 2062 commutaret3

77 2109 199 2156 verum
230 2088 360 2154 facilius
393 2087 491 2154 etiam
521 2088 712 2171 explicatur,
746 2089 774 2154 si
801 2089 966 2174 sumimus,
1000 2110 1072 2158 eum
1103 2090 1191 2176 apud

80 2201 195 2284 ipsum
231 2196 489 2282 Theophrastum
523 2195 582 2263 ‘cd
614 2189 755 2279 peraltd'
788 2198 909 2282 legisse
946 2206 978 2266 et
1020 2206 1191 2284 propterca

79 2309 190 2374 solum
214 2306 364 2374 omisisse
388 2325 531 2375 seorsum
553 2307 730 2390 nominare,
752 2306 839 2390 quod
862 2309 958 2391 plane
981 2308 1069 2376 idem
1094 2309 1192 2376 sciret

81 2424 184 2500 atque
215 2412 254 2479 ud
275 2410 367 2498 παρὰ
388 2410 428 2478 ud
450 2418 596 2495 στοιχεῖα
617 2415 809 2500 siguificare.
854 2416 945 2495 Quae
983 2418 1124 2502 sumptio
1157 2425 1192 2484 ut

81 2547 144 2609 per
167 2543 205 2591 se
227 2544 291 2591 non
321 2532 370 2592 est
397 2525 590 2604 necessaria,
614 2525 661 2592 ita
682 2527 752 2592 sola
784 2547 857 2592 curn
885 2528 960 2592 aliis
999 2528 1191 2610 quibusdam

82 2635 193 2717 rebus,
227 2653 310 2718 quae
343 2654 414 2701 cum
446 2634 508 2702 hac
530 2635 720 2719 quaestione
747 2635 928 2721 cohaerent,
963 2638 1093 2702 omnino
1118 2657 1191 2702 con-

84 2746 197 2811 sentit.

188 2853 316 2921 Etenim
338 2873 379 2919 ex
401 2853 473 2938 ipso
495 2840 665 2938 Simplicio
688 2863 833 2942 apparet,
868 2847 1127 2940 Theophrastum
1149 2855 1190 2921 de

83 2964 324 3031 Anaximandri
352 2965 510 3050 principio
539 2966 632 3048 plura
658 2965 887 3050 disputavisse,
920 2985 1016 3049 quam
1045 2985 1128 3049 quae
1147 2966 1189 3031 ab

85 3073 143 3140 illo
166 3073 202 3138 iu
224 3073 318 3140 huius
337 3073 487 3159 principii
503 3073 691 3140 definitione
710 3073 859 3140 adhiberi
884 3073 1034 3141 vidimus.
1078 3075 1190 3140 Paullo

85 3184 175 3248 enim
205 3184 333 3266 postia
361 3182 475 3250 eadem
505 3185 650 3268 generali
679 3184 943 3270 disputationes
967 3183 1190 3268 Theophrasto

85 3295 135 3360 ait
169 3293 398 3376 Anaxagoram
414 3292 497 3360 'cum
525 3294 767 3361 Anaximandro
798 3296 955 3379 componi,
987 3314 1059 3360 cum
1092 3293 1190 3376 dicat,

87 3402 138 3486 „si
173 3400 247 3484 quis
274 3401 486 3486 Anaxagorae
516 3400 701 3469 mixtionem
733 3421 805 3470 esse
838 3410 942 3470 sumat
971 3396 1071 3485 ‘piac
1092 3397 1190 3490 φύσιν

192 3695 217 3763 l)
234 3693 316 3763 Phys.
336 3694 362 3763 8,
380 3695 407 3762 h,
425 3694 487 3750 init.
505 3695 569 3750 Vid.
588 3713 674 3766 supra
691 3713 718 3766 p.
740 3697 799 3766 115,
820 3698 846 3751 8.

190 3792 219 3860 2)
237 3789 267 3845 Si
286 3791 348 3860 quis
375 3795 491 3862 propter
508 3792 676 3862 particulam
695 3797 772 3862 cluso
790 3796 881 3862 putet,
906 3791 1038 3847 hocloco
1057 3809 1112 3846 non
1133 3810 1190 3847 oer-

89 3891 149 3942 tam
169 3886 392 3944 adfirmatiouem
411 3888 557 3958 contineri,
576 3889 763 3959 reputandum
783 3893 832 3952 est,
853 3888 1022 3958 particulam
1040 3893 1116 3958 εἴπερ
1134 3905 1190 3942 non

92 3985 127 4038 ad
148 3981 191 4038 ‘rh
210 3981 311 4056 μεταξὺ
332 3983 505 4040 ὑποτιθέναι’
534 3986 582 4041 sed
604 3987 641 4042 ad
668 3984 729 4040 ‘dari
750 3985 788 4040 vud
814 3987 990 4041 ὲυαλλοίωτον
1016 3985 1191 4041 damacena?

91 4082 240 4150 pertinere,
257 4080 537 4152 hacsigniiioatiouc:
555 4079 700 4151 ‘siquidem
719 4086 865 4152 propter
882 4081 1090 4137 facilitatem
1109 4099 1191 4137 com·

93 4179 294 4235 mutationis
310 4179 392 4249 pouit
413 4177 444 4234 τὸ
462 4179 585 4252 μετηξὺ’.
621 4181 727 4250 Agitur
748 4180 824 4234 euim
842 4180 895 4234 hoc
913 4181 974 4233 loco
993 4178 1192 4240 donatione,

95 4275 129 4328 ob
148 4293 231 4345 quam
252 4276 380 4346 quodque
399 4276 570 4348 principium
589 4280 689 4330 antea
708 4276 927 4330 nominatum
944 4276 1068 4345 positum
1086 4275 1131 4329 sit.

960 4373 993 4462 a
