<?xml version="1.0" encoding="UTF-8"?>
<!DOCTYPE html PUBLIC "-//W3C//DTD XHTML 1.0 Transitional//EN"
    "http://www.w3.org/TR/xhtml1/DTD/xhtml1-transitional.dtd">
<html xmlns="http://www.w3.org/1999/xhtml" xml:lang="en" lang="en">
 <head>
  <title>
</title>
<meta http-equiv="Content-Type" content="text/html;charset=utf-8" />
  <meta name='ocr-system' content='tesseract 3.04.00' />
  <meta name='ocr-capabilities' content='ocr_page ocr_carea ocr_par ocr_line ocrx_word'/>
</head>
<body>
  <div class='ocr_page' id='page_1' title='image "./anaximandermile00neuhgoog_0134.png"; bbox 0 0 2864 4904; ppageno 0'>
   <div class='ocr_carea' id='block_1_1' title="bbox 584 398 637 456">
    <p class='ocr_par' dir='ltr' id='par_1_1' title="bbox 584 398 637 456">
     <span class='ocr_line' id='line_1_1' title="bbox 584 398 637 456; baseline 0.038 -2"><span class='ocrx_word' id='word_1_1' title='bbox 584 398 637 456; x_wconf 84' lang='grc'><strong>109</strong></span> 
     </span>
    </p>
   </div>
   <div class='ocr_carea' id='block_1_2' title="bbox 66 575 1208 1321">
    <p class='ocr_par' dir='ltr' id='par_1_2' title="bbox 66 575 1208 1321">
     <span class='ocr_line' id='line_1_2' title="bbox 72 575 1208 661; baseline 0.008 -21"><span class='ocrx_word' id='word_1_2' title='bbox 72 595 133 658; x_wconf 88' lang='lat' dir='ltr'><strong>qno</strong></span> <span class='ocrx_word' id='word_1_3' title='bbox 156 595 226 641; x_wconf 86' lang='lat' dir='ltr'><strong>omn</strong></span> <span class='ocrx_word' id='word_1_4' title='bbox 249 575 425 642; x_wconf 82' lang='lat' dir='ltr'><strong>Aristotele</strong></span> <span class='ocrx_word' id='word_1_5' title='bbox 448 575 598 656; x_wconf 79' lang='lat' dir='ltr'><strong>ostendit,</strong></span> <span class='ocrx_word' id='word_1_6' title='bbox 633 597 693 643; x_wconf 88' lang='lat' dir='ltr'><strong>noo</strong></span> <span class='ocrx_word' id='word_1_7' title='bbox 715 597 756 644; x_wconf 86' lang='lat' dir='ltr'><strong>ex</strong></span> <span class='ocrx_word' id='word_1_8' title='bbox 777 597 841 643; x_wconf 88' lang='lat' dir='ltr'><strong>uno</strong></span> <span class='ocrx_word' id='word_1_9' title='bbox 874 579 983 661; x_wconf 89' lang='lat' dir='ltr'><strong>aliquo</strong></span> <span class='ocrx_word' id='word_1_10' title='bbox 1010 577 1167 649; x_wconf 90' lang='lat' dir='ltr'><strong>elemento</strong></span> <span class='ocrx_word' id='word_1_11' title='bbox 1201 584 1208 603; x_wconf 76' lang='lat'>⁸</span> 
     </span>
     <span class='ocr_line' id='line_1_3' title="bbox 77 684 1169 774; baseline 0.007 -24"><span class='ocrx_word' id='word_1_12' title='bbox 77 705 135 751; x_wconf 88' lang='lat' dir='ltr'><strong>neo</strong></span> <span class='ocrx_word' id='word_1_13' title='bbox 155 705 194 750; x_wconf 87' lang='lat' dir='ltr'><strong>ex</strong></span> <span class='ocrx_word' id='word_1_14' title='bbox 216 684 275 751; x_wconf 88' lang='lat' dir='ltr'><strong>illa</strong></span> <span class='ocrx_word' id='word_1_15' title='bbox 295 692 411 752; x_wconf 86' lang='lat' dir='ltr'><strong>natura</strong></span> <span class='ocrx_word' id='word_1_16' title='bbox 432 686 473 752; x_wconf 88' lang='lat' dir='ltr'><strong>ab</strong></span> <span class='ocrx_word' id='word_1_17' title='bbox 496 685 663 752; x_wconf 88' lang='lat' dir='ltr'><strong>elementis</strong></span> <span class='ocrx_word' id='word_1_18' title='bbox 687 687 818 754; x_wconf 86' lang='lat' dir='ltr'><strong>diversa</strong></span> <span class='ocrx_word' id='word_1_19' title='bbox 839 689 936 754; x_wconf 88' lang='lat' dir='ltr'><strong>ullam</strong></span> <span class='ocrx_word' id='word_1_20' title='bbox 960 690 1051 756; x_wconf 88' lang='lat' dir='ltr'><strong>nasei</strong></span> <span class='ocrx_word' id='word_1_21' title='bbox 1072 710 1169 774; x_wconf 87' lang='lat' dir='ltr'><strong>posse</strong></span> 
     </span>
     <span class='ocr_line' id='line_1_4' title="bbox 68 795 1168 883; baseline 0.005 -23"><span class='ocrx_word' id='word_1_22' title='bbox 68 815 170 862; x_wconf 87' lang='lat' dir='ltr'><strong>rerum</strong></span> <span class='ocrx_word' id='word_1_23' title='bbox 196 795 446 878; x_wconf 88' lang='lat' dir='ltr'><strong>multitudinem,</strong></span> <span class='ocrx_word' id='word_1_24' title='bbox 474 795 558 863; x_wconf 88' lang='lat' dir='ltr'><strong>illud</strong></span> <span class='ocrx_word' id='word_1_25' title='bbox 580 795 815 863; x_wconf 81' lang='lat' dir='ltr'><strong>Anaximandri</strong></span> <span class='ocrx_word' id='word_1_26' title='bbox 848 799 1049 883; x_wconf 80' lang='lat' dir='ltr'><strong>principium,</strong></span> <span class='ocrx_word' id='word_1_27' title='bbox 1082 800 1168 882; x_wconf 89' lang='lat' dir='ltr'><strong>quod</strong></span> 
     </span>
     <span class='ocr_line' id='line_1_5' title="bbox 68 901 1165 994; baseline 0.002 -24"><span class='ocrx_word' id='word_1_28' title='bbox 68 906 208 988; x_wconf 81' lang='lat' dir='ltr'><strong>proxime</strong></span> <span class='ocrx_word' id='word_1_29' title='bbox 219 904 305 970; x_wconf 82' lang='lat' dir='ltr'><strong>dixit</strong></span> <span class='ocrx_word' id='word_1_30' title='bbox 317 925 390 971; x_wconf 86' lang='lat' dir='ltr'><strong>esse</strong></span> <span class='ocrx_word' id='word_1_31' title='bbox 402 901 516 988; x_wconf 73' lang='grc' dir='ltr'><em>ἕτερόν</em></span> <span class='ocrx_word' id='word_1_32' title='bbox 526 929 559 970; x_wconf 79' lang='grc' dir='ltr'><strong>τι</strong></span> <span class='ocrx_word' id='word_1_33' title='bbox 570 906 638 970; x_wconf 79' lang='grc' dir='ltr'><strong>τῶν</strong></span> <span class='ocrx_word' id='word_1_34' title='bbox 650 905 831 990; x_wconf 77' lang='grc' dir='ltr'><strong><em>στοιχείων,</em></strong></span> <span class='ocrx_word' id='word_1_35' title='bbox 853 907 998 994; x_wconf 83' lang='lat' dir='ltr'><strong>appellat</strong></span> <span class='ocrx_word' id='word_1_36' title='bbox 1017 907 1165 974; x_wconf 67' lang='grc' dir='ltr'><em>’ἐκεῖνο</em></span> 
     </span>
     <span class='ocr_line' id='line_1_6' title="bbox 66 1009 1166 1102; baseline 0.007 -25"><span class='ocrx_word' id='word_1_37' title='bbox 66 1009 111 1078; x_wconf 83' lang='grc' dir='ltr'><strong>τὸ</strong></span> <span class='ocrx_word' id='word_1_38' title='bbox 129 1009 310 1100; x_wconf 81' lang='grc' dir='ltr'><strong>μεταξύ’,</strong></span> <span class='ocrx_word' id='word_1_39' title='bbox 335 1017 425 1084; x_wconf 88' lang='lat' dir='ltr'><strong>nulla</strong></span> <span class='ocrx_word' id='word_1_40' title='bbox 447 1018 677 1084; x_wconf 86' lang='lat' dir='ltr'><strong>elementorum</strong></span> <span class='ocrx_word' id='word_1_41' title='bbox 700 1017 927 1102; x_wconf 81' lang='lat' dir='ltr'><strong>designatione</strong></span> <span class='ocrx_word' id='word_1_42' title='bbox 947 1019 1101 1100; x_wconf 60' lang='lat' dir='ltr'><strong>additum).</strong></span> <span class='ocrx_word' id='word_1_43' title='bbox 1128 1020 1166 1085; x_wconf 90' lang='lat' dir='ltr'><strong>In</strong></span> 
     </span>
     <span class='ocr_line' id='line_1_7' title="bbox 70 1123 1167 1215; baseline 0.006 -28"><span class='ocrx_word' id='word_1_44' title='bbox 70 1123 255 1215; x_wconf 80' lang='lat' dir='ltr'><strong>paraphrasi</strong></span> <span class='ocrx_word' id='word_1_45' title='bbox 279 1124 416 1192; x_wconf 89' lang='lat' dir='ltr'><strong>duorum</strong></span> <span class='ocrx_word' id='word_1_46' title='bbox 440 1127 579 1192; x_wconf 87' lang='lat' dir='ltr'><strong>aliorum</strong></span> <span class='ocrx_word' id='word_1_47' title='bbox 603 1126 756 1207; x_wconf 87' lang='lat' dir='ltr'><strong>looorom,</strong></span> <span class='ocrx_word' id='word_1_48' title='bbox 787 1127 903 1210; x_wconf 85' lang='lat' dir='ltr'><strong>quibus</strong></span> <span class='ocrx_word' id='word_1_49' title='bbox 931 1127 973 1194; x_wconf 89' lang='lat' dir='ltr'><strong>ab</strong></span> <span class='ocrx_word' id='word_1_50' title='bbox 995 1127 1167 1194; x_wconf 78' lang='lat' dir='ltr'><strong>Aristotele</strong></span> 
     </span>
     <span class='ocr_line' id='line_1_8' title="bbox 67 1229 1167 1321; baseline 0.006 -25"><span class='ocrx_word' id='word_1_51' title='bbox 67 1229 108 1296; x_wconf 81' lang='grc' dir='ltr'><strong>τὸ</strong></span> <span class='ocrx_word' id='word_1_52' title='bbox 132 1233 246 1316; x_wconf 62' lang='lat' dir='ltr'><strong>neregel</strong></span> <span class='ocrx_word' id='word_1_53' title='bbox 275 1241 479 1319; x_wconf 87' lang='lat' dir='ltr'><strong>memoratur,</strong></span> <span class='ocrx_word' id='word_1_54' title='bbox 511 1237 636 1303; x_wconf 90' lang='lat' dir='ltr'><strong>nullum</strong></span> <span class='ocrx_word' id='word_1_55' title='bbox 668 1235 897 1321; x_wconf 82' lang='lat' dir='ltr'><strong>philosophum</strong></span> <span class='ocrx_word' id='word_1_56' title='bbox 931 1238 1074 1304; x_wconf 88' lang='lat' dir='ltr'><strong>nominat</strong></span> <span class='ocrx_word' id='word_1_57' title='bbox 1109 1236 1167 1304; x_wconf 91' lang='lat' dir='ltr'><strong>sed</strong></span> 
     </span>
    </p>
   </div>
   <div class='ocr_carea' id='block_1_3' title="bbox 69 1343 1270 1431">
    <p class='ocr_par' dir='ltr' id='par_1_3' title="bbox 69 1343 1270 1431">
     <span class='ocr_line' id='line_1_9' title="bbox 69 1343 1270 1431; baseline 0.004 -23"><span class='ocrx_word' id='word_1_58' title='bbox 69 1343 167 1410; x_wconf 91' lang='lat' dir='ltr'><strong>solum</strong></span> <span class='ocrx_word' id='word_1_59' title='bbox 188 1344 372 1411; x_wconf 88' lang='lat' dir='ltr'><strong>Aristotelis</strong></span> <span class='ocrx_word' id='word_1_60' title='bbox 396 1345 588 1412; x_wconf 85' lang='lat' dir='ltr'><strong>sententiam</strong></span> <span class='ocrx_word' id='word_1_61' title='bbox 611 1347 738 1431; x_wconf 87' lang='lat' dir='ltr'><strong>repetit,</strong></span> <span class='ocrx_word' id='word_1_62' title='bbox 764 1344 799 1410; x_wconf 91' lang='lat' dir='ltr'><strong>id</strong></span> <span class='ocrx_word' id='word_1_63' title='bbox 815 1352 938 1412; x_wconf 87' lang='lat' dir='ltr'><strong>tantum</strong></span> <span class='ocrx_word' id='word_1_64' title='bbox 961 1344 1002 1413; x_wconf 89' lang='lat' dir='ltr'><strong>de</strong></span> <span class='ocrx_word' id='word_1_65' title='bbox 1022 1367 1061 1412; x_wconf 85' lang='lat' dir='ltr'><strong>ea</strong></span> <span class='ocrx_word' id='word_1_66' title='bbox 1083 1367 1166 1413; x_wconf 88' lang='lat' dir='ltr'><strong>oom-</strong></span> <span class='ocrx_word' id='word_1_67' title='bbox 1268 1371 1270 1375; x_wconf 93' lang='lat'>·</span> 
     </span>
    </p>
   </div>
   <div class='ocr_carea' id='block_1_4' title="bbox 68 1454 1169 2528">
    <p class='ocr_par' dir='ltr' id='par_1_4' title="bbox 68 1454 1169 2528">
     <span class='ocr_line' id='line_1_10' title="bbox 68 1454 1166 1539; baseline 0.004 -21"><span class='ocrx_word' id='word_1_68' title='bbox 68 1459 200 1538; x_wconf 88' lang='lat' dir='ltr'><strong>motans,</strong></span> <span class='ocrx_word' id='word_1_69' title='bbox 222 1454 312 1538; x_wconf 88' lang='lat' dir='ltr'><strong>quod</strong></span> <span class='ocrx_word' id='word_1_70' title='bbox 334 1455 443 1538; x_wconf 83' lang='lat' dir='ltr'><strong>priore</strong></span> <span class='ocrx_word' id='word_1_71' title='bbox 464 1455 536 1520; x_wconf 89' lang='lat' dir='ltr'><strong>looo</strong></span> <span class='ocrx_word' id='word_1_72' title='bbox 559 1475 618 1539; x_wconf 87' lang='lat' dir='ltr'><strong>pro</strong></span> <span class='ocrx_word' id='word_1_73' title='bbox 641 1475 688 1534; x_wconf 90' lang='lat' dir='ltr'><strong>eo,</strong></span> <span class='ocrx_word' id='word_1_74' title='bbox 716 1455 804 1539; x_wconf 91' lang='lat' dir='ltr'><strong>quod</strong></span> <span class='ocrx_word' id='word_1_75' title='bbox 826 1456 867 1522; x_wconf 88' lang='lat' dir='ltr'><strong>ab</strong></span> <span class='ocrx_word' id='word_1_76' title='bbox 890 1456 1064 1523; x_wconf 88' lang='lat' dir='ltr'><strong>Aristotele</strong></span> <span class='ocrx_word' id='word_1_77' title='bbox 1087 1457 1166 1524; x_wconf 89' lang='lat' dir='ltr'><strong>dioi-</strong></span> 
     </span>
     <span class='ocr_line' id='line_1_11' title="bbox 70 1558 1168 1650; baseline 0.005 -24"><span class='ocrx_word' id='word_1_78' title='bbox 70 1570 120 1628; x_wconf 88' lang='lat' dir='ltr'><strong>tur</strong></span> <span class='ocrx_word' id='word_1_79' title='bbox 138 1558 176 1627; x_wconf 66' lang='lat' dir='ltr'><strong>uo*</strong></span> <span class='ocrx_word' id='word_1_80' title='bbox 196 1559 317 1646; x_wconf 81' lang='grc' dir='ltr'><em>μεταξύ</em></span> <span class='ocrx_word' id='word_1_81' title='bbox 340 1562 454 1647; x_wconf 81' lang='grc' dir='ltr'><em>ἀέρος</em></span> <span class='ocrx_word' id='word_1_82' title='bbox 476 1563 541 1628; x_wconf 86' lang='grc' dir='ltr'><strong>καὶ</strong></span> <span class='ocrx_word' id='word_1_83' title='bbox 562 1559 701 1647; x_wconf 82' lang='grc' dir='ltr'><em>αυρὸς,</em></span> <span class='ocrx_word' id='word_1_84' title='bbox 726 1567 923 1648; x_wconf 83' lang='lat' dir='ltr'><strong>generalitor</strong></span> <span class='ocrx_word' id='word_1_85' title='bbox 943 1566 1025 1633; x_wconf 75' lang='lat' dir='ltr'><strong>dicit</strong></span> <span class='ocrx_word' id='word_1_86' title='bbox 1049 1562 1088 1632; x_wconf 75' lang='lat' dir='ltr'><strong>od</strong></span> <span class='ocrx_word' id='word_1_87' title='bbox 1109 1591 1168 1650; x_wconf 82' lang='grc' dir='ltr'><strong>με·</strong></span> 
     </span>
     <span class='ocr_line' id='line_1_12' title="bbox 70 1673 1166 1762; baseline 0.008 -28"><span class='ocrx_word' id='word_1_88' title='bbox 70 1673 153 1756; x_wconf 79' lang='grc' dir='ltr'><strong><em>ταξύ,</em></strong></span> <span class='ocrx_word' id='word_1_89' title='bbox 173 1675 401 1740; x_wconf 84' lang='lat' dir='ltr'><strong>elementorum</strong></span> <span class='ocrx_word' id='word_1_90' title='bbox 426 1675 652 1758; x_wconf 83' lang='lat' dir='ltr'><strong>designatione</strong></span> <span class='ocrx_word' id='word_1_91' title='bbox 682 1677 845 1756; x_wconf 59' lang='lat' dir='ltr'><strong>omissae,</strong></span> <span class='ocrx_word' id='word_1_92' title='bbox 879 1677 981 1742; x_wconf 88' lang='lat' dir='ltr'><strong>altero</strong></span> <span class='ocrx_word' id='word_1_93' title='bbox 1011 1677 1082 1742; x_wconf 91' lang='lat' dir='ltr'><strong>looo</strong></span> <span class='ocrx_word' id='word_1_94' title='bbox 1108 1698 1166 1762; x_wconf 89' lang='lat' dir='ltr'><strong>pro</strong></span> 
     </span>
     <span class='ocr_line' id='line_1_13' title="bbox 73 1777 1169 1870; baseline 0.004 -24"><span class='ocrx_word' id='word_1_95' title='bbox 73 1801 120 1865; x_wconf 82' lang='lat' dir='ltr'><strong>eo,</strong></span> <span class='ocrx_word' id='word_1_96' title='bbox 142 1783 224 1864; x_wconf 87' lang='lat' dir='ltr'><strong>quod</strong></span> <span class='ocrx_word' id='word_1_97' title='bbox 245 1783 287 1848; x_wconf 82' lang='lat' dir='ltr'><strong>ab</strong></span> <span class='ocrx_word' id='word_1_98' title='bbox 313 1784 369 1848; x_wconf 86' lang='lat' dir='ltr'><strong>illo</strong></span> <span class='ocrx_word' id='word_1_99' title='bbox 391 1783 511 1849; x_wconf 86' lang='lat' dir='ltr'><strong>dieitur</strong></span> <span class='ocrx_word' id='word_1_100' title='bbox 531 1779 652 1866; x_wconf 81' lang='grc' dir='ltr'><em>μεταξῦ</em></span> <span class='ocrx_word' id='word_1_101' title='bbox 681 1777 827 1861; x_wconf 70' lang='lat' dir='ltr'><strong>{toa-cog</strong></span> <span class='ocrx_word' id='word_1_102' title='bbox 855 1783 910 1849; x_wconf 84' lang='grc' dir='ltr'><strong>καὶ</strong></span> <span class='ocrx_word' id='word_1_103' title='bbox 932 1777 1038 1869; x_wconf 73' lang='grc' dir='ltr'><em>ἀέρος,</em></span> <span class='ocrx_word' id='word_1_104' title='bbox 1064 1788 1169 1870; x_wconf 82' lang='grc' dir='ltr'><em>μῖγμα</em></span> 
     </span>
     <span class='ocr_line' id='line_1_14' title="bbox 71 1883 1167 1980; baseline 0.005 -25"><span class='ocrx_word' id='word_1_105' title='bbox 71 1889 147 1956; x_wconf 89' lang='lat' dir='ltr'><strong>dioit</strong></span> <span class='ocrx_word' id='word_1_106' title='bbox 167 1890 293 1976; x_wconf 77' lang='grc' dir='ltr'><em>πυρός</em></span> <span class='ocrx_word' id='word_1_107' title='bbox 314 1891 369 1956; x_wconf 84' lang='grc' dir='ltr'><strong>καὶ</strong></span> <span class='ocrx_word' id='word_1_108' title='bbox 389 1883 541 1977; x_wconf 60' lang='grc' dir='ltr'><strong>ἅέροςῡ),</strong></span> <span class='ocrx_word' id='word_1_109' title='bbox 568 1913 764 1977; x_wconf 88' lang='lat' dir='ltr'><strong>quamquam</strong></span> <span class='ocrx_word' id='word_1_110' title='bbox 793 1915 910 1979; x_wconf 81' lang='lat' dir='ltr'><strong>magno</strong></span> <span class='ocrx_word' id='word_1_111' title='bbox 938 1915 1035 1979; x_wconf 87' lang='lat' dir='ltr'><strong>opere</strong></span> <span class='ocrx_word' id='word_1_112' title='bbox 1065 1898 1167 1980; x_wconf 82' lang='lat' dir='ltr'><strong>suspi-</strong></span> 
     </span>
     <span class='ocr_line' id='line_1_15' title="bbox 71 2001 1167 2080; baseline 0.006 -16"><span class='ocrx_word' id='word_1_113' title='bbox 71 2001 200 2067; x_wconf 89' lang='lat' dir='ltr'><strong>eandum</strong></span> <span class='ocrx_word' id='word_1_114' title='bbox 229 2007 288 2080; x_wconf 89' lang='lat' dir='ltr'><strong>est,</strong></span> <span class='ocrx_word' id='word_1_115' title='bbox 317 2002 472 2068; x_wconf 89' lang='lat' dir='ltr'><strong>librorum</strong></span> <span class='ocrx_word' id='word_1_116' title='bbox 502 2002 673 2068; x_wconf 84' lang='lat' dir='ltr'><strong>lectionem</strong></span> <span class='ocrx_word' id='word_1_117' title='bbox 702 2003 818 2070; x_wconf 86' lang='lat' dir='ltr'><strong>falsam</strong></span> <span class='ocrx_word' id='word_1_118' title='bbox 847 2023 918 2071; x_wconf 89' lang='lat' dir='ltr'><strong>esse</strong></span> <span class='ocrx_word' id='word_1_119' title='bbox 940 2004 1167 2073; x_wconf 80' lang='lat' dir='ltr'><strong>Themistium-</strong></span> 
     </span>
     <span class='ocr_line' id='line_1_16' title="bbox 72 2106 1167 2198; baseline 0.004 -22"><span class='ocrx_word' id='word_1_120' title='bbox 72 2131 133 2193; x_wconf 83' lang='lat' dir='ltr'><strong>que</strong></span> <span class='ocrx_word' id='word_1_121' title='bbox 152 2115 254 2196; x_wconf 87' lang='lat' dir='ltr'><strong>ipsum</strong></span> <span class='ocrx_word' id='word_1_122' title='bbox 275 2115 380 2196; x_wconf 79' lang='grc' dir='ltr'><em>μῖγμα</em></span> <span class='ocrx_word' id='word_1_123' title='bbox 400 2106 548 2189; x_wconf 75' lang='grc' dir='ltr'><em>ὕδατος</em></span> <span class='ocrx_word' id='word_1_124' title='bbox 566 2110 621 2176; x_wconf 85' lang='grc' dir='ltr'><strong>καὶ</strong></span> <span class='ocrx_word' id='word_1_125' title='bbox 644 2109 750 2197; x_wconf 80' lang='grc' dir='ltr'><strong><em>ἀέρος,</em></strong></span> <span class='ocrx_word' id='word_1_126' title='bbox 777 2110 839 2180; x_wconf 78' lang='lat' dir='ltr'><strong>neo&#39;</strong></span> <span class='ocrx_word' id='word_1_127' title='bbox 862 2133 939 2180; x_wconf 84' lang='lat' dir='ltr'><strong>vero</strong></span> <span class='ocrx_word' id='word_1_128' title='bbox 963 2110 1087 2198; x_wconf 82' lang='grc' dir='ltr'><em>πυρὸς</em></span> <span class='ocrx_word' id='word_1_129' title='bbox 1113 2114 1167 2180; x_wconf 82' lang='grc' dir='ltr'><strong>καὶ</strong></span> 
     </span>
     <span class='ocr_line' id='line_1_17' title="bbox 72 2218 1166 2309; baseline 0.01 -27"><span class='ocrx_word' id='word_1_130' title='bbox 72 2218 163 2302; x_wconf 79' lang='grc' dir='ltr'><em>ἀέρος</em></span> <span class='ocrx_word' id='word_1_131' title='bbox 185 2223 366 2306; x_wconf 81' lang='lat' dir='ltr'><strong>scripsisse,</strong></span> <span class='ocrx_word' id='word_1_132' title='bbox 389 2229 572 2307; x_wconf 84' lang='lat' dir='ltr'><strong>propterea,</strong></span> <span class='ocrx_word' id='word_1_133' title='bbox 601 2223 687 2306; x_wconf 88' lang='lat' dir='ltr'><strong>qnod</strong></span> <span class='ocrx_word' id='word_1_134' title='bbox 714 2224 771 2289; x_wconf 85' lang='lat' dir='ltr'><strong>vix</strong></span> <span class='ocrx_word' id='word_1_135' title='bbox 800 2223 1028 2308; x_wconf 77' lang='lat' dir='ltr'><strong>comprehendi</strong></span> <span class='ocrx_word' id='word_1_136' title='bbox 1051 2231 1166 2309; x_wconf 88' lang='lat' dir='ltr'><strong>potest,</strong></span> 
     </span>
     <span class='ocr_line' id='line_1_18' title="bbox 73 2327 1166 2418; baseline 0.004 -22"><span class='ocrx_word' id='word_1_137' title='bbox 73 2331 126 2414; x_wconf 89' lang='lat' dir='ltr'><strong>qui</strong></span> <span class='ocrx_word' id='word_1_138' title='bbox 146 2327 343 2399; x_wconf 80' lang='lat' dir='ltr'><strong>Themistius</strong></span> <span class='ocrx_word' id='word_1_139' title='bbox 366 2332 426 2399; x_wconf 86' lang='lat' dir='ltr'><strong>hoo</strong></span> <span class='ocrx_word' id='word_1_140' title='bbox 448 2334 518 2398; x_wconf 89' lang='lat' dir='ltr'><strong>looo</strong></span> <span class='ocrx_word' id='word_1_141' title='bbox 541 2352 600 2416; x_wconf 85' lang='lat' dir='ltr'><strong>pro</strong></span> <span class='ocrx_word' id='word_1_142' title='bbox 614 2332 798 2399; x_wconf 84' lang='lat' dir='ltr'><strong>Aristotelis</strong></span> <span class='ocrx_word' id='word_1_143' title='bbox 820 2355 926 2418; x_wconf 84' lang='lat' dir='ltr'><strong>aqua</strong></span> <span class='ocrx_word' id='word_1_144' title='bbox 947 2341 979 2400; x_wconf 90' lang='lat' dir='ltr'><strong>et</strong></span> <span class='ocrx_word' id='word_1_145' title='bbox 992 2355 1067 2401; x_wconf 86' lang='lat' dir='ltr'><strong>aere</strong></span> <span class='ocrx_word' id='word_1_146' title='bbox 1089 2337 1166 2401; x_wconf 82' lang='lat' dir='ltr'><strong>sori-</strong></span> 
     </span>
     <span class='ocr_line' id='line_1_19' title="bbox 71 2439 1166 2528; baseline 0.005 -24"><span class='ocrx_word' id='word_1_147' title='bbox 71 2439 143 2505; x_wconf 87' lang='lat' dir='ltr'><strong>bere</strong></span> <span class='ocrx_word' id='word_1_148' title='bbox 164 2443 303 2526; x_wconf 87' lang='lat' dir='ltr'><strong>potuerit</strong></span> <span class='ocrx_word' id='word_1_149' title='bbox 339 2441 474 2525; x_wconf 83' lang='lat' dir='ltr'><strong>ignem</strong></span> <span class='ocrx_word' id='word_1_150' title='bbox 505 2448 537 2508; x_wconf 89' lang='lat' dir='ltr'><strong>et</strong></span> <span class='ocrx_word' id='word_1_151' title='bbox 559 2461 701 2528; x_wconf 82' lang='lat' dir='ltr'><strong>aquam,</strong></span> <span class='ocrx_word' id='word_1_152' title='bbox 722 2444 843 2528; x_wconf 87' lang='lat' dir='ltr'><strong>quippe</strong></span> <span class='ocrx_word' id='word_1_153' title='bbox 877 2442 963 2526; x_wconf 90' lang='lat' dir='ltr'><strong>quod</strong></span> <span class='ocrx_word' id='word_1_154' title='bbox 984 2443 1166 2510; x_wconf 85' lang='lat' dir='ltr'><strong>Aristotelis</strong></span> 
     </span>
    </p>
   </div>
   <div class='ocr_carea' id='block_1_5' title="bbox 74 2628 263 2638">
    <p class='ocr_par' dir='ltr' id='par_1_5' title="bbox 74 2628 263 2638">
     <span class='ocr_line' id='line_1_20' title="bbox 74 2628 263 2638; baseline -0.005 0"><span class='ocrx_word' id='word_1_155' title='bbox 74 2628 263 2638; x_wconf 75' lang='lat'><em>———-——</em></span> 
     </span>
    </p>
   </div>
   <div class='ocr_carea' id='block_1_6' title="bbox 72 2740 1173 4368">
    <p class='ocr_par' dir='ltr' id='par_1_6' title="bbox 72 2740 1166 3009">
     <span class='ocr_line' id='line_1_21' title="bbox 167 2740 1166 2818; baseline 0.002 -22"><span class='ocrx_word' id='word_1_156' title='bbox 167 2745 191 2814; x_wconf 93' lang='lat' dir='ltr'><strong>l)</strong></span> <span class='ocrx_word' id='word_1_157' title='bbox 210 2743 283 2800; x_wconf 89' lang='lat' dir='ltr'><strong>Ibid.</strong></span> <span class='ocrx_word' id='word_1_158' title='bbox 310 2742 430 2812; x_wconf 53' lang='lat' dir='ltr'><strong>231,st</strong></span> <span class='ocrx_word' id='word_1_159' title='bbox 459 2742 501 2812; x_wconf 90' lang='lat' dir='ltr'><strong>(in</strong></span> <span class='ocrx_word' id='word_1_160' title='bbox 526 2741 607 2813; x_wconf 83' lang='lat' dir='ltr'><strong>Phys.</strong></span> <span class='ocrx_word' id='word_1_161' title='bbox 634 2741 703 2797; x_wconf 89' lang='lat' dir='ltr'><strong>ibid.</strong></span> <span class='ocrx_word' id='word_1_162' title='bbox 735 2761 762 2798; x_wconf 90' lang='lat' dir='ltr'><strong>v.</strong></span> <span class='ocrx_word' id='word_1_163' title='bbox 781 2744 815 2797; x_wconf 78' lang='lat'><strong>35</strong></span> <span class='ocrx_word' id='word_1_164' title='bbox 840 2742 905 2814; x_wconf 81' lang='lat' dir='ltr'><strong>sq.):</strong></span> <span class='ocrx_word' id='word_1_165' title='bbox 938 2740 1166 2818; x_wconf 73' lang='grc' dir='ltr'><strong>,Ἀναξιμάνδρῳ</strong></span> 
     </span>
     <span class='ocr_line' id='line_1_22' title="bbox 72 2835 1166 2916; baseline 0.005 -25"><span class='ocrx_word' id='word_1_166' title='bbox 72 2837 131 2910; x_wconf 78' lang='grc' dir='ltr'><strong>γὰρ,</strong></span> <span class='ocrx_word' id='word_1_167' title='bbox 148 2839 240 2910; x_wconf 76' lang='grc' dir='ltr'><strong>ἐπειδὴ</strong></span> <span class='ocrx_word' id='word_1_168' title='bbox 260 2838 331 2912; x_wconf 85' lang='grc' dir='ltr'><em>πρὸς</em></span> <span class='ocrx_word' id='word_1_169' title='bbox 349 2836 433 2895; x_wconf 73' lang='grc' dir='ltr'><em>οὐδὲν</em></span> <span class='ocrx_word' id='word_1_170' title='bbox 451 2835 612 2916; x_wconf 74' lang='grc' dir='ltr'><em>ἐναντίωσιν</em></span> <span class='ocrx_word' id='word_1_171' title='bbox 630 2840 688 2910; x_wconf 82' lang='grc' dir='ltr'><em>ἔχει</em></span> <span class='ocrx_word' id='word_1_172' title='bbox 705 2842 761 2895; x_wconf 77' lang='grc' dir='ltr'><strong>τῶν</strong></span> <span class='ocrx_word' id='word_1_173' title='bbox 772 2836 915 2911; x_wconf 79' lang='grc' dir='ltr'><strong>τεσσάρων</strong></span> <span class='ocrx_word' id='word_1_174' title='bbox 933 2841 946 2895; x_wconf 75' lang='grc' dir='ltr'><em>ἒ</em></span> <span class='ocrx_word' id='word_1_175' title='bbox 952 2848 1042 2897; x_wconf 78' lang='grc' dir='ltr'><em>κεῖνο</em></span> <span class='ocrx_word' id='word_1_176' title='bbox 1060 2841 1095 2897; x_wconf 78' lang='grc' dir='ltr'><strong>τὸ</strong></span> <span class='ocrx_word' id='word_1_177' title='bbox 1113 2862 1166 2916; x_wconf 82' lang='grc' dir='ltr'><strong>με·</strong></span> 
     </span>
     <span class='ocr_line' id='line_1_23' title="bbox 72 2931 833 3009; baseline 0.004 -20"><span class='ocrx_word' id='word_1_178' title='bbox 72 2932 150 3008; x_wconf 64' lang='lat' dir='ltr'><strong>rutil,</strong></span> <span class='ocrx_word' id='word_1_179' title='bbox 166 2935 223 2994; x_wconf 72' lang='grc' dir='ltr'><strong>οὐδ’</strong></span> <span class='ocrx_word' id='word_1_180' title='bbox 245 2942 284 2998; x_wconf 71' lang='grc' dir='ltr'><strong>εἶς</strong></span> <span class='ocrx_word' id='word_1_181' title='bbox 302 2937 333 2992; x_wconf 76' lang='grc' dir='ltr'><strong>ἓν</strong></span> <span class='ocrx_word' id='word_1_182' title='bbox 351 2931 455 2992; x_wconf 70' lang='grc' dir='ltr'><em>τούτων</em></span> <span class='ocrx_word' id='word_1_183' title='bbox 471 2933 648 3009; x_wconf 74' lang='grc' dir='ltr'><em>μεταβάλοι.“</em></span> <span class='ocrx_word' id='word_1_184' title='bbox 669 2937 709 2992; x_wconf 87' lang='lat' dir='ltr'><strong>cf.</strong></span> <span class='ocrx_word' id='word_1_185' title='bbox 729 2938 790 3007; x_wconf 83' lang='lat'><strong>232,</strong></span> <span class='ocrx_word' id='word_1_186' title='bbox 807 2940 833 2992; x_wconf 85' lang='lat'><strong>2.</strong></span> 
     </span>
    </p>

    <p class='ocr_par' dir='ltr' id='par_1_7' title="bbox 72 3033 1166 3395">
     <span class='ocr_line' id='line_1_24' title="bbox 165 3033 1166 3106; baseline 0.004 -18"><span class='ocrx_word' id='word_1_187' title='bbox 165 3035 192 3106; x_wconf 81' lang='grc'><strong>2)</strong></span> <span class='ocrx_word' id='word_1_188' title='bbox 209 3035 280 3090; x_wconf 90' lang='lat' dir='ltr'><strong>Ibid.</strong></span> <span class='ocrx_word' id='word_1_189' title='bbox 302 3036 362 3102; x_wconf 81' lang='lat'><strong>138,</strong></span> <span class='ocrx_word' id='word_1_190' title='bbox 382 3037 398 3088; x_wconf 82' lang='lat'><strong>7</strong></span> <span class='ocrx_word' id='word_1_191' title='bbox 423 3035 463 3102; x_wconf 79' lang='lat' dir='ltr'><strong>(in</strong></span> <span class='ocrx_word' id='word_1_192' title='bbox 483 3033 565 3103; x_wconf 82' lang='lat' dir='ltr'><strong>Phys.</strong></span> <span class='ocrx_word' id='word_1_193' title='bbox 583 3035 605 3099; x_wconf 95' lang='lat' dir='ltr'><strong>I,</strong></span> <span class='ocrx_word' id='word_1_194' title='bbox 625 3035 650 3088; x_wconf 81' lang='grc'><strong>6,</strong></span> <span class='ocrx_word' id='word_1_195' title='bbox 672 3035 742 3100; x_wconf 70' lang='lat'><strong>1891,</strong></span> <span class='ocrx_word' id='word_1_196' title='bbox 755 3036 781 3104; x_wconf 93' lang='grc'><strong>2,</strong></span> <span class='ocrx_word' id='word_1_197' title='bbox 808 3035 857 3089; x_wconf 89' lang='lat' dir='ltr'><strong>ubi</strong></span> <span class='ocrx_word' id='word_1_198' title='bbox 879 3034 1166 3092; x_wconf 82' lang='lat' dir='ltr'><strong>Aristoteles&#39;laudat</strong></span> 
     </span>
     <span class='ocr_line' id='line_1_25' title="bbox 72 3128 1165 3205; baseline 0.005 -24"><span class='ocrx_word' id='word_1_199' title='bbox 72 3133 180 3200; x_wconf 84' lang='lat' dir='ltr'><strong>veteres,</strong></span> <span class='ocrx_word' id='word_1_200' title='bbox 200 3130 249 3199; x_wconf 88' lang='lat' dir='ltr'><strong>qui</strong></span> <span class='ocrx_word' id='word_1_201' title='bbox 268 3128 505 3197; x_wconf 82' lang='lat' dir='ltr'><strong>unumquandam</strong></span> <span class='ocrx_word' id='word_1_202' title='bbox 524 3132 656 3183; x_wconf 87' lang='lat' dir='ltr'><strong>naturam</strong></span> <span class='ocrx_word' id='word_1_203' title='bbox 672 3129 755 3183; x_wconf 85' lang='lat' dir='ltr'><strong>rebus</strong></span> <span class='ocrx_word' id='word_1_204' title='bbox 773 3128 952 3198; x_wconf 84' lang='lat' dir='ltr'><strong>subieoorint,</strong></span> <span class='ocrx_word' id='word_1_205' title='bbox 972 3133 1060 3187; x_wconf 91' lang='lat' dir='ltr'><strong>veluti</strong></span> <span class='ocrx_word' id='word_1_206' title='bbox 1079 3129 1165 3205; x_wconf 74' lang='grc' dir='ltr'><em>’ὕδωρ</em></span> 
     </span>
     <span class='ocr_line' id='line_1_26' title="bbox 73 3218 1166 3300; baseline 0.005 -22"><span class='ocrx_word' id='word_1_207' title='bbox 73 3218 154 3298; x_wconf 81' lang='grc' dir='ltr'><strong>ἢοῡρ</strong></span> <span class='ocrx_word' id='word_1_208' title='bbox 171 3220 187 3293; x_wconf 84' lang='grc' dir='ltr'>ἢ</span> <span class='ocrx_word' id='word_1_209' title='bbox 207 3225 236 3280; x_wconf 83' lang='grc' dir='ltr'><strong>ιό</strong></span> <span class='ocrx_word' id='word_1_210' title='bbox 253 3220 355 3298; x_wconf 74' lang='grc' dir='ltr'><em>μεταξύ</em></span> <span class='ocrx_word' id='word_1_211' title='bbox 371 3221 506 3294; x_wconf 51' lang='lat' dir='ltr'><strong>namuel:</strong></span> <span class='ocrx_word' id='word_1_212' title='bbox 528 3229 591 3295; x_wconf 79' lang='grc' dir='ltr'><strong>,καὶ</strong></span> <span class='ocrx_word' id='word_1_213' title='bbox 611 3222 666 3296; x_wconf 77' lang='grc' dir='ltr'><strong>γὰρ</strong></span> <span class='ocrx_word' id='word_1_214' title='bbox 685 3227 783 3280; x_wconf 74' lang='grc' dir='ltr'><em>ἐκεῖνοι</em></span> <span class='ocrx_word' id='word_1_215' title='bbox 801 3231 871 3298; x_wconf 73' lang='grc' dir='ltr'><em>μίαν</em></span> <span class='ocrx_word' id='word_1_216' title='bbox 893 3227 953 3281; x_wconf 77' lang='grc' dir='ltr'><em>τινὰ</em></span> <span class='ocrx_word' id='word_1_217' title='bbox 971 3223 1058 3300; x_wconf 75' lang='grc' dir='ltr'><em>’φύσιν</em></span> <span class='ocrx_word' id='word_1_218' title='bbox 1077 3228 1166 3284; x_wconf 77' lang='grc' dir='ltr'><em>ὑπετί-</em></span> 
     </span>
     <span class='ocr_line' id='line_1_27' title="bbox 74 3316 985 3395; baseline 0.008 -24"><span class='ocrx_word' id='word_1_219' title='bbox 74 3327 154 3377; x_wconf 73' lang='grc' dir='ltr'><em>θεσαν</em></span> <span class='ocrx_word' id='word_1_220' title='bbox 168 3331 224 3382; x_wconf 79' lang='grc' dir='ltr'><em>τοῖς</em></span> <span class='ocrx_word' id='word_1_221' title='bbox 241 3325 382 3391; x_wconf 74' lang='grc' dir='ltr'><em>ἐναντίοις,</em></span> <span class='ocrx_word' id='word_1_222' title='bbox 401 3365 408 3379; x_wconf 90' lang='grc'><strong>.</strong></span> <span class='ocrx_word' id='word_1_223' title='bbox 428 3366 434 3378; x_wconf 94' lang='grc'>.</span> <span class='ocrx_word' id='word_1_224' title='bbox 452 3365 458 3378; x_wconf 92' lang='grc'>,</span> <span class='ocrx_word' id='word_1_225' title='bbox 477 3319 537 3378; x_wconf 82' lang='grc' dir='ltr'><em>οἷον</em></span> <span class='ocrx_word' id='word_1_226' title='bbox 554 3320 627 3394; x_wconf 75' lang='grc' dir='ltr'><em>ὕδωρ</em></span> <span class='ocrx_word' id='word_1_227' title='bbox 646 3317 662 3391; x_wconf 80' lang='grc' dir='ltr'>ἢ</span> <span class='ocrx_word' id='word_1_228' title='bbox 681 3325 735 3392; x_wconf 84' lang='grc' dir='ltr'><strong>πῦρ</strong></span> <span class='ocrx_word' id='word_1_229' title='bbox 755 3316 823 3390; x_wconf 52' lang='lat' dir='ltr'><strong>{aad</strong></span> <span class='ocrx_word' id='word_1_230' title='bbox 841 3321 985 3395; x_wconf 77' lang='grc' dir='ltr'><em>μεταξὺ.“</em></span> 
     </span>
    </p>

    <p class='ocr_par' dir='ltr' id='par_1_8' title="bbox 75 3420 1173 4368">
     <span class='ocr_line' id='line_1_28' title="bbox 162 3420 1165 3492; baseline 0 -15"><span class='ocrx_word' id='word_1_231' title='bbox 162 3422 191 3491; x_wconf 82' lang='grc'><strong>3)</strong></span> <span class='ocrx_word' id='word_1_232' title='bbox 211 3421 283 3476; x_wconf 88' lang='lat' dir='ltr'><strong>Ibid.</strong></span> <span class='ocrx_word' id='word_1_233' title='bbox 294 3423 356 3490; x_wconf 88' lang='grc'><strong>222,</strong></span> <span class='ocrx_word' id='word_1_234' title='bbox 367 3422 384 3474; x_wconf 91' lang='grc'>9</span> <span class='ocrx_word' id='word_1_235' title='bbox 395 3421 434 3487; x_wconf 85' lang='lat' dir='ltr'><strong>(in</strong></span> <span class='ocrx_word' id='word_1_236' title='bbox 444 3420 524 3489; x_wconf 86' lang='lat' dir='ltr'><strong>Phys.</strong></span> <span class='ocrx_word' id='word_1_237' title='bbox 535 3420 617 3487; x_wconf 79' lang='lat'><strong>111,4.</strong></span> <span class='ocrx_word' id='word_1_238' title='bbox 637 3421 712 3482; x_wconf 74' lang='lat'><strong>203,</strong></span> <span class='ocrx_word' id='word_1_239' title='bbox 731 3423 771 3489; x_wconf 81' lang='lat' dir='ltr'><strong>to,</strong></span> <span class='ocrx_word' id='word_1_240' title='bbox 793 3420 842 3474; x_wconf 89' lang='lat' dir='ltr'><strong>ubi</strong></span> <span class='ocrx_word' id='word_1_241' title='bbox 852 3421 1019 3476; x_wconf 85' lang='lat' dir='ltr'><strong>Aristoteles</strong></span> <span class='ocrx_word' id='word_1_242' title='bbox 1036 3422 1165 3492; x_wconf 82' lang='lat' dir='ltr'><strong>physicos</strong></span> 
     </span>
     <span class='ocr_line' id='line_1_29' title="bbox 75 3509 1165 3592; baseline 0.005 -23"><span class='ocrx_word' id='word_1_243' title='bbox 75 3516 110 3570; x_wconf 90' lang='lat' dir='ltr'><strong>ait</strong></span> <span class='ocrx_word' id='word_1_244' title='bbox 126 3518 233 3573; x_wconf 85' lang='lat' dir='ltr'><strong>infinito</strong></span> <span class='ocrx_word' id='word_1_245' title='bbox 258 3519 384 3592; x_wconf 74' lang='lat' dir='ltr'><strong>subicere</strong></span> <span class='ocrx_word' id='word_1_246' title='bbox 407 3514 509 3589; x_wconf 62' lang='lat' dir='ltr'><strong>‘iidem</strong></span> <span class='ocrx_word' id='word_1_247' title='bbox 529 3509 544 3584; x_wconf 80' lang='grc' dir='ltr'>ἢ</span> <span class='ocrx_word' id='word_1_248' title='bbox 563 3514 652 3588; x_wconf 71' lang='grc' dir='ltr'><em>ἀέρα,</em></span> <span class='ocrx_word' id='word_1_249' title='bbox 676 3512 746 3584; x_wconf 67' lang='lat' dir='ltr'><strong>iisd</strong></span> <span class='ocrx_word' id='word_1_250' title='bbox 765 3515 888 3590; x_wconf 80' lang='grc' dir='ltr'><em>μεταξὺ</em></span> <span class='ocrx_word' id='word_1_251' title='bbox 906 3515 1064 3589; x_wconf 76' lang='grc' dir='ltr'><strong>ιοὺτων’)ε</strong></span> <span class='ocrx_word' id='word_1_252' title='bbox 1095 3520 1165 3583; x_wconf 61' lang='grc' dir='ltr'><strong>,τῶν</strong></span> 
     </span>
     <span class='ocr_line' id='line_1_30' title="bbox 75 3613 1165 3688; baseline 0.005 -23"><span class='ocrx_word' id='word_1_253' title='bbox 75 3613 102 3665; x_wconf 77' lang='lat' dir='ltr'><strong>di</strong></span> <span class='ocrx_word' id='word_1_254' title='bbox 126 3617 248 3687; x_wconf 73' lang='grc' dir='ltr'><em>φυσικῶν</em></span> <span class='ocrx_word' id='word_1_255' title='bbox 271 3619 297 3668; x_wconf 80' lang='lat' dir='ltr'><strong>ol</strong></span> <span class='ocrx_word' id='word_1_256' title='bbox 324 3618 387 3686; x_wconf 84' lang='grc' dir='ltr'><em>περὶ</em></span> <span class='ocrx_word' id='word_1_257' title='bbox 414 3613 528 3688; x_wconf 59' lang='grc' dir='ltr'><em>ἀπείρου</em></span> <span class='ocrx_word' id='word_1_258' title='bbox 555 3615 746 3686; x_wconf 70' lang='grc' dir='ltr'><strong>διαλεχθέντες</strong></span> <span class='ocrx_word' id='word_1_259' title='bbox 770 3619 972 3687; x_wconf 71' lang='grc' dir='ltr'><strong>συμβεβηκέναι</strong></span> <span class='ocrx_word' id='word_1_260' title='bbox 995 3615 1104 3670; x_wconf 82' lang='grc' dir='ltr'><em>ποιοῦσι</em></span> <span class='ocrx_word' id='word_1_261' title='bbox 1133 3613 1165 3670; x_wconf 77' lang='grc' dir='ltr'><strong>τὸ</strong></span> 
     </span>
     <span class='ocr_line' id='line_1_31' title="bbox 75 3702 1166 3784; baseline 0.002 -20"><span class='ocrx_word' id='word_1_262' title='bbox 75 3702 178 3782; x_wconf 66' lang='grc' dir='ltr'><em>ὄνειρον</em></span> <span class='ocrx_word' id='word_1_263' title='bbox 210 3712 289 3782; x_wconf 72' lang='grc' dir='ltr'><em>ἑτέρᾳ</em></span> <span class='ocrx_word' id='word_1_264' title='bbox 318 3707 414 3784; x_wconf 78' lang='grc' dir='ltr'><strong>φύσει,</strong></span> <span class='ocrx_word' id='word_1_265' title='bbox 446 3706 544 3778; x_wconf 78' lang='grc' dir='ltr'><em>ταύτην</em></span> <span class='ocrx_word' id='word_1_266' title='bbox 575 3711 606 3764; x_wconf 71' lang='lat' dir='ltr'><strong>ol</strong></span> <span class='ocrx_word' id='word_1_267' title='bbox 637 3704 739 3779; x_wconf 79' lang='grc' dir='ltr'><em>ἢ.πῦρ</em></span> <span class='ocrx_word' id='word_1_268' title='bbox 771 3706 787 3778; x_wconf 76' lang='grc' dir='ltr'>ἢ</span> <span class='ocrx_word' id='word_1_269' title='bbox 810 3708 877 3782; x_wconf 74' lang='grc' dir='ltr'><em>ἀέρα</em></span> <span class='ocrx_word' id='word_1_270' title='bbox 907 3705 924 3779; x_wconf 82' lang='grc' dir='ltr'>ἢ</span> <span class='ocrx_word' id='word_1_271' title='bbox 946 3717 1040 3784; x_wconf 80' lang='grc' dir='ltr'><em>μῖγμα</em></span> <span class='ocrx_word' id='word_1_272' title='bbox 1064 3707 1166 3767; x_wconf 77' lang='grc' dir='ltr'><em>τούτων</em></span> 
     </span>
     <span class='ocr_line' id='line_1_32' title="bbox 76 3804 1166 3883; baseline 0.006 -25"><span class='ocrx_word' id='word_1_273' title='bbox 76 3804 332 3883; x_wconf 70' lang='grc' dir='ltr'><em>ὑπολαμβάνουσινῆ</em></span> <span class='ocrx_word' id='word_1_274' title='bbox 371 3809 438 3864; x_wconf 83' lang='lat' dir='ltr'><strong>Cum</strong></span> <span class='ocrx_word' id='word_1_275' title='bbox 458 3808 627 3864; x_wconf 86' lang='lat' dir='ltr'><strong>Themistius</strong></span> <span class='ocrx_word' id='word_1_276' title='bbox 653 3825 708 3878; x_wconf 85' lang='lat' dir='ltr'><strong>eos,</strong></span> <span class='ocrx_word' id='word_1_277' title='bbox 737 3827 753 3863; x_wconf 83' lang='lat' dir='ltr'><strong>a</strong></span> <span class='ocrx_word' id='word_1_278' title='bbox 781 3810 882 3878; x_wconf 90' lang='lat' dir='ltr'><strong>quibus</strong></span> <span class='ocrx_word' id='word_1_279' title='bbox 908 3809 962 3864; x_wconf 89' lang='lat' dir='ltr'><strong>hoo</strong></span> <span class='ocrx_word' id='word_1_280' title='bbox 979 3815 1073 3881; x_wconf 79' lang='grc' dir='ltr'><em>μῖγμα</em></span> <span class='ocrx_word' id='word_1_281' title='bbox 1095 3810 1166 3864; x_wconf 87' lang='lat' dir='ltr'><strong>dioit</strong></span> 
     </span>
     <span class='ocr_line' id='line_1_33' title="bbox 76 3903 1165 3978; baseline 0.004 -22"><span class='ocrx_word' id='word_1_282' title='bbox 76 3903 204 3962; x_wconf 84' lang='lat' dir='ltr'><strong>inlinitum</strong></span> <span class='ocrx_word' id='word_1_283' title='bbox 222 3908 299 3978; x_wconf 87' lang='lat' dir='ltr'><strong>poni,</strong></span> <span class='ocrx_word' id='word_1_284' title='bbox 318 3910 415 3976; x_wconf 87' lang='lat' dir='ltr'><strong>aperte</strong></span> <span class='ocrx_word' id='word_1_285' title='bbox 434 3906 464 3961; x_wconf 89' lang='lat' dir='ltr'><strong>in</strong></span> <span class='ocrx_word' id='word_1_286' title='bbox 482 3906 517 3960; x_wconf 90' lang='lat' dir='ltr'><strong>iis</strong></span> <span class='ocrx_word' id='word_1_287' title='bbox 528 3910 666 3974; x_wconf 85' lang='lat' dir='ltr'><strong>numeret,</strong></span> <span class='ocrx_word' id='word_1_288' title='bbox 686 3907 734 3976; x_wconf 89' lang='lat' dir='ltr'><strong>qui</strong></span> <span class='ocrx_word' id='word_1_289' title='bbox 751 3911 881 3962; x_wconf 84' lang='lat' dir='ltr'><strong>naturam</strong></span> <span class='ocrx_word' id='word_1_290' title='bbox 899 3905 1038 3962; x_wconf 84' lang='lat' dir='ltr'><strong>infinitam</strong></span> <span class='ocrx_word' id='word_1_291' title='bbox 1058 3906 1165 3976; x_wconf 89' lang='lat' dir='ltr'><strong>aliquid</strong></span> 
     </span>
     <span class='ocr_line' id='line_1_34' title="bbox 77 4003 1164 4075; baseline 0.003 -22"><span class='ocrx_word' id='word_1_292' title='bbox 77 4017 151 4060; x_wconf 88' lang='lat' dir='ltr'><strong>unum</strong></span> <span class='ocrx_word' id='word_1_293' title='bbox 168 4009 283 4074; x_wconf 84' lang='lat' dir='ltr'><strong>ponant,</strong></span> <span class='ocrx_word' id='word_1_294' title='bbox 313 4003 478 4060; x_wconf 78' lang='lat' dir='ltr'><strong>vocabulum</strong></span> <span class='ocrx_word' id='word_1_295' title='bbox 500 4009 595 4075; x_wconf 79' lang='grc' dir='ltr'><em>μῖγμα</em></span> <span class='ocrx_word' id='word_1_296' title='bbox 614 4021 647 4058; x_wconf 89' lang='lat' dir='ltr'><strong>eo</strong></span> <span class='ocrx_word' id='word_1_297' title='bbox 667 4003 811 4058; x_wconf 81' lang='lat' dir='ltr'><strong>intellectu</strong></span> <span class='ocrx_word' id='word_1_298' title='bbox 832 4004 1031 4058; x_wconf 73' lang='lat' dir='ltr'><strong>existimandus</strong></span> <span class='ocrx_word' id='word_1_299' title='bbox 1053 4007 1096 4058; x_wconf 88' lang='lat' dir='ltr'><strong>est</strong></span> <span class='ocrx_word' id='word_1_300' title='bbox 1117 4003 1164 4057; x_wconf 88' lang='lat' dir='ltr'><strong>ad-</strong></span> 
     </span>
     <span class='ocr_line' id='line_1_35' title="bbox 78 4096 1173 4172; baseline 0.005 -22"><span class='ocrx_word' id='word_1_301' title='bbox 78 4096 196 4172; x_wconf 82' lang='lat' dir='ltr'><strong>hibuisse,</strong></span> <span class='ocrx_word' id='word_1_302' title='bbox 224 4121 280 4171; x_wconf 86' lang='lat' dir='ltr'><strong>quo</strong></span> <span class='ocrx_word' id='word_1_303' title='bbox 308 4105 392 4156; x_wconf 87' lang='lat' dir='ltr'><strong>antea</strong></span> <span class='ocrx_word' id='word_1_304' title='bbox 422 4101 458 4155; x_wconf 86' lang='lat' dir='ltr'><strong>ab</strong></span> <span class='ocrx_word' id='word_1_305' title='bbox 477 4102 631 4157; x_wconf 84' lang='lat' dir='ltr'><strong>Aristotele</strong></span> <span class='ocrx_word' id='word_1_306' title='bbox 649 4102 854 4157; x_wconf 81' lang='lat' dir='ltr'><strong>Anaximandri</strong></span> <span class='ocrx_word' id='word_1_307' title='bbox 881 4102 1052 4172; x_wconf 84' lang='lat' dir='ltr'><strong>principium</strong></span> <span class='ocrx_word' id='word_1_308' title='bbox 1071 4102 1173 4170; x_wconf 47' lang='lat' dir='ltr'><strong>aliquo,</strong></span> 
     </span>
     <span class='ocr_line' id='line_1_36' title="bbox 78 4194 1165 4271; baseline 0.001 -21"><span class='ocrx_word' id='word_1_309' title='bbox 78 4194 318 4270; x_wconf 79' lang='lat' dir='ltr'><strong>Metophysioorum</strong></span> <span class='ocrx_word' id='word_1_310' title='bbox 350 4201 412 4254; x_wconf 85' lang='lat' dir='ltr'><strong>loeo</strong></span> <span class='ocrx_word' id='word_1_311' title='bbox 445 4197 489 4253; x_wconf 77' lang='grc' dir='ltr'><strong>’τὸ</strong></span> <span class='ocrx_word' id='word_1_312' title='bbox 522 4195 626 4271; x_wconf 69' lang='grc' dir='ltr'><strong>μῖγμαἱ</strong></span> <span class='ocrx_word' id='word_1_313' title='bbox 659 4200 796 4269; x_wconf 86' lang='lat' dir='ltr'><strong>appellari</strong></span> <span class='ocrx_word' id='word_1_314' title='bbox 830 4200 961 4255; x_wconf 87' lang='lat' dir='ltr'><strong>vidimus.</strong></span> <span class='ocrx_word' id='word_1_315' title='bbox 1010 4198 1050 4253; x_wconf 81' lang='lat' dir='ltr'><strong>of.</strong></span> <span class='ocrx_word' id='word_1_316' title='bbox 1080 4215 1165 4266; x_wconf 83' lang='lat' dir='ltr'><strong>supra</strong></span> 
     </span>
     <span class='ocr_line' id='line_1_37' title="bbox 80 4298 206 4368; baseline 0.024 -20"><span class='ocrx_word' id='word_1_317' title='bbox 80 4309 102 4360; x_wconf 88' lang='lat' dir='ltr'><strong>p.</strong></span> <span class='ocrx_word' id='word_1_318' title='bbox 119 4298 149 4351; x_wconf 81' lang='lat'><strong>50</strong></span> <span class='ocrx_word' id='word_1_319' title='bbox 166 4316 206 4368; x_wconf 90' lang='lat' dir='ltr'><strong>sp.</strong></span> 
     </span>
    </p>
   </div>
   <div class='ocr_carea' id='block_1_7' title="bbox 0 0 1447 4904">
    <p class='ocr_par' dir='ltr' id='par_1_9' title="bbox 0 0 1447 4904">
     <span class='ocr_line' id='line_1_38' title="bbox 0 0 1447 4904; baseline 0 0"><span class='ocrx_word' id='word_1_320' title='bbox 0 0 1447 4904; x_wconf 95' lang='lat' dir='ltr'><strong> </strong></span> 
     </span>
    </p>
   </div>
  </div>
 </body>
</html>
