2864 4904
604 385 653 442 131

175 559 249 624 Iam
285 560 312 624 si
339 558 436 624 hosce
467 560 554 624 locos
591 561 673 624 inter
706 578 740 625 se
772 579 1004 644 comparamus
1038 563 1183 644 protinus

64 675 172 751 patet,
196 667 412 752 philoponum
434 670 530 733 etiam
552 661 591 731 ud
611 669 702 748 παρὰ
722 667 763 732 τὰ
784 671 930 748 στοιχεῖα
952 660 984 736 et
1005 663 1044 733 ad
1058 663 1180 751 μειαξδ

64 797 166 842 omne
201 781 300 843 unam
328 775 527 860 eandemque
547 797 615 842 rem
637 777 828 862 intellegere
861 777 1007 861 hancque
1041 780 1096 843 uni
1126 780 1180 843 tri·

65 886 174 952 buere
197 886 450 952 Anaximandro.
494 886 643 969 Namque
658 886 743 952 hunc
766 907 863 952 unum
881 889 911 952 in
927 907 1046 970 genere
1062 907 1181 968 eorum,

65 996 124 1077 qui
150 1015 317 1061 summum
338 981 528 1078 principium
550 1013 624 1061 esse
648 997 747 1061 velint
769 997 904 1080 simplex
926 996 1090 1079 quoddam
1113 1016 1181 1062 cor-

66 1124 131 1189 pus
155 1105 312 1170 omnibus
343 1104 440 1170 rebus
462 1103 653 1187 subiectum,
686 1107 725 1170 iis
754 1106 897 1188 opponit,
930 1105 985 1188 qui
1009 1106 1043 1171 id
1065 1125 1182 1190 corpus
1265 1187 1268 1192 Ι

67 1221 224 1282 statuant
257 1233 357 1279 unum
384 1233 425 1278 ex
448 1213 614 1280 elementis
637 1234 719 1294 csse,
752 1215 887 1298 eiusque
911 1205 1103 1300 principium
1137 1215 1184 1280 ita

67 1537 96 1588 et
117 1549 219 1588 aerem
238 1548 275 1586 au
293 1532 370 1586 inter
388 1533 481 1603 ignem
500 1537 529 1588 et
548 1551 647 1588 aerem.
687 1533 755 1588 Cum
777 1532 829 1588 hac
849 1536 943 1587 autem
963 1532 1022 1586 eius
1045 1533 1183 1587 sententia

66 1631 120 1684 illa
140 1630 245 1698 verba,
264 1633 297 1683 ut
315 1630 420 1698 scripta
442 1635 516 1699 sunt,
545 1631 731 1700 consentiunt,
760 1631 863 1700 quippe
892 1647 1011 1699 quorum
1036 1629 1105 1684 haec
1125 1646 1184 1684 esse

66 1727 165 1796 possit
195 1726 344 1794 sententia,
375 1727 578 1782 Anaximandri
606 1727 775 1796 principium
803 1727 926 1780 medium
944 1743 1003 1781 esse
1031 1731 1081 1780 aut
1109 1718 1183 1780 iuter

66 1829 208 1878 terram
240 1840 431 1892 aquamque
460 1829 493 1878 et
523 1841 643 1892 aerem,
680 1828 729 1878 aut
760 1823 833 1876 iuter
865 1823 975 1893 ignem
1006 1824 1052 1876 et'
1071 1838 1183 1876 aerem

67 1937 286 1989 aquamque.
847 1913 852 1923 “

181 2032 209 2087 b.
228 2033 301 2087 Ibid.
320 2033 364 2101 46,
384 2033 408 2101 (i,
433 2037 506 2103 part.
526 2050 586 2102 sup.
619 2033 658 2103 (in
679 2033 799 2088 Aristot.
819 2033 890 2085 329⁵
906 2035 933 2102 8)
958 2035 1002 2102 ,οἱ
1020 2032 1052 2086 δὲ
1073 2028 1137 2085 ἄλλο
1160 2053 1185 2086 τι

68 2128 150 2202 παρὰ
170 2131 255 2183 ταῦτα
269 2129 442 2200 (ποιοῦντες),
462 2124 556 2198 ὥσπερ
573 2125 850 2201 Ἀναξίμανδρος.
872 2129 978 2199 ἐλέγχει
992 2129 1024 2182 δὲ
1037 2123 1121 2183 αὐτὸν
1133 2124 1185 2199 οὐχ

68 2227 106 2286 ὠς
124 2221 212 2279 ἄλλο
230 2246 259 2279 ιι
286 2223 376 2295 παρὰ
401 2224 440 2278 τὰ
459 2229 606 2293 τέσσαρα
633 2231 787 2295 στοιχεῖα
811 2220 875 2292 ὓλην
896 2221 1085 2297 ὑποθέμενον·
1104 2219 1184 2298 ταύτῃ

67 2322 126 2396 γὰρ
147 2317 270 2378 &deiram
282 2326 372 2392 λέγειν
383 2319 484 2394 ὀρθῶς,
503 2327 579 2393 εἴπερ
593 2318 743 2395 ἀσώματον
753 2319 836 2389 αὐτὴν
854 2325 899 2375 καὶ
908 2319 1033 2376 ἀνείδεον
1052 2322 1184 2393 ἔφασκεν

67 2419 130 2476 ἀλλ’
151 2423 274 2490 ἐλέγχει,
294 2413 362 2474 διότι
383 2419 482 2491 σῶμα
500 2416 579 2472 αὐτὸ
599 2417 745 2474 ὑπέθετο
765 2413 952 2490 χωριστόν·
977 2419 1065 2478 δείξας
1082 2417 1114 2470 δὲ
1133 2413 1184 2485 ὅτι,

68 2522 93 2570 εἰ
124 2517 228 2588 σῶμα
266 2516 362 2570 ἐστὶν
394 2511 591 2587 ὑφεστηκός,
627 2511 661 2582 ἢν
696 2513 855 2570 ὑποτίθεται
892 2511 1184 2587 ῧληνἈναξίμαν-

69 2614 152 2685 δρος
175 2612 251 2666 κτλ.“

182 2745 205 2784 c.
224 2726 297 2781 Ibid
317 2728 361 2795 53,
380 2743 406 2787 a,
431 2730 503 2796 part.
529 2744 588 2795 sup.
613 2727 654 2796 (in
680 2725 794 2780 Aristot.
812 2726 848 2794 Π,
868 2727 893 2780 5.
912 2727 986 2780 332·
999 2725 1024 2795 3,
1050 2743 1105 2795 quo
1124 2727 1185 2780 loco

68 2823 249 2878 Aristoteles
266 2823 294 2876 in
314 2822 477 2877 uuiversum
495 2839 591 2876 omnes
608 2821 722 2886 refellit,
742 2822 791 2890 qui
809 2840 895 2876 unum
908 2822 1048 2892 quoddam
1061 2839 1186 2893 corpus

69 2921 205 2976 omnium
225 2937 321 2974 rerum
339 2919 487 2973 materiam
506 2919 625 2988 ponant)
639 2919 688 2984 ait,
710 2919 890 2973 Aristotelem
910 2919 940 2972 in
952 2918 1184 2988 praecedentibus

68 3017 207 3086 (respicit
227 3017 300 3068 3292
313 3017 339 3083 3,
360 3032 443 3084 quem
461 3015 553 3069 locum
572 3019 640 3068 nota
665 3014 841 3068 antecedenti
860 3014 1044 3080 laudavimus)
1064 3009 1188 3087 ,μόνην
1237 3035 1240 3040 ·

68 3112 133 3181 τὴν
153 3106 432 3184 Ἀναξιμάνδρου
456 3106 565 3182 [δόξαν]
595 3113 641 3166 ἐπὶ
669 3109 773 3182 βραχὺ“
795 3111 970 3180 refutavisse,
995 3130 1069 3166 nunc
1094 3116 1187 3166 autem

70 3228 141 3266 eum
162 3208 292 3262 refutare
313 3213 407 3271 eteos,
428 3209 476 3277 qui
488 3226 574 3261 unum
594 3225 627 3262 ex
640 3208 1021 3262 elementisomniumrerum
1040 3209 1187 3262 materiam

68 3310 196 3376 ponant,
221 3308 251 3358 et
275 3321 330 3373 eos,
354 3305 402 3374 qui
426 3305 565 3374 ,ἑτέραν
588 3296 692 3359 οὖσαν
716 3306 780 3359 τῶν
802 3299 977 3376 τεσσάρων
996 3310 1186 3376 στοιχείων,

69 3401 113 3462 ὡς
133 3399 415 3472 Ἀναξίμανδρος
433 3400 552 3470 elapsu!

184 3515 212 3568 d.
234 3513 304 3568 lbid.
323 3515 367 3582 53,
386 3515 413 3582 6,
445 3513 492 3568 fin.
516 3518 545 3568 et
563 3516 646 3582 54‚a‚
670 3518 743 3583 part.
771 3531 832 3584 sup.
860 3515 900 3584 (in
918 3515 1035 3569 Aristot.
1056 3514 1188 3584 882⁸203
1266 3529 1269 3536 '

69 3614 131 3670 vid.
158 3627 247 3682 snpra
275 3628 302 3679 p.
323 3611 358 3666 oo
381 3614 439 3666 not.
462 3610 486 3680 l)
514 3615 656 3682 ,τρέπεται
684 3611 803 3666 ἐνταῦθα
826 3608 895 3680 πρὸς
921 3609 970 3678 τὴν
994 3612 1042 3664 τοῦ
1065 3609 1188 3670 Ἀναξι-

69 3705 235 3782 μάνδρου
253 3703 622 3780 δόξανὺποτιδεμένην
641 3704 738 3780 σῶμα
759 3729 789 3762 τι
808 3705 1189 3780 δφεστόςμέσονιὶίρος

70 3811 132 3862 καὶ
152 3802 262 3876 nuptie
279 3797 296 3871 ἣ
315 3799 512 3864 ὕδατοσκαὶ
531 3801 638 3875 δέρος,
657 3800 691 3873 ἣν
708 3799 802 3874 ἤλεγξε
820 3805 877 3876 μὲν
897 3808 943 3858 ναὶ
961 3805 1071 3875 πρῶτον
1090 3803 1188 3872 (respi-

70 3904 154 3958 citur
174 3902 362 3956 iternm329·
374 3901 411 3972 8).
429 3944 435 3956 .
455 3938 483 3956 ..
503 3901 532 3955 τὸ
552 3893 601 3956 οὗν
617 3896 818 3974 μετσξὺφρσι
829 3899 896 3955 κατὰ
908 3901 1191 3973 Ἀναξίμανδρον,

71 4005 110 4066 εί,
134 3995 333 4069 ὑφεστηκὸς
350 3991 384 4051 ὃν
401 3998 510 4068 σῶμα,
530 3995 672 4065 ὑπομένει,
691 3998 763 4053 ντί.“

182 4111 205 4148 a.
223 4093 296 4148 Ibid.
318 4096 362 4162 34,
380 4111 406 4163 a,
431 4098 504 4163 post.
523 4094 595 4148 med.
614 4095 654 4164 (in
673 4096 792 4148 Aristot.
812 4096 886 4148 332b
900 4094 947 4163 25)
967 4094 1128 4164 ,ἐδείξαμεν
1147 4093 1188 4161 δέ,

72 4189 115 4247 ὅτι
138 4188 208 4244 οὐδὲ
227 4182 306 4243 dile
324 4209 352 4242 ιι
372 4190 469 4262 σῶμα
488 4189 579 4260 παρὰ
597 4189 799 4261 τὰτέσσαρα
818 4188 1191 4262 κατὰἈναξίμανδρον

72 4282 209 4359 γεννήσει
229 4283 267 4346 ὥς
286 4283 333 4353 ὕλη
350 4283 383 4339 ιὰ
402 4281 496 4342 ἔλλα.“
