2862 4910
619 400 671 454 2&

80 575 200 634 motns
224 572 404 654 explicetur
418 570 453 648 ¹).
497 571 652 654 Disputat
674 578 781 639 autem
811 572 851 639 de
875 572 937 639 hac
959 577 1121 641 sententia
1143 577 1201 641 tri·

80 678 148 742 bus
175 679 317 744 diversis
340 680 485 745 eiusdem
508 681 581 745 libri
604 681 769 764 partibus;
792 703 868 746 narn
881 690 1050 766 postquam
1074 704 1144 750 eam
1168 685 1202 749 in

82 787 202 870 priore
234 786 275 853 de
296 788 539 855 Anaximandro
562 789 791 858 dissertatione
828 792 997 877 proposuit
1028 793 1201 876 multisque

83 898 273 964 rationibus
295 898 432 982 probare
455 899 588 978 studuit,
620 902 652 964 in
676 901 904 967 dissertatione
934 901 974 967 de
999 902 1200 969 Anaximene

82 1013 117 1070 et
141 1027 260 1072 rursus
295 1009 328 1073 in
349 1009 452 1073 altera
484 1007 525 1074 de
546 1008 789 1075 Anaximandro
812 1009 1042 1078 dissertatione
1065 1011 1107 1077 ad
1130 1005 1201 1078 eam

84 1118 275 1198 revertitur,
297 1122 333 1181 nt
354 1119 448 1184 novis
470 1118 667 1202 argumentis
689 1119 864 1186 confirmet.

196 1225 262 1292 Sed
295 1226 396 1292 nihilo
419 1227 524 1293 secius
558 1228 638 1295 haec
661 1229 910 1296 Teichmuelleri
925 1233 1105 1304 ,sententia
1136 1253 1201 1299 non

84 1337 156 1402 nisi
175 1336 332 1419 opinione
354 1344 429 1403 ante
447 1345 603 1422 concepta
624 1339 752 1419 nititur3
778 1359 861 1422 quae
884 1339 926 1406 ab
949 1361 987 1406 eo
1012 1341 1201 1408 adfemntur

84 1453 293 1530 argumenta,
317 1449 418 1512 multa
439 1467 518 1512 sane
541 1453 572 1513 et
595 1467 693 1531 saepe
716 1436 880 1532 speciosa,
899 1455 955 1515 aut
979 1470 1039 1533 per
1061 1471 1097 1516 se
1115 1451 1200 1517 falsa

85 1561 165 1620 sunt
191 1562 247 1622 aut
269 1577 333 1622 non
357 1556 495 1640 probant
513 1556 547 1621 id
570 1557 657 1640 quod
676 1557 878 1642 probandum
891 1565 950 1624 cst.
995 1559 1090 1637 Quod
1112 1567 1199 1627 ante-

86 1685 190 1747 quam
214 1665 433 1750 ostendamus,
466 1687 508 1732 ex
531 1687 592 1733 usu
617 1667 849 1750 videturesse,
881 1677 1031 1736 accurate
1066 1669 1199 1737 definire

86 1775 326 1856 quaestionem,
350 1775 390 1842 de
413 1795 478 1858 qua
499 1782 625 1858 agatur.
670 1776 798 1841 Etenim
822 1797 880 1861 per
902 1797 938 1843 sc
960 1779 1127 1862 probabile
1140 1789 1199 1864 est,

87 1885 328 1951 Anaximandri
361 1885 522 1952 sententia
556 1888 588 1950 in
620 1885 681 1952 boc
713 1885 833 1952 mundo
866 1888 959 1967 plura
990 1908 1061 1954 esse
1095 1896 1199 1955 motus

87 2014 214 2076 genera
236 1997 270 2059 in
301 1994 418 2078 hisque
451 1996 588 2061 fortasse
622 1998 720 2061 etiam
755 2003 875 2062 motum
906 1999 1102 2064 circularem.
1156 1999 1198 2063 At

89 2103 162 2169 sine
191 2103 289 2169 dubio
312 2104 424 2170 borum
446 2124 543 2170 rmum
567 2104 700 2187 aliquod
721 2109 846 2189 putavit
868 2108 1030 2190 primum
1064 2127 1146 2190 esse,
1180 2129 1198 2174 e

87 2232 155 2295 quo
184 2215 308 2296 reliqua
329 2221 546 2296 sequerentur.
589 2215 659 2280 Hoc
691 2217 788 2298 igitur
820 2217 891 2282 loco
925 2237 989 2282 non
1025 2217 1197 2299 quaeritur,

89 2341 168 2386 nnm
191 2322 431 2389 Anaximander
451 2325 580 2389 omnino
611 2329 730 2389 motum
753 2324 942 2390 circularem
966 2308 1117 2410 posuerit,
1144 2346 1197 2391 ve·

89 2451 160 2496 rum
180 2453 257 2497 num
278 2431 448 2516 primum
470 2433 578 2500 illum
598 2440 716 2516 atque
740 2440 939 2500 aeternum
955 2441 1093 2500 motum
1117 2436 1196 2520 ipsi

90 2539 300 2624 principio
323 2541 453 2607 insitum
477 2544 746 2608 volueritmotum
762 2545 950 2609 circularem
972 2562 1052 2610 esse.
1096 2545 1196 2609 Nam-

92 2668 155 2731 que
178 2671 240 2734 ego
263 2650 394 2733 quidem
417 2673 481 2717 non
505 2672 597 2737 nego,
631 2653 673 2717 ab
699 2651 941 2718 Anaximandro
967 2653 1068 2718 statui
1099 2653 1196 2719 etiam

91 2766 213 2825 motum
238 2760 438 2844 circularem,
461 2761 519 2826 sed
541 2761 626 2828 bunc
649 2762 722 2854 dico
745 2781 827 2842 eum,
851 2781 912 2844 quo
937 2762 972 2826 in
994 2761 1054 2828 hoc
1076 2763 1196 2828 mundo

92 2870 258 2934 stellarum
278 2871 372 2935 orbes
396 2870 670 2948 circumferantur,
694 2890 753 2937 nec
774 2891 851 2936 vero
876 2877 996 2936 motum
1018 2872 1108 2937 illum
1131 2872 1196 2956 pri-

91 2998 178 3043 mum
202 2979 244 3044 ab
267 2977 353 3044 omni
373 2978 565 3046 aeternitate
587 2979 654 3062 ipsi
676 2980 837 3065 principio
853 2982 991 3046 insitum.
1015 2981 1073 3046 tat
1088 2988 1195 3046 autem

92 3106 190 3172 saepe
214 3087 357 3170 difficile,
380 3107 428 3166 ea,
453 3106 536 3170 quae
559 3091 627 3155 sine
651 3089 830 3155 rationibus
856 3089 980 3155 idoneis
995 3079 1197 3169 adserantur,

91 3196 231 3262 breviter
254 3197 378 3262 idoneis
399 3198 577 3263 rationibus
602 3199 765 3279 refellere;
789 3213 889 3282 quare
911 3218 974 3264 non
991 3198 1087 3272 debet
1098 3220 1196 3282 aegre

93 3303 178 3391 ferri,
202 3308 229 3372 si
251 3306 410 3372 interdum
434 3307 577 3389 longiore
600 3305 818 3392 disputatione
841 3327 920 3391 opus
942 3309 1010 3374 erit.

190 3417 306 3499 Itaque
328 3417 384 3480 illa
407 3416 578 3497 sententia,
601 3422 636 3482 ut
659 3414 811 3500 diximus,
836 3417 930 3484 nullis
953 3415 1079 3483 idoneis
1099 3437 1193 3500 argu-

93 3525 208 3590 mentis
239 3524 409 3608 probatnr3
449 3544 533 3607 quae
570 3525 640 3590 eius
673 3523 974 3592 a'Peichmnellero
1008 3526 1197 3594 adferuntur

94 3639 290 3716 argumenta,
326 3636 443 3718 partim
466 3635 549 3700 falsa
572 3641 656 3718 sunt,
690 3635 809 3719 partim
841 3656 905 3701 non
928 3637 1075 3719 probant,
1110 3637 1197 3720 quod

94 3749 245 3823 putantur
267 3744 422 3829 probarer
449 3744 484 3809 id
507 3744 594 3829 quod
616 3766 701 3811 nune
727 3745 791 3810 iarn
815 3747 1000 3830 singillatim
1025 3746 1195 3812 ostenden-

95 3850 167 3918 dum
192 3859 250 3919 est.
296 3855 333 3918 ln
362 3855 467 3940 priore
500 3855 597 3938 igitur
632 3854 672 3920 de
694 3854 938 3921 Anaximandro
969 3855 1195 3922 dissertatione

95 3962 265 4045 contendit,
289 3963 575 4044 Anaximandrum,
598 3967 626 4030 si
648 3965 797 4046 loquatur
819 3965 859 4031 de
881 3972 997 4030 motu
1021 3965 1195 4047 (intellege,

96 4070 122 4131 si
154 4071 263 4155 ipsum
283 4066 442 4162 Ικινήσεως
473 4073 666 4139 vocabulum
694 4072 874 4154 adhibeat),
908 4095 972 4140 non
1003 4074 1067 4141 nisi
1098 4075 1195 4139 talem

193 4305 484 4376 Dffimpssmb
