2882 4902
612 420 646 474 lt

59 591 143 658 sive
169 598 219 660 est
240 591 329 660 notio
351 591 398 659 rei
422 591 612 677 singularis,
644 612 727 675 quae
754 612 812 678 per
843 579 878 658 se
899 613 964 659 una
984 615 1023 660 ac
1045 593 1178 661 delinita
1255 601 1258 608 “

60 709 119 768 est
139 701 232 769 etde
249 723 313 768 uno
333 703 436 768 selum
457 711 553 786 atque
577 701 617 768 de
639 701 700 768 hoe
723 701 852 785 quidem
872 708 941 769 tota
961 703 1178 788 praedicatur,

60 813 145 880 sive
159 813 249 879 notio
260 812 421 896 generalis
440 812 489 879 sio
504 819 646 896 accepta,
669 820 712 896 ut,
728 812 814 896 quod
826 833 866 879 ea
880 812 1089 896 significatur,
1111 833 1180 897 per

61 923 367 1003 excellentiam,
389 923 424 989 id
447 931 504 1008 est,
527 944 591 989 non
615 924 649 988 in
672 924 798 1007 species
821 923 977 1002 divisum,
1001 922 1178 989 sedunum

62 1033 202 1117 aliquid
227 1033 375 1100 omnibus
397 1033 539 1100 numeris
562 1033 743 1099 absolutum
765 1040 928 1116 totamque
949 1033 1090 1098 notionis
1113 1033 1178 1098 vim

63 1149 176 1226 atque
199 1141 294 1226 quasi
320 1142 475 1208 ambitum
505 1142 540 1206 in
565 1161 635 1208 sese
661 1142 934 1228 comprehendens
963 1142 1177 1226 intellegatur,

64 1252 165 1336 quod
187 1258 288 1317 totum
310 1258 543 1335 nequeuntem
566 1252 676 1334 aliqua
694 1252 798 1360 solum
819 1251 1178 1337 speeieenuutiationis
1291 1287 1295 1296 ·

65 1363 224 1428 subiecto
247 1362 457 1428 contineatur.
502 1359 617 1444 Quare,
640 1361 667 1427 si
694 1361 883 1428 Aristoteles
908 1361 942 1426 in
963 1361 1056 1428 libris
1078 1362 1178 1428 Meta·

65 1472 226 1557 physicis
248 1472 304 1556 ait,
328 1470 444 1552 ,codro
460 1467 518 1555 γὰρ
542 1470 755 1556 (intellegitur
771 1465 836 1557 ζωὴ
852 1470 906 1536 καὶ
926 1467 1007 1536 αἶιδν
1028 1474 1178 1557 συνοχῆς)

66 1576 87 1645 ὁ
115 1575 202 1647 θεό
209 1584 243 1658 ς“
257 1584 290 1663 ¹),
325 1581 461 1658 indicat,
494 1601 652 1647 summum
682 1581 777 1647 deum
806 1601 903 1646 unum
924 1601 994 1648 esse
1017 1589 1179 1667 totumque

69 1694 237 1760 contineri
262 1713 300 1758 ea
326 1713 369 1770 re,
410 1712 492 1775 quae
521 1692 658 1758 subiecti
687 1692 792 1758 locum
820 1692 955 1771 obtinet3
989 1691 1018 1758 si
1041 1691 1178 1759 dixisset

67 1798 162 1879 θεὸς
188 1803 258 1869 sine
287 1802 434 1878 articulo,
467 1802 522 1868 dei
554 1803 643 1870 notio
676 1802 788 1869 haberi
821 1809 929 1888 posset
958 1823 1016 1887 pro
1049 1804 1178 1869 notione

69 1913 248 1997 communi,
270 1933 360 1996 quae·
370 1933 432 1979 uon
448 1921 516 1980 tota
527 1913 585 1979 sed
607 1913 717 1996 aliqua
733 1914 836 1979 solum
853 1921 945 1998 parte
961 1911 1179 1995 intellegenda

69 2029 172 2089 esset.
205 2023 247 2088 Et
262 2023 290 2088 si
301 2022 422 2088 ibidem
432 2020 459 2108 ²)
472 2022 560 2108 dicit,
580 2021 721 2104 ,laetum
735 2022 771 2088 δὲ
786 2018 818 2104 (ὁ
830 2015 958 2112 Sedula}
974 2019 1178 2105 ε’νὲργειο“,

71 2130 221 2218 ἐνέργεια
242 2129 441 2214 intellegitur
462 2131 610 2199 omnibus
632 2130 775 2198 numeris
798 2131 946 2200 absoluta
966 2152 1094 2215 unaque
1114 2151 1177 2197 om·

70 2264 151 2310 nem
170 2243 313 2310 notionis
338 2248 529 2332 potestatem
558 2244 592 2309 in
616 2263 650 2311 se
677 2243 830 2311 cohibens
861 2243 930 2310 sive
960 2239 1101 2326 ἐνέργεια
1121 2261 1180 2326 per

73 2352 320 2430 excellentiam,
349 2372 433 2436 quae
461 2358 529 2417 tota
556 2371 662 2434 neque
683 2357 789 2418 autem
809 2352 912 2418 solum
944 2351 1055 2434 aliqua
1086 2357 1180 2433 parte

75 2461 140 2528 deo
176 2461 390 2539 contineatur;
426 2462 454 2528 si
487 2460 638 2541 dixisset,
679 2458 821 2540 ,dacium
848 2458 884 2525 δὲ
916 2457 1073 2544 &cinyram
1109 2459 1179 2525 sine

72 2571 225 2652 articulo,
252 2571 399 2657 intellegi
421 2578 539 2656 posset,
565 2590 629 2636 non
651 2571 757 2654 ipsam
779 2567 939 2654 ἐνέργειαν
959 2577 1060 2637 totam
1082 2576 1178 2652 atque

73 2681 109 2746 in
132 2700 207 2747 sese
229 2681 416 2765 perfectam,
437 2679 496 2746 sed
512 2681 616 2746 solum
638 2681 781 2763 aliquam
802 2681 872 2748 eius
891 2680 1033 2765 speciem
1054 2679 1095 2744 de
1118 2677 1178 2744 deo

72 2789 269 2874 praedicari.
313 2791 352 2855 In
374 2790 558 2856 universum
585 2797 691 2856 autem
713 2797 782 2857 totu
810 2811 926 2857 caussa
945 2809 1009 2857 uno
1032 2788 1179 2870 exemplo

73 2897 274 2982 illustratur,
303 2899 332 2964 si
359 2898 631 2981 consideraveris,
654 2918 739 2982 quae
765 2899 809 2964 sit
831 2898 1060 2964 sententiarum
1088 2895 1179 2962 diffe-
1221 2913 1223 2920 ‘

74 3008 192 3088 rentia,
216 3011 245 3075 si
274 3009 374 3087 dicas,
407 3003 446 3097 ,ri
468 3002 654 3094 δικαιοσύνη
682 3007 769 3075 ἐστὶν
790 2998 921 3096 ἄραδ’,
956 3015 988 3074 et
1019 3007 1047 3074 si
1077 3006 1177 3088 dicas,

78 3108 116 3202 ,vj
145 3108 334 3201 δικαιοσύνη
370 3113 459 3182 ἐστὶν
489 3111 509 3202 ἡ
549 3111 666 3202 δρετδ“
679 3119 715 3199 ³).
770 3117 864 3196 Quod
900 3116 929 3183 si
962 3116 1005 3182 ad
1037 3122 1179 3182 nostrum

176 3353 205 3424 1)
223 3351 347 3423 Metaph.
366 3353 428 3424 x11,
447 3357 472 3410 7.
493 3353 588 3410 1072b
608 3355 652 3410 30.

174 3450 204 3520 a)
224 3451 321 3504 1072n
342 3452 385 3506 οι.

175 3549 205 3616 3)
224 3547 334 3615 Quanto
353 3564 438 3617 opere
455 3547 485 3601 hi
505 3547 561 3603 duo
580 3547 712 3616 loquendi
732 3547 808 3602 modi
825 3547 899 3602 inter
912 3564 941 3602 se
960 3547 1098 3612 differant,
1117 3547 1180 3602 Ari·

76 3646 194 3700 stoteles
214 3643 295 3698 Anal.
315 3662 356 3715 pr.
375 3645 396 3712 I,
416 3648 459 3700 lo.
472 3619 535 3700 Ν491)
556 3648 590 3700 10
616 3646 740 3700 breviter
763 3645 962 3700 animadvertit
979 3645 1055 3700 hisee
1073 3645 1179 3699 vorbis:

78 3782 105 3810 „.
128 3784 135 3797 .
155 3738 189 3795 οὐ
207 3736 307 3796 ταύτόν
325 3742 382 3795 ἔστι
401 3739 431 3796 τὸ
451 3742 520 3797 εἶναι
538 3739 588 3810 τὴν
614 3739 717 3808 ἡδονὴν
747 3739 882 3811 ἀγαθὸν
911 3746 957 3795 καὶ
982 3741 1012 3796 τὸ
1037 3742 1103 3796 εἶναι
1132 3738 1181 3808 τὴν

75 3835 180 3908 ἡδονὴν
198 3836 228 3892 ιδ
243 3832 399 3909 ἀγαθόν“.
422 3838 502 3907 Quod
521 3840 678 3909 exemplum
691 3855 752 3895 cum
765 3841 854 3893 instar
871 3838 995 3894 omnium
1008 3857 1066 3894 esso
1084 3840 1180 3908 possit,

78 3953 170 4007 pauca
189 3940 299 3991 tantum
324 3936 404 3992 addo.
422 3937 492 3992 Plat.
513 3937 605 4008 Symp.
623 3939 676 3992 205
700 3938 736 3992 D:
756 3978 780 4006 „.
795 3978 823 3992 ..
842 3935 858 4004 ἡ
878 3938 933 3991 τῶν
950 3932 1066 4007 ἀγαθῶν
1086 3938 1181 3991 ἐπιθυ-

76 4041 129 4108 μία
144 4035 250 4088 καὶτοῦ
264 4030 439 4107 εὐδαιμονεῖν
458 4033 474 4088 ὁ
492 4031 656 4108 μέγιστός
674 4054 705 4090 τε
725 4040 777 4089 καὶ
796 4032 934 4106 δολερὸς
953 4035 1035 4105 ἔρως
1053 4037 1180 4091 παντί“.

76 4132 163 4201 Gorg.
184 4132 236 4184 491
257 4129 296 4185 E:
324 4131 411 4200 ,,τοῦι’
440 4131 498 4186 ἐστὶ
524 4129 560 4185 τὸ
588 4129 668 4186 κατὰ
687 4127 793 4204 φύσιν
814 4127 916 4187 καλὸν
936 4135 991 4187 καὶ
1010 4131 1181 4198 δίκαιονῆ·

76 4232 105 4282 et
125 4227 220 4297 paullo
241 4231 319 4282 anto:
345 4208 424 4296 „roda
443 4225 565 4295 ἠλιθίους
582 4231 668 4299 λέγεις
685 4226 764 4289 τοὺς
782 4223 988 4302 σώφροναδῆ
1015 4227 1104 4284 Ofiad
1122 4229 1180 4284 h.l.

77 4323 242 4391 scatianum,
262 4327 291 4380 et
311 4330 456 4395 praeterea
473 4325 596 4383 Mathiae
617 4327 664 4382 Gr.
683 4345 725 4398 gr.
746 4327 829 4396 ampl.
848 4327 864 4395 θ
882 4327 935 4381 265
953 4328 1011 4381 not.
