2862 4910
609 401 662 456 alt

74 577 323 642 secretionibus
354 579 514 661 suppleri;
552 576 587 642 id
620 576 706 660 qnod
735 579 780 642 sio
812 575 940 642 videtur
966 577 1186 643 demonstrari.

72 685 274 770 Simplicius
289 686 567 752 Anaximandrum
580 689 678 752 refert
690 685 885 771 principium
901 686 1021 752 idcirco
1036 688 1184 770 posuisse

72 795 253 877 infinitum,
271 794 327 860 ‘ut
339 802 449 880 posset
461 796 907 879 rerumgenerationibus
928 786 1137 879 sufficere'1),
1152 803 1185 861 et

70 903 428 987 Pseudo-Plutarchus,
449 906 556 970 verbis
571 911 664 970 utens
687 903 797 988 paullo
813 903 960 979 diversis,
983 905 1111 987 idcireo,
1131 905 1184 971 ‘ne

71 1033 224 1096 unquam
247 1034 366 1095 earum,
395 1035 478 1096 qnae
504 1035 589 1079 nuno
612 1020 730 1096 essent,
760 1015 869 1079 ‘rerum
891 1014 1057 1095 generatio
1080 1013 1113 1100 (r)
1134 1018 1185 1098 γέ-

69 1143 169 1197 νεσις
191 1121 209 1206 ἡ
230 1120 444 1205 tornantem)
468 1111 681 1203 defioerot'2).
726 1122 871 1187 Eandem
901 1125 1092 1189 sententiam
1114 1124 1184 1188 Ari-

72 1232 215 1296 stoteles
239 1233 272 1296 in
295 1231 456 1316 Physicis,
481 1252 520 1297 eo
543 1234 623 1313 loco,
650 1251 722 1314 quo,
746 1233 787 1298 ob
807 1251 888 1313 quas
911 1233 1052 1297 rationes
1075 1234 1184 1299 ereda-

70 1347 130 1405 tur
147 1359 220 1406 esse
233 1340 359 1422 aliquid
374 1341 542 1423 infinitum,
559 1341 701 1424 exponit,
715 1342 813 1405 multo
826 1343 1005 1406 accuratius
1021 1342 1183 1425 exprimit,

71 1449 204 1522 dicens,
227 1469 323 1515 unam
347 1451 505 1516 rationem
537 1449 578 1515 ob
606 1470 702 1533 quam
726 1450 873 1515 credatur
896 1469 967 1516 esse
989 1451 1114 1534 aliquid
1138 1453 1183 1516 in·

72 1557 217 1635 finitum,
242 1579 312 1623 eam
336 1579 417 1641 esse,
441 1558 527 1642 qnod
550 1561 596 1624 ita
618 1561 721 1626 solum
744 1580 850 1626 rerum
872 1562 1037 1641 generatio
1059 1567 1091 1626 et
1113 1582 1184 1628 oor-
1288 1552 1302 1579 ⁰

71 1669 185 1751 ruptio
208 1687 368 1751 nunquam
403 1669 569 1734 defectura
602 1670 654 1750 sit,
691 1671 719 1734 si
752 1669 911 1734 infinitum
948 1670 990 1734 sit
1013 1670 1056 1751 id,
1091 1671 1183 1752 unde,

72 1795 163 1858 quae
186 1776 274 1854 fiant,
298 1779 529 1858 avellantur³);
562 1799 625 1861 qno
648 1781 719 1844 loco
745 1778 979 1844 Anaximandri
1002 1781 1183 1862 opinionem

74 1886 238 1969 intellegi,
272 1907 312 1952 ex
343 1889 411 1953 eius
435 1909 505 1952 oum
540 1889 605 1953 illis
630 1887 790 1972 Simplicii
824 1896 856 1953 et
876 1889 1185 1954 Pseudo-Plutarchi

73 1994 162 2060 loeis
186 1997 399 2062 consensione
421 2004 567 2083 apparet.
612 1999 670 2063 His
693 1998 794 2082 igitur
815 1998 918 2064 tribus
941 1998 1021 2064 locis
1041 2019 1104 2063 non
1129 2001 1183 2083 agi

75 2104 119 2169 de
145 2111 218 2169 ortu
241 2113 272 2169 et
295 2105 425 2170 interitu
447 2107 638 2174 mundorum
666 2108 820 2192 deinceps
850 2108 909 2173 sibi
933 2108 1182 2192 succedentium,

73 2213 137 2279 sed
173 2213 215 2278 de
249 2219 320 2279 ortu
353 2221 385 2281 et
418 2217 547 2281 interitu
570 2237 706 2299 rerum,
729 2236 827 2300 quae
848 2218 899 2282 ·in
922 2218 1061 2283 mundo
1084 2239 1182 2284 nuno

75 2313 323 2388 consistenti
346 2331 559 2408 cernantur,
591 2326 665 2392 inde
688 2327 903 2410 cognoscitur,
935 2328 1020 2409 quod
1041 2327 1182 2393 Pseudo·

73 2431 271 2498 Plutarchus
294 2432 337 2497 ad
359 2453 470 2500 vocem
491 2426 647 2516 ‘ye'veotr'
674 2435 808 2518 adponit
832 2428 913 2520 ‘apr
936 2425 1180 2519 ὑφισταμένην’,

73 2563 91 2606 e
117 2561 184 2623 qna
207 2541 410 2625 adpositione
432 2550 530 2627 patet,
554 2565 624 2611 eam
648 2546 792 2629 intellegi
808 2565 913 2610 rerum
930 2547 1181 2629 generationem,

74 2671 179 2733 quae
207 2671 304 2716 nuno
331 2650 370 2714 in
398 2653 536 2720 mundo
564 2660 758 2720 cernatur.
801 2655 868 2719 Iam
901 2675 978 2720 vero
1012 2657 1039 2720 si
1060 2656 1181 2719 Anaxi·

73 2760 215 2825 mander
237 2762 373 2844 putavit,
396 2764 588 2848 principium
613 2763 731 2842 ideirco
755 2771 902 2847 oportere
918 2764 1077 2828 infinitum
1101 2785 1183 2846 esse,

74 2891 115 2935 ne
140 2889 192 2946 ea,
216 2889 300 2950 quae
330 2890 413 2936 nune
444 2873 617 2939 inmundo
640 2880 735 2956 esset,
767 2894 871 2939 rerum
906 2874 1073 2956 generatio
1106 2872 1182 2938 defi-

73 2983 177 3052 ceret,
201 2978 355 3061 sequitur,
382 2987 416 3046 nt
444 3001 572 3066 semper
605 2983 731 3065 aliquas
764 2981 874 3047 mnndi
904 2987 1013 3065 partes
1041 2984 1074 3047 in
1097 2984 1183 3066 prin-

73 3089 197 3170 oipium
219 3087 338 3152 resolvi
362 3105 552 3170 semperque
581 3088 673 3152 novis
702 3107 743 3151 ex
767 3085 922 3171 principio
952 3087 1183 3153 secretionibus

74 3196 222 3280 suppleri
245 3195 421 3277 putaverit3
458 3195 492 3260 id
524 3196 611 3278 quod
634 3214 675 3260 ex
708 3197 758 3277 iis,
792 3215 875 3278 quae
907 3198 1054 3278 sequenti
1077 3197 1183 3280 capite

74 3305 342 3386 disputabuntur,
364 3304 469 3387 magis
495 3303 594 3368 etiam
620 3304 794 3370 illucescet.

189 3535 216 3603 l)
235 3534 358 3604 Simplio.
379 3536 451 3589 Coel.
471 3537 543 3590 237⁸
561 3535 604 3602 38,
626 3536 753 3601 ceratem
775 3535 831 3589 vid.
851 3536 943 3590 locum
962 3554 1045 3604 supra
1066 3554 1093 3604 p.
1103 3537 1146 3589 23.
1161 3539 1183 3589 l.

182 3632 209 3702 2)
229 3632 302 3686 Plut.
323 3632 397 3686 Plau.
416 3633 438 3700 I,
458 3636 489 3700 33
513 3633 569 3686 vid.
594 3633 687 3686 locum
712 3649 797 3701 supra
815 3649 842 3701 p.
861 3632 905 3699 22,
928 3633 956 3686 l:
984 3629 1012 3698 ‘ri
1034 3637 1142 3700 γένεσις
1164 3629 1179 3698 ἡ

73 3725 267 3799 ὑφισταμένη’
289 3731 330 3781 est
359 3727 411 3795 ‘ea,
432 3745 517 3796 quae
536 3745 623 3782 nunc
643 3732 693 3781 est
712 3727 765 3781 vel
784 3744 868 3794 quae
892 3744 981 3781 nunc
1006 3728 1181 3796 consistit,

74 3841 174 3878 rerum
191 3825 367 3894 generatio’3
395 3824 501 3893 hocque
527 3825 601 3878 idem
624 3824 699 3878 valet
721 3828 805 3892 atque
830 3824 950 3893 ‘eorum,
979 3842 1062 3893 quae
1091 3843 1183 3879 nuno

75 3926 168 3982 sunt,
189 3920 234 3974 vel
253 3936 340 3988 quae
360 3922 498 3974 nuncin
521 3920 645 3974 mundo
666 3925 868 3987 cernuntur,
894 3938 986 3973 rerum
1011 3922 1180 3990 generatio’.

74 4016 187 4072 Eadem
207 4017 345 4070 sententia
364 4017 463 4070 iisdem
482 4017 540 4071 fere
558 4017 653 4071 verbis
671 4017 777 4087 legitur
796 4015 871 4085 apud
892 4015 970 4070 Stob.
990 4017 1069 4086 1‚10,
1088 4037 1114 4087 p.
1128 4019 1180 4071 292

77 4118 107 4167 et
127 4112 205 4181 apud
221 4112 323 4166 Euseb.
344 4112 442 4182 Praep.
456 4113 508 4167 Ev.
530 4113 604 4175 XIV,
628 4116 669 4176 14,
690 4116 714 4168 2.

184 4208 217 4276 3)
236 4209 355 4263 Aristot.
374 4209 456 4278 Phys.
478 4209 526 4279 llI,
545 4213 570 4263 4.
590 4210 721 4278 scabre,
740 4211 802 4264 coll.
821 4211 847 4264 8.
866 4211 937 4264 208³
951 4213 975 4265 8.
1001 4210 1072 4264 Vide
1091 4210 1183 4264 locum

77 4322 165 4374 supra
183 4322 211 4372 p.
230 4304 274 4370 23,
294 4306 320 4358 2.
