2862 4910
619 385 672 442 289

72 580 153 628 esse
180 561 344 645 putaverit
366 568 487 628 motum
510 563 598 627 illurn
622 561 761 644 primum
785 559 849 646 ipsi
871 561 1030 646 prinoipio
1049 561 1192 645 insitum,

72 669 246 752 siquidem
267 669 337 734 fieri
359 676 475 752 potest,
499 677 534 736 ιιι
556 670 647 734 111ιιιιι
669 691 690 734 ιι
712 675 799 734 ιιιοιιι
822 671 930 756 priore
953 652 1149 754 repetiverit,

185 777 250 846 Sed
273 778 464 844 mirabiliter
488 799 566 846 sane
589 778 713 844 fallitur
745 781 778 844 in
809 780 1004 864 explicando
1038 786 1070 847 et
1100 780 1191 846 adhi-

73 887 193 954 bendo
216 889 282 953 alio
304 889 490 954 Aristotelis
512 891 592 972 looo,
628 909 723 972 quem
754 891 786 955 in
807 891 909 956 altera
931 889 972 956 de
997 889 1192 956 Anaximan-

74 998 139 1062 dro
166 997 394 1066 dissertatione
417 998 562 1080 adfert¹).
608 999 666 1066 Est
688 998 742 1064 hio
771 1000 860 1066 loeus
883 999 916 1065 in
939 1000 995 1065 lib.
1030 1000 1117 1067 tertii
1151 999 1193 1066 de

77 1105 185 1174 Coelo
207 1129 277 1192 oap.
301 1110 423 1192 quinto,
446 1130 511 1193 qno
534 1111 733 1184 Aristoteles,
755 1116 926 1194 postquam
951 1129 1006 1176 eos
1029 1110 1191 1195 physioos,

76 1217 138 1298 qui
164 1237 279 1283 unum
300 1220 531 1284 elementum
554 1224 733 1284 statuerent
763 1220 902 1285 omnium
935 1239 1040 1286 rerum
1073 1219 1192 1304 prinoi-

78 1327 176 1409 pium
200 1346 273 1392 esse
295 1327 467 1408 (intellegit
488 1332 605 1409 antem,
639 1332 674 1391 ut
696 1346 714 1391 e
737 1326 855 1411 eapitis
879 1328 973 1395 initio
995 1333 1093 1412 patet,
1125 1349 1190 1404 eos,

77 1436 137 1517 qui
162 1456 276 1502 unam
300 1441 476 1501 naturam
507 1435 774 1517 qualitatibus
798 1436 881 1501 suis
902 1435 1118 1520 definitam,
1146 1444 1192 1503 at-

78 1565 145 1628 que
171 1544 304 1627 quidem
327 1551 382 1610 aut
404 1564 502 1610 unum
528 1563 546 1608 e
568 1549 720 1627 quattuor
746 1545 811 1609 illis
834 1545 1001 1610 elementis
1025 1551 1081 1610 aut
1102 1552 1192 1612 natu-

78 1676 151 1720 ram
179 1657 262 1722 inter
289 1653 354 1721 duo
381 1655 543 1720 elementa
572 1654 712 1720 mediam
733 1654 925 1738 prinoipinm
948 1655 1092 1738 ponant),
1124 1658 1192 1740 plu-

79 1765 178 1832 ribus
200 1766 380 1832 rationibus
404 1765 566 1849 refutavit,
588 1765 623 1830 in
637 1763 870 1848 disputationis
892 1764 955 1830 fine
971 1765 1031 1832 hoo
1046 1765 1140 1832 addit
1148 1767 1190 1849 2ιε

83 1892 276 1951 ,commune
307 1881 414 1942 autern
437 1876 589 1959 omnium,
624 1878 678 1959 qni
708 1897 818 1942 unum
838 1878 1074 1943 elementum
1107 1877 1191 1959 prin-

81 1984 208 2066 oipium
233 1992 367 2068 ponunt,
390 1986 504 2050 vitium
534 1984 569 2050 id
596 1991 654 2063 est,
682 1984 768 2067 quod
798 2006 910 2051 unum
933 1986 1054 2052 solum
1077 1990 1192 2068 atque

82 2093 253 2158 omniurn
277 2093 432 2176 quidem
447 2115 573 2161 rerum
590 2095 756 2161 eundem
774 2096 994 2161 naturalem
1014 2100 1193 2160 statuunt

83 2204 255 2268 motum.“
300 2202 352 2268 Ad
374 2203 459 2270 hune
484 2205 583 2288 igitur
613 2207 729 2288 looum,
761 2225 823 2287 quo
857 2204 928 2270 sine
951 2203 1051 2270 dubio
1075 2204 1191 2270 Anaxi-

83 2311 222 2378 mander
244 2311 341 2379 etiam
372 2312 587 2398 intellegatur,
620 2313 897 2380 Teiohmuelleros
920 2313 1061 2379 adsumit
1087 2313 1191 2378 looum

84 2423 234 2505 proxime
257 2422 434 2506 laudatum,
455 2443 519 2506 quo
542 2425 682 2509 physici,
717 2427 772 2508 qui
793 2424 947 2490 mundum
970 2423 1114 2505 gignant,
1144 2423 1192 2486 uti

83 2529 238 2596 dicuntur
265 2529 397 2611 vortioe,
427 2537 458 2595 et
480 2529 541 2596 hoe
568 2530 635 2596 fere
658 2529 753 2595 modo
783 2529 960 2596 oooolodit:
990 2523 1190 2594 ‘Aristotele

84 2645 170 2706 teste
194 2640 439 2706 Anaximander
464 2661 562 2706 unum
585 2641 687 2706 solum
710 2639 802 2722 ponit
824 2645 959 2720 motum;
983 2638 1095 2705 eodem
1108 2645 1191 2704 teste

86 2749 119 2814 in
153 2749 277 2814 mundo
311 2745 496 2830 generando
529 2746 629 2812 utitur
663 2747 786 2812 vortioe
808 2747 878 2812 sive
908 2752 995 2810 motu
1024 2745 1190 2825 oiroulari3

85 2877 163 2944 ergo
187 2861 260 2942 ipso
285 2858 457 2922 Aristotele
480 2861 562 2922 teste
582 2857 637 2921 hio
659 2850 764 2922 motus
780 2855 947 2921 oireularis
969 2861 1019 2920 est
1037 2855 1092 2920 ille
1109 2874 1191 2920 unus

86 2975 202 3044 motus,
227 2968 283 3050 qni
305 2968 346 3032 ab
361 2966 605 3032 Anaximandro
627 2967 706 3050 poni
729 2966 863 3047 dioitur;
889 2964 1005 3047 quodsi
1018 2971 1125 3030 autern
1141 2963 1193 3028 hio

88 3084 135 3142 est
170 3097 253 3142 unus
277 3083 392 3159 motus,
427 3077 481 3160 qui
513 3078 555 3142 ab
580 3074 813 3142 Anaxinandro
843 3074 983 3158 ponitur,
1013 3077 1109 3139 etiam
1139 3074 1192 3139 ille

87 3193 192 3252 rnotus
214 3193 364 3252 aeternus
387 3186 450 3270 ipsi
471 3185 633 3270 prinoipio
662 3187 778 3251 insitus
800 3206 865 3251 non
886 3185 970 3250 alius
992 3203 1064 3250 esse
1087 3189 1193 3268 potest

88 3295 151 3361 nisi
174 3295 228 3362 hie
251 3296 321 3379 ipse
354 3304 459 3360 motus
483 3297 675 3361 oiroularis'.
720 3295 838 3362 Verum
871 3294 953 3361 haee
985 3291 1191 3358 ratiooinatio

89 3404 219 3470 omnino
241 3404 326 3470 falsa
348 3411 406 3469 est.
451 3404 599 3486 Namque
624 3403 812 3470 Aristoteles
838 3403 893 3469 illo
923 3404 993 3468 loeo
1016 3422 1080 3468 non
1103 3401 1191 3479 dioit,

89 3531 151 3590 eos,
181 3515 236 3596 qui
263 3533 360 3578 onom
391 3513 495 3580 solum
525 3515 727 3596 elementum,
761 3511 878 3594 idest,
912 3531 1008 3578 unam
1042 3517 1189 3578 naturam

89 3622 222 3704 propria
243 3640 303 3686 sua
325 3621 481 3703 qualitate
505 3626 657 3699 utentem,
689 3619 831 3685 omnium
859 3640 963 3685 rorum
996 3621 1191 3706 principium

92 3737 223 3811 ponant,
247 3732 360 3815 ipsos
383 3736 529 3814 putare,
552 3750 649 3796 unum
673 3732 774 3795 solum
798 3728 1000 3812 eundemque
1016 3733 1193 3796 naturalem

191 4011 217 4077 1)
237 4007 449 4077 Teiohmueller,
468 4008 586 4064 Studien
604 4013 656 4064 ete.
675 4027 702 4078 p.
724 4010 785 4076 575,
807 4011 819 4060 1
841 4012 870 4062 et
888 4008 913 4062 2.

187 4106 214 4168 2)
233 4104 350 4160 aristot.
370 4104 442 4160 Coel.
460 4106 511 4173 III,
525 4107 549 4160 5.
571 4105 707 4160 3041111:
741 4103 849 4170 ι,κοινὸν
872 4105 904 4156 tl
929 4105 1017 4159 πᾶσιν
1040 4100 1192 4176 ἁμάριημα

91 4206 141 4259 mir
159 4200 192 4256 ἓν
209 4198 240 4254 τὸ
261 4207 398 4272 στοιχεῖον
417 4197 603 4272 ὑποθεμένοις
625 4201 661 4254 τὸ
686 4206 772 4272 μίαν
795 4196 908 4270 μόνον
926 4206 1062 4267 κίνησιν
1080 4207 1194 4256 ποιεῖν

92 4294 237 4364 φυσικὴν
256 4301 309 4350 καὶ
329 4294 467 4352 πάντων
485 4296 544 4364 τὴν
562 4292 694 4364 αὖτήν.“

960 4395 992 4446 19
