2850 4904
651 371 700 426 171

103 542 275 618 liniantur,
300 563 348 621 eo,
379 544 466 627 quod
489 546 523 612 id
545 547 633 629 quod
655 556 705 611 est
730 567 852 623 unum,
874 553 907 612 et
929 546 1016 629 quod
1038 546 1098 612 hoc
1120 566 1218 611 unum

102 672 226 717 unum
262 673 421 738 eorpus,
457 662 490 720 et
517 653 604 738 quod
635 656 695 722 hoe
716 676 813 722 unum
836 676 952 740 corpus
972 663 1037 723 aut
1058 676 1178 722 unum
1200 676 1218 721 e

104 762 238 828 tribus
261 764 468 830 elementia
497 774 563 831 aut
593 773 771 832 naturam
794 765 992 850 quandam
1014 767 1120 832 inter
1143 764 1218 831 duo

104 871 314 938 elementa
344 873 510 941 mediam
534 895 623 942 esse
656 877 792 959 velint,
816 896 864 957 ea,
890 895 973 958 quae
993 877 1086 942 altori
1109 874 1219 959 physi-

103 1000 221 1058 corum
246 980 333 1063 parti
370 988 476 1048 mente
506 980 659 1048 addenda
689 990 746 1065 est,
769 983 957 1050 differentia
978 982 1021 1048 ad
1044 982 1219 1064 quamlibet

106 1089 245 1156 illarum
260 1090 425 1158 notionum
441 1093 556 1158 referri
573 1099 686 1177 potest,
708 1099 741 1158 et
763 1092 884 1159 idcireo
899 1095 1037 1176 primum
1058 1101 1165 1178 potest
1187 1096 1219 1159 in

105 1200 268 1282 adponi,
298 1199 385 1282 quod
408 1197 441 1262 hi
465 1197 592 1282 physici
619 1198 655 1263 id
677 1200 764 1281 qnod
794 1207 843 1266 est
870 1219 985 1284 eorpus
1008 1200 1137 1283 quidem
1160 1222 1219 1268 nec

105 1329 189 1374 vero
213 1329 313 1374 unum
336 1308 394 1375 sed
416 1310 509 1392 plura
523 1310 556 1389 ¹),
579 1309 699 1375 deinde
722 1310 755 1374 in
778 1329 828 1394 eo,
851 1308 937 1392 quod
956 1327 1054 1376 unum
1076 1310 1218 1394 quidem,

106 1438 264 1484 necuere
281 1438 414 1503 corpus,v
430 1438 535 1501 neque
558 1439 654 1486 unum
673 1439 714 1484 ex
734 1421 899 1486 elementis
921 1439 1027 1503 neque
1050 1419 1133 1488 inter
1155 1420 1219 1486 dno

105 1528 277 1594 elementa
289 1527 432 1595 medium
446 1531 594 1613 (corpore
616 1531 701 1594 enim
723 1536 840 1614 negato
861 1530 957 1595 simul
978 1537 1136 1613 negantur
1152 1533 1219 1598 eius

105 1637 271 1721 species),
303 1638 360 1704 sed
387 1639 512 1721 aliquid
540 1640 763 1723 incorporeum
784 1632 971 1720 (ἀσώματόν
993 1645 1048 1720 τι),
1079 1640 1218 1724 denique

106 1747 142 1810 in
167 1767 219 1821 eo,
244 1747 331 1828 quod
353 1757 385 1814 et
399 1767 504 1814 ¹unum
527 1755 559 1816 et
580 1769 696 1833 eorpus
717 1749 857 1832 quidem,
880 1769 939 1816 nee
953 1770 1029 1816 veru
1045 1757 1101 1817 aut
1121 1770 1219 1816 unum

105 1875 149 1920 ex
175 1856 347 1922 elementis
370 1864 427 1924 aut
449 1858 618 1924 interduo
644 1860 804 1924 elementa
828 1859 978 1941 medium,
1011 1858 1070 1926 sed
1103 1879 1218 1942 corpus

106 1964 250 2047 aliquod
272 1967 313 2032 ab
336 1966 426 2032 hisee
448 1966 612 2034 diversum
634 1988 705 2034 esec
728 1969 841 2046 velint3
865 1969 1011 2052 protinus
1033 1974 1140 2036 autem
1161 1988 1218 2051 ap·

107 2080 216 2158 paret,
248 2093 505 2158 unamquamque
531 2074 642 2140 harum
671 2075 924 2142 differentiarum
949 2077 995 2141 illi
1018 2077 1118 2159 priori
1142 2097 1218 2141 con-

106 2186 248 2250 trariam
270 2186 387 2261 esaei).
433 2183 606 2264 Quaeritur
634 2186 740 2268 igitur,
772 2206 869 2268 qnam
892 2206 1002 2252 earum
1027 2187 1218 2252 Aristoteles

107 2295 140 2357 in
164 2294 272 2358 altera
293 2292 498 2378 physicorum
520 2300 612 2378 parte
633 2294 777 2376 intellegi
799 2295 944 2361 voluerit.

114 2485 320 2494 ——.—--

221 2615 245 2684 l)
264 2615 403 2682 Quoniam
431 2614 500 2669 haec
524 2615 617 2683 prima
636 2614 796 2670 differentia
826 2614 855 2668 in
883 2631 915 2668 eo
945 2614 1034 2668 solum
1056 2614 1150 2682 posita
1170 2617 1221 2680 est,

109 2713 190 2784 quod
211 2713 241 2766 id
261 2712 337 2780 quod
356 2716 397 2765 est
417 2715 565 2782 negatur
592 2728 694 2764 unum
717 2729 800 2778 csse,
828 2711 942 2780 proprie
971 2711 1011 2764 sic
1037 2709 1221 2780 significanda

109 2815 193 2874 esset,
214 2815 247 2863 ut
266 2810 295 2863 hi
315 2808 397 2862 alteri
417 2807 524 2876 physici
544 2807 704 2862 dicerentur
723 2807 752 2860 id
776 2807 851 2875 quod
870 2812 912 2861 est
932 2823 1055 2875 corpus
1075 2806 1220 2874 quidem,

109 2909 222 2976 idque
241 2903 568 2959 autunumetribus
585 2903 767 2957 elementis
781 2907 841 2957 aut
858 2902 1030 2957 interduo
1050 2901 1221 2956 elementa

110 3004 271 3068 medium,
290 3020 342 3056 nec
359 3019 425 3054 vero
440 3019 525 3054 riuum
538 2999 586 3054 sed
602 3001 683 3069 plura
696 3017 812 3069 ponere;
832 3001 879 3054 sed
896 3001 918 3053 ei
932 2997 1071 3069 fingimus,
1091 2999 1140 3052 hos
1153 2998 1220 3067 phy·

110 3101 184 3154 sices
204 3099 235 3152 id
256 3098 331 3167 quod
356 3101 398 3152 est
417 3115 516 3167 corpus
536 3098 647 3166 quidem
677 3097 730 3152 hoc
749 3102 841 3151 eutem
871 3115 927 3150 non
952 3113 1039 3149 unum
1067 3097 1114 3150 sed
1137 3096 1221 3164 plura
1309 3127 1312 3134 =

110 3213 228 3266 ponere,
256 3195 304 3250 vix
323 3194 444 3265 cogitari
462 3198 564 3263 polest,
582 3194 652 3248 haec
671 3195 754 3263 plura
773 3210 891 3263 corpora
910 3193 1004 3248 omnia
1028 3192 1110 3246 unius
1129 3192 1220 3246 euius·

111 3294 178 3348 dam
200 3292 332 3348 elementi
351 3296 401 3348 eut
419 3291 501 3346 unius
514 3292 656 3348 cuiusdam
670 3295 788 3346 naturae
802 3290 910 3345 mediae
922 3289 1089 3359 qualitatem
1108 3290 1220 3345 habere.

216 3408 246 3476 2)
264 3407 333 3462 Cum
360 3407 469 3480 priqres
487 3389 608 3476 physicip
627 3405 764 3474 siquidem
788 3404 874 3460 verbs
898 3403 941 3458 ’ἓν
968 3398 1221 3469 acceieraverunt)

113 3504 306 3560 differentium
330 3503 500 3576 significant,
524 3503 560 3558 ab
581 3502 734 3556 Aristotele
753 3501 793 3556 sio
811 3500 994 3556 definiantur:
1025 3503 1069 3570 „ol
1089 3497 1220 3571 μὲνγὰρ

111 3601 143 3656 ἓν
162 3594 327 3665 ποιήσαντες
354 3597 385 3654 τὸ
413 3594 446 3653 ὃν
462 3601 544 3670 σῶμα
574 3597 603 3653 τὸ
623 3596 809 3670 ὑποκείμενον
837 3591 851 3664 ἢ
877 3598 931 3651 τῶν
951 3598 1032 3665 τριῶν
1050 3616 1074 3649 τι
1093 3589 1108 3663 ἢ
1127 3591 1219 3665 illast

112 3699 202 3751 trium
231 3696 341 3751 illarum
370 3695 593 3751 differentiarum
620 3702 723 3752 natura
750 3696 892 3750 contraria
919 3694 1025 3764 optime
1052 3697 1178 3762 apparet,
1198 3694 1221 3746 si

113 3813 160 3850 eas
182 3793 295 3848 Graecus
323 3793 416 3848 verbis
444 3793 502 3847 illis
520 3793 684 3848 Aristotelis
711 3793 803 3848 verbis
831 3793 1005 3862 opponimus.
1043 3792 1141 3860 Itaque
1165 3792 1221 3860 pri-

112 3890 211 3944 oribus
230 3890 350 3958 physicis
370 3889 453 3944 alteri
472 3874 524 3943 hac
543 3889 651 3958 triplici
670 3890 779 3946 ratione
798 3889 902 3959 opponi
920 3893 1052 3959 possunt:

218 3986 242 4040 l.
262 3989 307 4055 „ol
331 3987 361 4040 di
386 3981 549 4052 ποιήσαντες
568 3984 598 4041 τὸ
618 3981 652 4042 ὃν
671 3989 753 4058 σῶμα
771 3987 826 4059 μὲν
850 3985 880 4042 τὸ
904 3985 1095 4057 ὑποκείμενον,
1119 3982 1163 4056 μή
1186 3985 1222 4040 ἓν

115 4083 151 4136 σὲ
169 4079 250 4134 ἀλλὰ
270 4078 404 4137 παλλά.“

218 4181 243 4235 2.
264 4183 307 4249 „ol
325 4181 357 4236 di
376 4181 407 4236 ἓν
429 4183 485 4252 μὲν
502 4180 665 4250 ποιήσαντες
688 4178 719 4236 τὸ
738 4175 779 4250 ὅν,
802 4179 843 4253 μή
867 4184 948 4254 σῶμα
973 4183 1014 4250 δέ,
1040 4181 1115 4252 μηδὲ
1137 4177 1173 4234 ’ἓν
1197 4199 1219 4232 τι

115 4280 171 4333 τῶν
188 4277 273 4350 τριῶν
289 4276 363 4348 μηδὲ
383 4268 457 4343 ἄλλο,
476 4272 533 4330 ‹lta’
552 4269 735 4348 ἀσώματόν
753 4277 804 4330 τι.“
