2860 4906
645 381 697 436 245

111 553 222 618 nostri
244 551 357 618 mundi
378 551 503 635 origine
526 552 574 617 sio
599 553 748 618 refertur:
774 549 888 630 „Circa
913 549 1008 616 huius
1029 552 1141 619 mundi
1164 553 1226 618 ori-

113 664 230 746 ginem
266 682 306 727 ex
329 668 459 727 aeterno
490 659 652 745 prineipio
678 668 837 727 secretum
869 681 942 727 esse
974 660 1022 742 id,
1058 661 1157 744 quod
1182 681 1227 727 ex

112 773 190 838 illo
228 771 432 854 prineipio
466 769 680 837 seeundum
708 777 819 856 esset
859 770 981 837 ealidi
1013 777 1048 836 et
1083 769 1226 853 frigidi

112 874 170 954 (τὸ
196 875 235 944 ἐκ
258 881 319 944 τοῦ
342 878 450 944 ἀϊδίου
473 877 606 961 γόνιμον
627 880 758 960 θερμοῦ
779 901 815 942 τε
837 878 892 942 καὶ
914 877 1074 961 ψυχροῦ);
1101 900 1142 944 ex
1165 877 1225 944 hae

114 1010 152 1054 re
177 989 279 1054 eelidi
313 996 346 1055 et
367 988 479 1072 frigidi
506 989 646 1054 leoonda
667 988 838 1072 sphaeram
871 991 999 1072 igneam
1019 990 1087 1054 aeri
1108 995 1225 1054 terram

111 1100 274 1165 ambienti
290 1100 518 1165 oiroumfusam
543 1119 626 1181 esse,
649 1097 919 1182 quemadmodum
935 1098 1043 1164 arbori
1065 1099 1224 1164 eortieem.

113 1209 213 1274 Hane
237 1207 410 1292 sphaeram
441 1209 568 1290 igneam
592 1207 748 1291 deinceps
773 1209 805 1271 iu
830 1214 939 1292 partes
965 1207 1127 1291 diruptam
1154 1228 1226 1274 esse

111 1319 240 1401 hasque
261 1323 379 1402 partes,
413 1317 547 1384 orbibus
570 1317 760 1400 quibusdam
785 1317 938 1399 inclusae,
972 1314 1072 1382 solem
1106 1318 1225 1381 eonsti-

110 1431 216 1493 tuisse
240 1435 271 1493 et
296 1428 405 1493 lunam
427 1427 633 1511 reliquasque
659 1428 788 1492 stellas“
801 1425 834 1508 ¹).
881 1425 924 1492 Ut
945 1432 1062 1507 autem,
1084 1445 1168 1508 quae
1183 1447 1224 1491 er

113 1538 177 1603 hoe
200 1538 273 1604 loeo
306 1538 347 1604 de
367 1544 477 1604 nostra
510 1537 702 1620 quaestione
733 1541 917 1619 sequantur,
952 1537 1048 1620 plane
1079 1536 1223 1620 intellegi

115 1648 233 1728 possit,
258 1646 466 1730 diligentiore
486 1645 683 1730 singulorum
706 1647 923 1731 explieatione
946 1667 1026 1731 opus
1049 1653 1106 1712 est.
1183 1671 1186 1680 ’

220 1756 363 1822 Primum
386 1759 493 1842 igitur,
519 1757 546 1823 si
574 1757 813 1823 oonsideramus
835 1757 934 1822 verba
955 1749 1016 1819 ‘ari
1038 1753 1074 1821 ἐκ
1095 1757 1153 1820 τοῦ
1176 1747 1223 1819 ἀϊ-

112 1864 188 1928 δίου
212 1859 376 1948 γόνιμον
399 1869 560 1948 θερμοῦ
581 1889 621 1931 τε
651 1865 715 1929 καὶ
743 1856 934 1948 ψυχροῦ’,
965 1867 1037 1950 ipso
1069 1865 1160 1930 initio
1182 1886 1224 1931 ex

116 1976 247 2041 infinito
269 1977 433 2060 prinoipio
463 1976 583 2044 dieitur
610 1995 672 2042 nou
696 1978 799 2060 ipsum
837 1974 979 2042 oalidum
1008 1983 1040 2042 et
1062 1974 1221 2059 frigidum,

113 2105 244 2151 verum
277 2086 469 2167 quoddam
506 2087 626 2153 oalidi
658 2093 694 2152 et
728 2084 871 2171 frigidi
904 2105 1031 2152 semen
1065 2093 1222 2153 secretum

114 2216 197 2262 esse.
242 2196 390 2278 Namque
423 2191 481 2260 ‘uri
519 2195 553 2261 ἐκ
585 2198 643 2262 τοῦ
676 2187 785 2262 ἀϊδίου
815 2189 978 2278 γόνιμον
1000 2197 1160 2277 θερμοῦ
1182 2218 1222 2260 τε

114 2303 178 2367 καὶ
201 2298 373 2385 ψυχροῦ’
395 2305 597 2389 apertissime
613 2309 772 2372 notionem
796 2306 939 2371 eontinet
960 2304 1103 2382 seminis,
1125 2303 1222 2388 quod,

114 2413 388 2496 quemadmodum
412 2412 562 2478 animalis
586 2411 753 2478 cuiusdam
786 2430 895 2476 semen
918 2431 957 2482 ex
989 2412 1059 2494 ipso
1089 2410 1222 2476 animali

113 2522 290 2589 seeundum
321 2530 370 2588 est
404 2521 477 2586 novi
508 2521 659 2587 animalis
688 2520 848 2602 huiusque
871 2519 1018 2603 partibus
1042 2521 1134 2602 quasi
1156 2526 1220 2585 tur-

114 2633 225 2714 gescit,
258 2651 299 2696 ex
321 2631 447 2697 infinito
466 2630 629 2714 prinoipio
652 2629 826 2696 iocundum
859 2631 900 2695 sit
928 2629 1027 2696 ealidi
1054 2638 1085 2696 et
1108 2629 1221 2714 frigidi

115 2749 148 2807 et
170 2740 260 2806 hisee
285 2740 407 2807 naturis
435 2742 604 2807 contrariis
631 2743 723 2824 quasi
752 2747 915 2823 turgescat
939 2748 1151 2824 paratumque
1177 2737 1220 2804 sit

114 2852 225 2917 ineas
256 2870 292 2916 se
318 2849 479 2916 dirimere.
529 2851 610 2916 Sunt
640 2846 747 2916 autern
776 2848 915 2915 ualidum
945 2856 977 2916 et
999 2848 1163 2933 frigidum,
1185 2854 1221 2913 ut

219 3128 247 3196 l)
267 3127 340 3182 Plut.
361 3127 437 3196 apud
456 3127 558 3184 Euseb.
579 3129 676 3200 Praep.
695 3130 746 3185 Ev.
766 3131 788 3199 Ι,
801 3133 828 3199 8,
845 3133 879 3184 2:
900 3133 987 3202 „appol
1007 3127 1038 3182 di
1058 3125 1092 3182 τὸ
1112 3130 1148 3182 ἐκ
1165 3129 1221 3181 τοῦ

115 3221 227 3277 ἀϊδίου
245 3219 396 3295 γόνιμον
415 3213 547 3295 θερμοῦ
570 3230 676 3278 τεκαὶ
696 3227 825 3298 ψυχροῦ
844 3224 911 3280 κατὰ
934 3227 984 3293 τὴν
1006 3229 1117 3295 γένεσιν
1141 3225 1219 3278 τοῦδε

115 3321 161 3373 τοῦ
186 3315 296 3390 κόσμου
320 3315 514 3390 ἀποκριθῆναι,
544 3327 591 3374 καί
611 3341 670 3376 τινα
695 3324 725 3376 ἐκ
748 3317 843 3376 τούτου
867 3317 973 3394 φλογός
995 3327 1121 3392 σφαῖραν
1145 3338 1218 3390 περι-

116 3418 200 3488 φῦναι
219 3419 258 3488 τῷ
276 3421 338 3487 περὶ
357 3415 406 3485 τὴν
422 3418 475 3487 γῆν
494 3414 561 3488 ἀέρι,
583 3417 619 3479 ὡς
637 3419 674 3489 τῷ
695 3421 801 3490 δένδρῳ
820 3414 931 3491 φλοιόν·
955 3403 985 3485 ἧς
1005 3435 1078 3478 τινος
1099 3414 1219 3488 ‹inoppo-

115 3521 208 3582 γείοης
227 3518 272 3568 καὶ
293 3521 329 3574 εἷς
347 3533 421 3574 τινος
439 3515 671 3582 αόοκλεισθείοης
689 3510 809 3586 κύκλους,
832 3513 981 3582 ὑποστῆναι
1006 3511 1056 3570 τὸν
1079 3510 1155 3582 ἣλιον
1174 3518 1219 3568 καὶ

115 3608 162 3678 τὴν
180 3607 296 3678 σελήνην
315 3615 360 3664 καὶ
383 3609 444 3671 τοὺς
467 3608 609 3681 ἁστέρας.“
647 3612 826 3683 Mullaohius,
855 3613 968 3683 Fragm.
993 3612 1094 3683 philos.
1119 3611 1217 3666 Graec.

115 3727 142 3778 p.
161 3711 222 3770 238,
239 3709 270 3760 12
289 3708 344 3763 loei
365 3707 448 3763 initio
468 3708 617 3778 legendum
639 3727 696 3763 esse
716 3713 810 3778 putat:
836 3705 880 3762 ‘ui
900 3710 930 3762 ἐκ
949 3707 996 3761 τοῦ
1020 3704 1112 3760 ἀϊδίου
1129 3713 1218 3777 γονί-

116 3825 177 3874 μου
196 3800 330 3872 θερμὸν
348 3807 403 3856 καὶ
430 3799 586 3874 ψυχρόν)Ι
626 3805 679 3859 Sed
698 3805 766 3859 haee
782 3804 837 3859 loei
856 3804 974 3860 mutatio
994 3821 1108 3873 prorsus
1133 3808 1217 3858 teme·

117 3903 190 3956 uaria
211 3905 269 3969 est3
288 3919 408 3969 namque
428 3906 455 3954 et
475 3901 642 3956 alibrorum
661 3901 780 3956 lectione
793 3901 923 3955 dissentit
942 3905 970 3955 et
981 3901 1135 3956 sententiae
1154 3882 1217 3970 pro-

116 4000 266 4067 prietatem
286 3999 399 4052 omniuo
413 3998 552 4053 obseurat.
571 3997 694 4067 Reliqui,
714 3998 762 4067 qui
776 3999 866 4053 loeum
884 3997 1025 4066 adferunt,
1037 4028 1069 4037 -
1086 3997 1219 4053 adferunt

117 4100 207 4150 autem
237 4111 341 4155 omnes,
373 4095 419 4164 qui
449 4095 483 4150 de
505 4095 716 4151 Anaximandro
745 4095 900 4151 aoouratius
929 4095 1055 4151 scribunt
1075 4125 1107 4134 -
1131 4095 1217 4150 verba

118 4191 173 4245 eius
193 4192 233 4247 ita
252 4190 393 4262 adierunt,
414 4197 445 4248 ut
464 4193 569 4262 scripta
588 4196 661 4259 sunt,
690 4210 787 4248 veram
812 4197 906 4248 autem
929 4209 1025 4248 eorum
1049 4191 1217 4248 sententiam

117 4304 168 4342 non
188 4288 428 4346 animadvertunt.
