2864 4910
623 383 676 440 aab

185 563 216 624 5.
234 558 435 624 Sententiam
446 559 640 626 contrariam
654 565 830 641 sequuntur
842 556 1067 642 Brandisius1)
1079 566 1111 626 et
1123 559 1192 626 Zel-

69 668 219 750 lerus2);
242 674 338 750 atque
351 667 405 732 bie
417 667 548 750 quidem
562 674 627 732 tarn
647 669 810 734 subtiliter
822 689 894 734 eam
906 669 1061 751 defendit,
1073 676 1108 735 ut
1119 670 1192 735 dili-

70 779 217 858 gentius
241 776 465 860 persequenda
477 776 529 842 sit.
555 776 697 842 Zellerus
709 777 818 860 igitur,
834 783 869 842 ut
881 779 1018 862 primum
1034 779 1105 844 eius
1118 798 1191 844 scn-

70 889 219 952 tentiam
231 906 327 969 quam
338 883 526 951 brevissime
540 904 771 968 proponamus
782 885 1016 952 Anaximandri
1026 888 1192 954 stellarum

71 997 179 1061 orbes
198 996 363 1061 existimat
377 1016 449 1061 esse
461 996 603 1079 planos
615 996 820 1080 cylindros
832 998 960 1062 aerios
973 1016 1098 1079 cavos,
1120 1000 1193 1064 scli-

74 1107 140 1172 dcs
152 1107 322 1191 cylindros
337 1109 450 1191 igneos
461 1107 673 1189 includentes,
687 1108 720 1172 in
730 1108 819 1172 coelo
829 1106 873 1172 ad
885 1107 998 1172 libram
1009 1125 1193 1189 suspensos,

73 1219 135 1298 qui
162 1217 199 1280 in
222 1215 332 1282 media
360 1217 495 1300 planitie
518 1215 670 1282 inferiore
697 1215 856 1281 foramine
885 1221 1014 1280 utantur
1043 1216 1191 1294 rotundo,

74 1345 140 1408 per
165 1325 253 1408 quod
276 1331 468 1407 tamqnam
492 1345 561 1408 per
582 1331 691 1390 rotae
718 1324 927 1390 modiolum
960 1325 1068 1408 ignem
1091 1326 1193 1392 inclu-

74 1453 154 1498 sum
181 1434 225 1499 ad
248 1453 306 1500 nos
329 1434 510 1500 demittant.
556 1434 725 1500 Adductus
752 1440 859 1500 autem
887 1433 930 1499 ad
960 1435 1043 1500 hanc
1066 1441 1192 1500 senten-

75 1544 165 1608 tiam
189 1551 240 1610 cst
261 1544 389 1609 duobus
412 1544 620 1626 argumentis,
655 1564 789 1626 quornm
812 1545 913 1609 altero
936 1545 1067 1627 probari
1089 1550 1191 1628 putat,

39 1701 43 1712 .
80 1653 321 1718 Anaximandri
345 1655 512 1720 stellarum
536 1653 630 1720 orbes
653 1675 725 1720 non
748 1674 834 1720 esse
856 1654 950 1719 orbes
973 1657 1041 1718 sive
1056 1655 1193 1720 annulos

79 1783 144 1846 per
168 1770 270 1830 totum
305 1763 416 1830 mundi
449 1763 603 1829 ambitum
630 1764 874 1845 circumeuntes,
898 1765 1007 1839 altere,
1031 1783 1115 1828 esse
1138 1784 1191 1847 cy·

78 1870 213 1936 lindrcs
239 1872 331 1952 tales,
354 1873 465 1954 quales
488 1870 728 1955 descripsimus.

192 1975 285 2054 Quod
317 1977 359 2043 ad
383 1977 474 2062 prius
500 1985 723 2061 argumentum
751 1978 876 2061 attinet,
898 1980 1091 2045 Placitcrum
1115 1983 1192 2047 scri·

82 2094 200 2172 ptores
218 2087 370 2163 referunt,
393 2088 626 2152 Anaximandri
640 2089 800 2154 sententia
811 2090 930 2154 solem
947 2110 1038 2171 eum,
1060 2091 1124 2172 qui
1136 2112 1193 2156 nc-

80 2197 145 2263 bis
168 2203 371 2280 appareat,
396 2196 621 2280 magnitudine
643 2199 812 2280 aequalem
846 2218 918 2264 esse
951 2205 1065 2278 terrae,
1101 2201 1191 2264 illum

81 2325 162 2370 uere
186 2306 305 2386 crbem,
339 2306 472 2372 ecuins
502 2306 642 2388 quodam
672 2308 829 2372 foramine
864 2307 917 2373 hic
951 2309 998 2372 sol
1030 2327 1192 2392 apparens

86 2414 247 2497 effulgeat
268 2420 300 2479 et
331 2434 395 2498 qno
428 2417 680 2498 circumferatur,
698 2415 939 2500 magnitudine
974 2438 1033 2482 sua
1062 2423 1191 2499 terram,

87 2526 152 2600 vel,
177 2543 249 2589 eum
272 2525 321 2589 sol
343 2545 505 2608 apparens
530 2531 636 2590 terrae
658 2525 786 2591 dicatur
807 2527 955 2608 aequalis
977 2546 1060 2608 esse,
1084 2527 1190 2610 ipsum

84 2635 188 2698 solem
201 2641 411 2716 apparentem
434 2635 575 2716 viginti
599 2635 821 2717 septemval
844 2635 1087 2718 viginticctc
1106 2655 1192 2719 par·

83 2743 194 2808 tibus
217 2761 371 2826 superare
379 2746 416 2823 ³).
461 2744 512 2808 Ab
534 2742 595 2808 hae
618 2743 715 2825 igitur
737 2743 900 2827 profectus
923 2745 1107 2810 narratione
1119 2745 1189 2810 Zel-

194 3011 221 3080 1)
242 3011 370 3077 Brandis,
390 3011 487 3066 Geseh.
507 3012 557 3066 der
577 3012 685 3067 Grieeh.
704 3031 732 3066 u.
749 3013 828 3067 aem.
848 3011 952 3066 Philos.
972 3013 994 3075 l,
1011 3031 1039 3082 p.
1062 3015 1120 3068 137.

195 3109 224 3176 2)
242 3107 333 3161 Zeller
351 3107 448 3163 Gesch.
468 3118 520 3162 etc.
539 3109 560 3176 1,
579 3126 606 3178 p.
628 3110 678 3162 195
697 3112 726 3162 et
744 3113 802 3162 not.
822 3111 847 3162 3.

195 3204 225 3273 3)
241 3203 319 3258 Stob.
344 3204 365 3271 1,
383 3207 426 3259 25.
449 3223 476 3274 p.
495 3207 564 3260 524:
604 3203 681 3276 „hdr
701 3199 791 3275 ἥλιον)
813 3199 912 3259 κύκλον
934 3205 1001 3258 εἶναι
1029 3201 1115 3260 ὄκνου
1138 3211 1192 3258 καὶ

86 3303 384 3356 εἰκοσαπλασίονα
400 3304 461 3368 τῆς
478 3304 539 3372 γῆς
559 3344 565 3357 .
586 3342 592 3355 .
612 3343 619 3357 .
639 3306 695 3354 καὶ
713 3300 855 3372 τὸνμὲν
873 3300 965 3368 ἥλιον
983 3303 1059 3356 ἶσον
1077 3302 1193 3374 εἶναιπῇ

85 3397 130 3469 γῇ,
148 3392 208 3450 τὸν
225 3396 261 3448 δὲ
280 3391 414 3461 adulor,
432 3395 483 3470 ἀφ’
503 3395 534 3452 οὗ
553 3397 602 3464 τὴν
617 3394 738 3463 ἐκπνοὴν
757 3398 815 3468 ἔχει
834 3401 880 3450 καὶ
899 3394 947 3468 ὑφ’
961 3382 994 3450 οὗ
1008 3402 1193 3469 περιφέρεται,

87 3494 156 3548 εἶναι
181 3494 230 3546 τοῦ
252 3497 452 3564 προειρημένου
470 3495 635 3565 μεγέθους.“
672 3493 747 3548 Plut.
771 3493 847 3548 Plae.
871 3494 906 3555 ll,
934 3495 982 3548 20:
1012 3489 1089 3562 „(rdr
1108 3487 1194 3561 ἥλιον)

87 3585 188 3644 κύκλον
206 3589 275 3644 εἶναι
294 3584 378 3644 darm
398 3595 453 3644 καὶ
473 3593 775 3644 εἰκοσααλασίονα
793 3591 849 3656 τῆς
865 3589 944 3660 γῆς’(
966 3619 998 3628 -
1018 3593 1047 3643 et
1065 3589 1192 3643 ibidal:

88 3684 154 3748 „adv
180 3687 236 3757 μὲν
258 3681 355 3753 ἥλιον
372 3687 434 3740 ἶσον
451 3686 482 3760 τῇ
500 3688 536 3760 γῇ
558 3687 635 3756 εἶναι,
658 3683 708 3740 τὸν
731 3686 761 3738 dl
788 3679 917 3749 κύκλον,
944 3686 990 3758 ἐφ’
1015 3670 1046 3738 οἷν
1072 3693 1194 3757 φέρεται,

87 3781 173 3836 ’ἑπτα
193 3787 247 3836 καὶ
270 3786 564 3838 εἰκοσαπλοσίονα
581 3784 628 3850 τῆς
644 3783 720 3854 grief
759 3783 828 3836 Cum
847 3782 999 3836 Plutarcho
1018 3783 1086 3852 ipsis
1099 3784 1192 3838 verbis

88 3879 267 3933 consentiunt
285 3879 467 3950 Euseb.'XV,
487 3881 521 3934 23
540 3885 568 3934 et
587 3879 785 3935 aresceres.
805 3878 877 3933 Hiat.
897 3877 966 3948 phil.
986 3896 1009 3934 c.
1032 3881 1072 3935 14.
1111 3880 1190 3934 Idem

88 3974 280 4030 Theodoretua
299 3991 410 4044 quoque
435 3974 532 4043 refert,
558 3974 656 4029 Graec.
681 3974 727 4029 aff.
747 3992 806 4028 cur.
826 3977 852 4028 4.
871 3978 939 4029 tom.
958 3974 1006 4041 IV,
1030 3993 1058 4046 p.
1077 3975 1129 4030 718
1149 3976 1194 4030 ed.

88 4071 161 4140 Hal,
186 4072 293 4127 dicens:
332 4068 572 4150 ηἈναξίμανδρος
602 4072 658 4143 μὲν
686 4071 1127 4126 ἑπτακαιεικοσαπλασίονα
1151 4072 1195 4140 τῆς

87 4168 137 4236 γῆς
155 4170 250 4221 τοῦτον
269 4169 376 4239 ἔφησεν
396 4167 492 4235 εἶναιιῑ,
511 4167 609 4222 iisdem
629 4169 688 4221 sine
707 4168 793 4223 dubio
813 4167 938 4222 lontibus
957 4187 1030 4223 usus.
1063 4168 1105 4223 Cf.
1125 4169 1194 4222 ibid.

88 4281 115 4332 p.
133 4265 184 4316 801
204 4266 233 4318 et
252 4263 319 4318 822.

1003 4366 1038 4417 24
