2864 4904
77 571 212 653 dieitur,
237 573 366 640 omnino
390 595 452 640 non
475 574 605 641 diversa
626 581 701 641 sunt
722 572 764 643 ab
783 576 835 661 iis,
858 597 941 660 quae
955 578 1116 661 prioribus
1137 579 1181 645 lo-

76 683 124 748 eis
148 689 264 768 aperte
288 684 535 750 Anaximandro
562 685 755 770 tribuuntur,
790 686 824 752 id
850 687 938 770 quod
959 708 1034 753 mox
1061 690 1180 756 elarius

73 793 174 859 etiam
191 794 373 878 apparebit,
385 799 453 860 tum
466 801 649 881 propterea,
659 795 746 879 quod
760 797 866 880 ipsum
876 797 1066 865 vocabulum
1076 801 1180 882 μῖγμα

75 903 106 967 in
132 903 330 968 memoriam
362 911 494 970 revocat
515 904 607 970 illum
629 905 815 972 Aristotelis
836 907 951 990 locum,
975 923 1038 991 quo
1066 910 1093 974 is
1117 907 1179 974 ‘ad

73 1013 181 1095 μῖγμα
202 1002 476 1095 Ἀναξιμάνδρου’
499 1022 666 1081 memorat.

176 1123 246 1188 lam
273 1125 302 1189 si
323 1143 432 1190 omues
460 1125 548 1192 locos
571 1125 603 1191 in
624 1145 688 1191 uno
709 1133 883 1211 conspeetu
914 1129 1071 1212 ponimus,
1095 1127 1178 1194 The-

74 1232 205 1298 mistius
239 1253 338 1300 unum
369 1234 646 1301 Anaximandrum
678 1234 759 1301 dioit
791 1255 874 1320 eum,
914 1237 970 1320 qui
1000 1237 1039 1302 τὸ
1066 1233 1179 1321 ἕτερον

74 1340 140 1404 τῶν
174 1343 347 1424 στοιχείων
377 1352 409 1410 et
438 1345 477 1410 τὸ
500 1345 591 1428 παρὰ
611 1345 652 1409 τὰ
673 1349 819 1427 στοιχεῖα
852 1347 1047 1432 prinoipium
1068 1356 1177 1432 ponat.

74 1450 144 1517 Hoo
171 1451 260 1518 idem
282 1453 516 1521 Anaximandri
539 1455 734 1540 prinoipium
762 1456 953 1541 simpliciter
973 1457 1177 1542 appellatori

73 1561 207 1648 μεταξύ,
229 1570 325 1646 atque
348 1564 394 1630 ita
415 1564 554 1648 quidem,
572 1571 608 1630 ut
628 1565 861 1632 existimandus
884 1566 927 1632 sit
949 1586 1012 1632 non
1032 1567 1175 1650 aliquam

75 1670 169 1737 huius
181 1671 308 1738 mediae
319 1679 453 1738 naturae
468 1674 615 1758 speeiem,
637 1673 696 1739 sed
708 1693 780 1740 eam
791 1679 890 1740 totam
905 1679 1068 1757 tamquam
1080 1695 1176 1742 unam

74 1780 238 1863 quandam
260 1800 328 1846 rem
351 1780 550 1864 intellegere,
573 1799 658 1864 quae
679 1801 744 1847 una
766 1801 886 1865 omnes,
907 1800 992 1865 quae
1008 1782 1090 1848 forte
1105 1783 1175 1850 eius

75 1909 145 1956 esse
169 1891 304 1976 possint,
329 1889 531 1957 differentias
556 1891 730 1970 eontineat,
759 1897 795 1956 ut
818 1892 918 1976 igitur
940 1893 1175 1959 existimandus

76 2003 117 2065 sit
147 2019 270 2084 omnes,
295 2019 377 2083 quas
399 2000 482 2066 forte
505 1999 571 2066 diei
594 1998 728 2080 sciebat,
752 1999 846 2067 huius
877 2007 1011 2068 naturae
1038 2003 1174 2088 speeies,

75 2110 116 2176 ad
144 2130 243 2176 unum
272 2108 505 2176 Anaximandri
527 2109 723 2193 principium
755 2110 929 2178 rettulisse.
972 2112 1100 2180 Etenim
1127 2114 1174 2181 vi-

76 2219 193 2303 dimus,
208 2219 420 2286 Themistium
435 2239 498 2286 uno
522 2219 593 2286 looo
605 2219 839 2286 Anaximandri
855 2222 1061 2307 principium,
1087 2223 1174 2306 quod

76 2331 184 2414 paullo
208 2335 284 2399 ante
306 2329 390 2396 dixit
410 2328 442 2393 τὶ
463 2326 577 2411 ἕτερον
597 2331 664 2394 τῶν
688 2329 859 2411 στοιχείων
881 2351 963 2414 esse,
989 2329 1112 2398 ‘dasiro
1134 2333 1172 2398 ud

76 2439 212 2522 μεταξύ’
236 2440 413 2525 appellare.
438 2439 518 2506 (lum
541 2441 731 2535 simpliciter
753 2443 895 2527 appellet
915 2443 954 2508 τὸ
967 2443 1089 2541 aerugo*
1104 2444 1174 2509 sine

77 2550 301 2635 designatione
335 2550 574 2634 elementorum,
607 2551 645 2615 τὸ
679 2552 800 2633 preroga*
838 2553 1038 2638 intellegitur
1069 2574 1172 2633 omne,

77 2659 137 2726 nisi
166 2660 356 2744 pronomine
377 2655 527 2748 ἷέκεῒνοἱ
560 2657 603 2725 ad
629 2679 726 2726 unam
758 2659 901 2745 aliquam
929 2661 1056 2729 mediae
1085 2662 1173 2730 illius

76 2774 207 2836 naturae
231 2769 372 2852 speeiem
400 2768 546 2835 refertur.
586 2769 630 2844 ld
662 2775 769 2836 autem
802 2790 867 2838 non
897 2769 967 2836 fieri
1000 2769 1048 2836 sio
1071 2779 1172 2855 patet:

76 2877 266 2945 Pronomiue
289 2875 394 2943 ἐκεῖνο
417 2899 456 2945 ea
477 2899 538 2962 res,
563 2878 725 2962 adquam
747 2879 933 2965 adponitur,
955 2880 999 2947 ad
1022 2901 1088 2947 rem
1110 2883 1173 2948 iam

76 2990 246 3072 cognitam,
258 2994 354 3072 atque
366 2988 497 3073 quidem
511 2988 622 3055 autad
635 2989 719 3055 hane
731 2990 835 3076 ipsam
851 3010 918 3058 rem
930 2993 962 3056 in
974 2989 1088 3057 eadem
1104 3011 1173 3057 ora-

76 3100 160 3166 tione
174 3106 271 3166 antea
290 3105 500 3166 memoratam
524 3097 643 3165 autad
665 3100 780 3166 huius
803 3101 860 3167 rei
882 3102 956 3167 iam
976 3099 1173 3184 eognitam

76 3208 273 3275 notionem
294 3208 440 3275 refertur.
483 3208 552 3274 Iam
574 3229 651 3276 uero
682 3211 788 3293 priore
810 3189 1048 3294 signifieatione
1068 3208 1172 3276 ἐκεῖνο
1229 3265 1231 3268 ,

76 3318 134 3383 hoo
155 3320 228 3385 loco
243 3320 388 3404 intellegi
410 3311 538 3403 nequit.¹
571 3319 720 3403 Namque
735 3319 799 3386 iam
815 3326 1024 3386 memoratum
1040 3307 1170 3403 quidem¹

77 3434 123 3494 est
143 3431 181 3494 ad
204 3422 335 3512 μεταξύ,
358 3434 454 3512 atque
479 3427 609 3512 quidem
629 3429 669 3494 τὸ
689 3429 810 3512 μεταξὺ
833 3431 1022 3514 simpliciter
1043 3428 1172 3525 dietum,

78 3538 131 3603 sed
153 3559 216 3604 non
239 3538 351 3605 addito
370 3537 608 3604 Anaximandri
641 3538 770 3605 nomine
799 3544 830 3605 et
855 3541 927 3605 loeo
952 3545 1019 3606 tam
1041 3546 1171 3622 remoto,

78 3653 119 3722 ut,
141 3650 287 3733 quamvis
308 3650 347 3715 ad
368 3648 489 3733 μεταξὺ
510 3657 619 3718 nostro
641 3650 712 3716 loco
742 3649 828 3716 idem
849 3651 1054 3735 intellegatur
1075 3656 1172 3734 atque

77 3756 162 3844 illud,
184 3765 291 3826 tamen
325 3757 430 3824 ἐκεῖνο
457 3759 540 3848 illue
565 3758 679 3826 referri
701 3779 765 3825 non
797 3761 939 3844 possit¹).
984 3759 1019 3826 Si
1041 3759 1083 3826 ad
1104 3779 1171 3826 rem

175 4015 201 4084 l)
219 4013 294 4068 Illud
313 4013 420 4085 legitur
437 4031 464 4088 p.
481 4014 582 4085 138,t·;
601 4014 655 4070 hoo
673 4031 700 4084 p.
715 4016 776 4084 231,
797 4015 837 4069 14.
856 4014 920 4070 vid.
939 4008 1023 4084 supra
1040 4033 1066 4084 p.
1084 4015 1170 4084 109,ss
1280 4029 1282 4034 ’

80 4108 138 4161 etl.
158 4107 306 4165 Praeterea
315 4111 521 4166 Anaximandri
538 4110 709 4180 principium
720 4109 777 4166 iam
795 4113 879 4166 antea
890 4110 995 4167 dietum
1014 4116 1057 4166 est
1068 4115 1171 4166 natura

81 4201 139 4271 igne
150 4205 259 4261 densior
275 4224 340 4263 aare
358 4209 452 4264 autem
467 4208 598 4263 subtilior
617 4208 654 4278 lp.
669 4208 795 4278 11119,
814 4226 840 4264 v,
853 4225 938 4279 supra
955 4210 1054 4279 ploti,
1069 4209 1103 4280 l),
1122 4208 1170 4262 sed

81 4297 102 4350 is
118 4299 189 4356 loeus
207 4304 343 4358 remotior
367 4305 453 4360 etiam
479 4309 521 4360 eat
543 4323 594 4360 neo
617 4323 649 4360 eo
676 4305 835 4361 adhibitum
853 4306 1019 4362 venabulum
1037 4300 1145 4377 μεταξύ.
