2864 4910
625 383 677 437 396

79 559 209 630 tamen,
232 555 280 620 ad
308 576 419 638 quam
442 577 624 622 caussam
647 557 897 624 efficientem
922 579 993 622 eam
1024 557 1193 640 rettulerit,

81 665 171 728 satis
197 673 283 730 certe
307 665 435 730 videtur
448 667 599 747 cognosci
622 685 735 748 posse;
759 665 799 752 de
822 686 886 747 qua
907 686 942 731 re
957 665 1043 731 infra
1058 665 1192 732 dicetur.

191 773 275 838 Num
298 781 427 858 praeter
457 777 557 842 solem
587 781 619 842 et
645 778 753 843 lunam
776 776 857 841 alios
888 776 985 841 ctiam
1004 777 1151 858 planetas
1173 797 1194 841 a

80 883 229 966 reliquis
252 884 354 950 stellis
377 883 562 950 distinxerit
582 904 642 950 nec
664 905 714 959 ne,
739 890 770 950 ot
788 885 817 950 si
835 884 994 964 distinxit,
1015 891 1121 950 utrum
1138 904 1193 950 eos

83 992 195 1058 stellis
219 993 435 1059 inerrantibus
459 995 641 1078 superiores
663 1015 704 1060 an
726 994 895 1060 inferiores
919 995 1151 1077 essevoluerit,
1175 1015 1193 1060 e

81 1101 172 1168 locis
195 1102 303 1170 allatis
325 1123 389 1169 non
420 1108 508 1168 certo
533 1111 677 1187 apparet.
724 1103 898 1170 Praeterea
928 1104 962 1168 id
985 1123 1113 1187 quoque
1136 1105 1194 1170 du=

84 1211 191 1276 bitari
214 1217 329 1295 potest,
352 1233 427 1277 num
452 1231 562 1278 omnes
575 1212 684 1278 stellas
701 1213 879 1279 inerrantes
905 1213 1098 1287 (inerrantes
1111 1214 1192 1292 dico,

85 1329 127 1386 ut
149 1341 228 1397 rem,
249 1340 313 1386 non
336 1329 370 1388 ut
391 1322 623 1388 Anaximandri
647 1323 838 1388 sententiaro
856 1321 1048 1405 significem)
1073 1323 1106 1388 in
1121 1343 1194 1388 una

88 1431 319 1496 continenti
343 1433 440 1496 oceli
464 1431 632 1515 sphaera
654 1431 861 1518 infixasessc
884 1432 1032 1508 voluerit,
1060 1451 1101 1496 an
1124 1451 1194 1496 coe-

9 1535 11 1540 ’
88 1540 160 1604 lum
184 1540 289 1622 ipsum
305 1543 464 1624 putaverit
483 1559 524 1605 ex
546 1541 765 1606 innumeris
782 1541 937 1606 annulis
960 1541 1085 1606 aeriis
1109 1561 1193 1605 con-

89 1655 207 1730 stare,
226 1647 366 1732 'quorum
383 1669 473 1714 suam
488 1651 624 1732 quisque
642 1651 776 1727 stellam,
803 1648 836 1715 id
853 1657 911 1727 est,
933 1647 1073 1715 solidum
1095 1669 1194 1713 annu-

90 1762 159 1824 lum
193 1758 323 1841 igneum
359 1757 547 1824 includeret.
602 1755 681 1823 Cum
715 1760 795 1842 ipsis
828 1764 971 1824 veterum
1002 1759 1194 1826 testimoniis

92 1869 256 1954 posterius
280 1870 384 1934 solnm
406 1867 574 1934 consentit.
617 1868 677 1933 His
703 1868 788 1933 enim
812 1867 883 1934 sine
905 1869 972 1934 ulla
993 1870 1195 1952 planetarum

94 1986 127 2043 et
155 1979 320 2042 stellarum
350 1978 558 2044 inerrantium
596 1977 799 2043 distinctione
819 1976 1055 2043 Anaximandri
1083 1977 1196 2042 stellae

94 2089 248 2153 dicuntur
280 2087 373 2153 orbes
407 2106 479 2154 esse
513 2088 704 2153 annulorum
735 2089 863 2168 similes,
898 2089 953 2169 qui
984 2087 1098 2172 repleti
1130 2088 1196 2154 sint

93 2200 219 2280 igne¹);
254 2204 286 2262 et
307 2197 501 2281 Hippolytus
528 2205 639 2280 aperte
669 2189 852 2272 ‘rodgario
874 2195 1029 2261 ἀπλανῶν
1050 2187 1196 2276 ἀστέρων

94 2295 278 2381 κύκλοιις’
301 2307 485 2390 appellat2).
529 2305 623 2384 Quod
646 2307 673 2370 si
696 2306 881 2390 accipimus,
905 2304 947 2371 ad
970 2304 1196 2389 explicandam

96 2437 167 2480 cam
192 2435 269 2496 rem,
305 2415 391 2496 quod
414 2417 446 2480 in
469 2415 582 2480 eodem
600 2415 690 2480 ‘coeli
714 2413 835 2481 circulo
859 2416 968 2499 plures
991 2416 1104 2480 stellae
1127 2435 1197 2482 oer-

95 2530 227 2600 nuntur‚
252 2524 334 2589 sumi
351 2525 461 2608 possit,
484 2524 621 2590 eundem
641 2524 793 2588 annulum
817 2543 880 2590 nou
904 2543 967 2590 uno
982 2530 1115 2605 tantum,
1139 2522 1197 2590 sed

97 2633 245 2718 pluribus
258 2631 470 2698 foraminibus
494 2633 552 2716 uti,
574 2653 631 2716 per
654 2653 737 2714 quae
759 2634 841 2716 ignis
866 2633 1009 2698 inclusos
1032 2631 1196 2716 effulgeat.

96 2741 164 2808 Sed
193 2741 273 2806 haec
301 2761 352 2806 res
378 2747 510 2824 propter
540 2761 697 2806 summam
723 2742 979 2808 testimoniorum
1001 2741 1195 2822 paucitatem

97 2853 129 2916 in
153 2853 275 2916 incerto
299 2851 511 2933 relinquenda
535 2858 592 2918 est.
636 2850 672 2916 Si
696 2851 747 2918 cui
772 2853 877 2916 autem
900 2852 1017 2916 mirum
1038 2851 1197 2933 videatur,

97 2960 373 3026 Anaximandrum
405 2981 469 3026 non
496 2982 591 3026 unam
621 2963 847 3028 continentem·
865 2963 1030 3027 stellarum
1054 2961 1196 3026 inerran-

97 3071 177 3135 tium
202 3069 372 3152 sphaeram
398 3069 553 3153 posuisse,
579 3071 608 3135 si
630 3070 796 3154 vulgarem
822 3069 987 3135 hominum
1014 3070 1195 3153 opinionem

98 3179 285 3259 omittimus,
318 3180 409 3244 cuius
439 3179 471 3241 in
494 3179 736 3244 Anaximandro
759 3198 823 3243 non
845 3199 963 3260 magna
989 3178 1039 3244 vis
1062 3184 1120 3262 est,
1142 3179 1199 3244 illa

98 3290 193 3354 unius
216 3287 381 3354 stellarum
414 3285 572 3369 sphaerae
603 3287 712 3370 opinio
746 3286 778 3352 in
802 3285 940 3353 Graecia
971 3292 1057 3352 certe
1080 3284 1195 3368 Pytha-

98 3397 207 3478 goreis
228 3396 356 3462 videtur
371 3395 527 3479 originem
542 3395 675 3478 debere,
702 3396 798 3461 facile
821 3402 927 3460 autern
941 3394 1009 3460 fieri
1024 3401 1139 3478 potest,
1164 3402 1198 3462 ut

99 3506 339 3572 Anaximander
361 3506 480 3584 stollas,
504 3526 587 3587 quac
604 3507 783 3571 inerrantes
798 3505 959 3583 dicuntur,
983 3527 1046 3571 non
1061 3505 1095 3570 in
1112 3506 1197 3571 eius-

99 3617 172 3681 dem
192 3614 349 3700 sphaerae
370 3615 513 3691 cirouitu‚
535 3615 593 3680 sed
614 3615 696 3680 alias
712 3615 906 3698 superiores,
928 3615 1012 3680 alias
1028 3615 1198 3682 inferiores

100 3747 171 3792 csse
195 3727 363 3810 putaverit.
436 3727 438 3732 '

200 3836 358 3918 Denique,
386 3841 421 3900 ut
442 3840 510 3900 tota
533 3833 643 3899 mundi
673 3833 846 3918 descriptio
870 3834 1067 3916 cogitatione
1092 3836 1198 3900 ahsol-

100 3954 203 4025 vatur,
223 3952 355 4030 propter
367 3966 414 4026 ea,
438 3965 521 4028 quae
534 3945 684 4025 diximus,
708 3943 855 4010 conicere
870 3943 989 4024 licebit,
1005 3946 1199 4012 Anaximan-

205 4194 228 4257 1)
247 4190 310 4244 vicl.
329 4207 414 4259 supra
431 4207 458 4260 p.
479 4191 531 4244 358
550 4208 590 4259 sq.
610 4208 672 4246 cum
691 4191 774 4244 notis.

202 4289 231 4361 2)
249 4288 362 4358 Hippol.
381 4287 488 4343 Refutt.
510 4288 576 4358 1,6.
596 4288 657 4342 Vid.
678 4305 762 4357 supra
781 4305 808 4356 p.
829 4288 881 4341 393
900 4292 957 4342 not.
979 4290 1001 4341 l.
