2864 4910
759 385 813 438 358

344 560 458 640 Itaque
482 556 523 623 de
546 557 650 624 stellis
672 558 706 622 in
727 559 912 622 universnm
929 555 1163 622 Anaximandri
1184 556 1345 622 sententia

242 670 284 734 ab
305 668 485 751 Hippolyto
509 667 558 732 sic
579 667 729 732 refertur:
750 661 881 733 ‘stellas
896 687 969 732 esse
988 666 1103 732 orbes
1125 668 1265 750 igneos
1281 659 1344 742 (κά-

242 775 320 840 aton
351 771 469 858 πυρὸς)
500 776 548 841 ab
576 796 664 842 acre
687 777 988 855 circumclusos;
1020 775 1132 841 horum
1157 783 1264 856 autem
1298 795 1343 840 or-

243 885 330 951 bium
342 885 509 968 igneorum
531 905 604 951 esse
620 883 1102 969 exspirationesssmvoug),
1125 905 1225 967 quae
1246 886 1342 949 fiant

242 1015 310 1079 per
333 994 522 1076 quaedam
548 995 651 1060 acris
675 994 1025 1059 circumcludentis
1052 994 1244 1058 foramina
1267 988 1341 1074 (rni-

242 1125 320 1183 ρους
345 1096 436 1178 τινάς
457 1093 636 1185 ἀερώδεις),
670 1103 711 1168 iis
734 1103 825 1185 locis,
856 1103 974 1186 quibus
1003 1103 1118 1168 stellae
1150 1109 1339 1186 appareant;

245 1231 297 1289 eo‚·
319 1209 406 1294 quod
429 1211 463 1274 in
484 1211 581 1274 lunae
604 1210 681 1275 orbe
712 1208 773 1274 hoc
796 1211 941 1276 foramen
973 1216 1041 1275 tum
1073 1210 1256 1274 obstruatur
1276 1217 1338 1274 tum

242 1319 438 1403 recludatur,
460 1320 557 1384 lunae
579 1319 754 1384 varietates
777 1320 904 1400 efficil).
957 1320 986 1384 Α
1009 1319 1213 1385 Theodoreto
1236 1327 1338 1384 autem

242 1430 304 1495 hoc
324 1429 420 1494 modo
434 1430 586 1494 refertur:
606 1422 737 1494 ‘stellas
753 1449 826 1494 esse
848 1418 1215 1512 coagmentationes
1237 1449 1337 1511 quas-

243 1539 329 1604 dam
350 1539 454 1605 aeris
487 1532 690 1625 (συστήματα
719 1537 800 1603 ἄττα
830 1539 889 1602 τοῦ
912 1529 1021 1622 ἀέρος)
1044 1541 1082 1603 in
1105 1544 1276 1604 rotarum
1297 1539 1336 1602 fi-

243 1668 378 1732 guram
399 1655 605 1714 concretas
627 1649 836 1730 (τροχοειάῶς
856 1648 1087 1732 πεπιλημένον),
1111 1669 1208 1731 quac
1223 1651 1335 1732 reple-

243 1766 306 1824 tae
329 1758 408 1824 sint
434 1760 524 1843 igne
556 1765 587 1824 ct
619 1779 677 1844 per
710 1760 867 1825 foramina
897 1759 1057 1842 quaedam
1088 1758 1231 1824 flammas
1252 1759 1335 1823 omit

242 1857 370 1949 tant’2).
429 1866 458 1930 A
494 1867 634 1933 Stobaeo
672 1867 811 1950 deniqne
849 1868 909 1933 hoc
948 1868 1058 1934 modo:
1104 1870 1232 1949 „stellas
1268 1887 1334 1932 esse

243 1978 521 2042 concretiones
558 1977 667 2041 aeris
709 1976 809 2042 rotis
849 1978 1002 2042 similes
1038 1975 1217 2064 (πιλήμασιν
1246 1967 1335 2053 ἀέρος

345 2230 372 2294 1)
393 2228 506 2297 Hippol.
525 2228 633 2282 Refutt.
654 2229 675 2296 I,
696 2231 725 2280 6:
760 2225 808 2290 „uit
832 2229 863 2280 ἀὲ
887 2223 973 2296 ἀστρα
991 2235 1121 2298 γίνεσθαι
1146 2225 1263 2282 κύκλον
1282 2249 1331 2279 πυ-

246 2321 310 2394 ρός,
338 2321 525 2393 ἀποκριθέντα
544 2326 591 2377 τοῦ
610 2324 677 2377 κατὰ
700 2320 810 2395 κόσμον
829 2319 923 2394 πυρός,
947 2329 1130 2394 περιληθέντα
1150 2327 1175 2378 d’
1194 2324 1237 2378 ὑπ’
1254 2323 1331 2392 ἀέρος.

243 2418 362 2480 ἐκπνοὰς
381 2421 407 2474 d’
427 2417 539 2490 ὑπάρξαι
564 2415 684 2480 τόπους*
713 2422 785 2491 (lege
804 2417 940 2490 πόρους)
963 2421 1039 2481 τινὰς
1059 2419 1194 2491 ἀερώδεις,
1217 2423 1274 2474 καθ’
1290 2415 1333 2476 οὓς

243 2524 369 2588 φαίνεται
389 2515 421 2569 τὰ
440 2511 539 2585 ἀστραι
567 2515 610 2570 dri)
632 2522 676 2570 καὶ
698 2518 955 2588 ἒπιιρρασσομένων
978 2520 1033 2572 τῶν
1052 2519 1179 2572 ἀκανθῶν
1197 2516 1242 2576 τὰς
1258 2518 1331 2568 iutel-
1409 2535 1410 2556 i

244 2624 308 2680 ψιις
329 2615 484 2684 γένεσθαι.“
522 2615 555 2666 In
583 2615 705 2668 editione
733 2615 860 2684 Gotting,
888 2614 1011 2684 Roeperi
1039 2615 1155 2668 consilio
1177 2613 1330 2668 vocabulum

242 2705 366 2768 “τόοιους’
387 2717 451 2779 post
469 2705 610 2779 ιὑιιάρξαι’
634 2729 649 2765 e
668 2729 717 2764 sua
737 2712 801 2765 sede
820 2712 994 2766 transfertur
1011 2717 1076 2780 post
1094 2713 1170 2764 ‘aas'
1189 2707 1240 2769 οὖς’
1262 2707 1330 2774 (καθ’

242 2801 289 2864 οὓς
308 2799 430 2864 τόπους
449 2809 530 2875 κτλ.);
550 2808 597 2860 sed
615 2808 668 2861 hac
685 2809 906 2878 transpositione
925 2810 985 2877 ipsa
1003 2809 1058 2862 loci
1078 2809 1215 2862 sententia
1228 2822 1329 2875 prorsus

243 2904 441 2972 corrumpitur.
498 2904 613 2957 Etenim
645 2906 782 2959 vocabulo
813 2900 939 2964 ‘concur'
973 2907 1076 2960 reiecto
1102 2907 1187 2959 verba
1214 2899 1329 2957 ίέκτινοας

243 2992 356 3064 ὑπάρξαι
368 2997 443 3057 τινὰς
454 2996 590 3068 ἀερώδεις’
600 3001 768 3070 significant,
780 3002 991 3080 ‘exspirationes
1002 3020 1060 3055 esse
1074 3002 1206 3070 quasdam
1215 2999 1328 3062 aerias,

243 3097 317 3165 quod
337 3096 410 3150 idem
430 3097 504 3151 valet
523 3102 607 3166 atque
627 3098 843 3166 ‘exspirationes
863 3099 999 3167 quasdam
1018 3099 1134 3151 aeris'.
1171 3099 1229 3151 Hoc
1246 3099 1327 3149 autem

243 3193 393 3246 absurdum
413 3199 463 3261 cst,
483 3194 615 3262 quoniam
635 3211 691 3248 non
704 3195 739 3247 de
758 3194 852 3247 aeris
871 3194 920 3248 sed
938 3195 973 3247 de
993 3195 1087 3264 ignis
1107 3191 1325 3263 exspirationibus

243 3289 345 3359 agitur.
382 3289 459 3359 Ergo
482 3284 600 3347 ‘adunus'
631 3307 687 3342 non
715 3308 730 3343 c
753 3290 816 3343 sede
840 3308 889 3343 sua
912 3290 1114 3344 removendum
1135 3296 1188 3359 est3
1217 3289 1260 3344 sed
1277 3288 1326 3340 sine

242 3386 300 3438 ulla
318 3385 495 3439 dubitatione
514 3387 678 3440 mutandum
697 3391 739 3440 est
766 3386 796 3438 in
815 3380 976 3454 (πόρους.
1013 3387 1046 3439 Id
1073 3388 1148 3440 enim
1174 3405 1253 3440 unum
1275 3400 1326 3437 cum
1409 3381 1410 3392 ¹

242 3482 294 3536 loci
314 3482 451 3536 sententia
470 3483 553 3550 plene
572 3482 717 3550 convenit3
746 3487 775 3535 et
798 3483 833 3536 ab
854 3483 1006 3550 Hippolyto
1031 3483 1071 3535 ita
1097 3484 1231 3552 scriptum
1248 3481 1327 3542 fuisse,

241 3582 321 3648 patet
339 3596 354 3631 c
375 3578 467 3631 verbis
487 3578 621 3631 continuo
641 3579 835 3647 sequentibus:
855 3577 920 3648 ,μὴν
939 3580 970 3631 ἀὲ
986 3573 1110 3644 ’σελήνην
1126 3582 1192 3632 nori
1210 3579 1327 3649 pioniu-

242 3678 379 3743 ρουμένην
399 3680 560 3744 φαίνεσθαι,
579 3675 646 3727 ποτὲ
667 3676 698 3727 ἀὲ
719 3680 896 3745 μειουμένην,
916 3672 983 3726 κατὰ
1002 3672 1050 3740 τὴν
1069 3677 1136 3730 τῶν
1156 3672 1265 3744 πόρων
1281 3674 1327 3724 tnt-

242 3771 341 3837 ρραξιν
360 3763 375 3834 ἢ
395 3763 523 3830 ἀνοιξιν.“
561 3771 632 3824 Nam
651 3771 724 3838 inde,
745 3771 819 3838 quod
838 3771 942 3825 dicitnr
957 3772 1037 3824 ‘suiv
1056 3766 1162 3842 πόρων
1190 3791 1248 3826 cnm
1271 3768 1326 3824 arti-

243 3865 304 3918 culo
324 3864 448 3932 definito,
467 3871 554 3935 patet,
574 3866 624 3921 hos
644 3861 745 3934 πόρους
764 3868 819 3920 iam
839 3871 921 3920 antea
939 3872 1109 3944 memoratos
1128 3887 1194 3923 esse.

344 3975 373 4045 2)
391 3977 557 4032 Theodoret.
577 3979 624 4032 Gr.
645 3979 689 4033 aff.
711 3997 768 4033 cur.
785 3983 809 4047 4,
828 3985 896 4034 tom.
916 3979 963 4047 IV,
982 3997 1009 4047 p.
1030 3981 1081 4032 797
1101 3982 1144 4034 ed.
1164 3981 1238 4034 liat:
1258 3975 1284 4039 „o'
1301 3973 1326 4026 di

241 4070 465 4143 Ἀναξίμανδρος
494 4073 567 4143 (τοὺς
590 4073 718 4146 ἀστέρας)
747 4071 906 4147 συστήματα
932 4073 996 4130 ἄττα
1021 4078 1067 4129 τοῦ
1096 4075 1177 4146 ἀέρος
1198 4079 1257 4148 ἔφη,
1279 4091 1326 4140 19⁰·

240 4171 358 4241 χοειάιῦς
373 4174 556 4240 κεκινημένα,
576 4168 661 4242 πυρὸς
680 4173 787 4243 ἔμπλεα
808 4174 884 4242 εἶναι,
904 4168 960 4226 ἀπό
985 4191 1065 4226 τινων
1085 4180 1208 4245 στομίων
1225 4169 1326 4242 ἀφιέντα

242 4265 289 4326 τὰς
308 4261 442 4339 φλόγας.“
