2864 4904
537 335 634 439 κ911
732 381 736 386 ’

69 566 228 641 tamquam
250 578 315 626 una
337 557 515 642 eademque
541 577 594 626 res
616 557 657 624 ad
684 559 757 625 illos
779 577 859 625 unos
879 555 1093 640 philosophos
1117 549 1164 621 re-

67 668 199 744 seratum
220 666 254 732 id
275 665 363 751 quod
386 671 483 732 antea
503 667 536 731 in
560 665 664 750 ipsius
685 667 749 732 looi
764 664 1029 751 interpretatione
1052 662 1164 746 singil-

69 775 156 841 latim
185 775 386 843 ostendimus
396 778 430 852 ¹).
481 763 619 857 Deinde,
652 774 681 840 si
712 775 809 841 istam
835 772 1027 840 sententiam
1055 792 1164 839 veram

70 905 140 952 esse
160 887 320 970 ponimus,
341 885 417 950 talis
440 883 599 967 quaedam
622 883 790 950 Aristoteli
816 880 1021 950 attribuenda
1043 888 1093 950 est
1114 883 1165 948 oo·

69 993 190 1078 gitandi
214 1000 246 1060 et
268 993 401 1060 dioendi
423 993 638 1077 neglegentia,
663 1012 756 1078 qnae,
789 991 851 1058 hoo
872 991 1062 1077 praesertim
1084 992 1165 1075 looo,

70 1103 194 1169 omnino
216 1121 280 1168 non
313 1101 418 1186 possit
450 1103 589 1169 admitti.
633 1103 716 1169 lllud
744 1103 829 1170 enim
861 1103 890 1168 si
923 1101 1084 1186 ponimns,
1116 1121 1165 1168 se-

69 1211 184 1291 quitur,
215 1216 250 1275 nt
270 1210 463 1278 Aristoteles
496 1210 633 1296 primum
668 1230 736 1287 eos,
770 1211 826 1292 qui
855 1211 982 1295 aliquid
1014 1205 1105 1291 παρὰ
1126 1205 1166 1274 τὰ

70 1323 209 1399 στοιχεῖα
224 1319 425 1404 prinoipium
445 1325 576 1405 ponant,
599 1319 727 1387 induas
740 1326 848 1404 partes
871 1319 1007 1404 dividat,
1032 1321 1165 1386 alteram

70 1449 184 1508 eorum,
205 1431 259 1512 qui
286 1429 368 1495 illud
391 1428 534 1495 medium
567 1429 651 1496 inter
672 1449 790 1510 aquam
822 1434 855 1496 et
884 1449 1000 1510 aerem,
1032 1430 1165 1496 alteram

72 1556 183 1616 eorum,
207 1538 263 1620 qui
285 1535 428 1604 medium
456 1537 540 1604 inter
562 1557 670 1604 aerem
692 1543 725 1604 et
744 1538 853 1621 ignem
876 1544 1006 1621 ponant,
1036 1543 1166 1622 tumque

71 1645 127 1712 lros
145 1649 339 1732 posteriores
355 1647 488 1730 quidem
509 1647 551 1712 ad
567 1653 672 1714 oertos
688 1647 844 1731 quosdam
859 1646 1070 1732 philosophos
1093 1649 1167 1732 ipsa

72 1755 203 1823 historia
225 1763 321 1824 notos
360 1757 489 1837 referat,
520 1758 643 1841 priores
675 1763 784 1823 antem
816 1757 850 1822 in
882 1755 944 1822 hae
972 1778 1007 1824 re
1038 1759 1166 1826 omnino

73 1867 311 1949 praetermittat,
335 1867 382 1931 ita
402 1872 437 1932 ut
461 1867 617 1932 inoertum
631 1866 839 1950 relinquatur,
861 1885 926 1932 non
950 1855 1063 1950 solnm,
1086 1887 1167 1951 quoe

74 1972 247 2060 intellegat,
268 1975 508 2059 verumetiam,
531 1995 607 2042 num
627 1975 757 2054 omnino
779 1975 906 2058 aliquos
929 1977 1105 2062 intellegat.
1126 1978 1168 2044 At

75 2101 198 2165 prorsus
211 2083 401 2150 incredibile
424 2088 483 2166 est,
505 2083 710 2150 Aristotelem
732 2104 796 2151 non
817 2105 873 2156 eos
895 2087 1004 2170 etiam,
1028 2088 1082 2172 qui
1104 2107 1168 2154 me-

76 2190 159 2258 diurn
182 2193 267 2260 inter
279 2187 450 2278 aqnam'et
472 2213 578 2260 aerem
593 2201 758 2279 ponerent,
779 2195 822 2262 ad
837 2203 941 2264 oertos
956 2197 1168 2282 philosophos

75 2304 239 2371 relaturum
262 2303 375 2386 fuisse,
398 2304 427 2369 si
442 2306 524 2370 tales
536 2304 702 2388 quosdam,
726 2306 767 2372 ab
789 2305 840 2380 iis,
864 2307 920 2390 qui
932 2307 1074 2374 medinm
1086 2309 1169 2374 inter

76 2432 176 2479 aerem
202 2419 235 2480 et
257 2412 364 2497 ignem
386 2419 552 2498 ponerent,
586 2413 731 2481 diversos
760 2417 974 2500 oognovisset,
1005 2424 1101 2500 atque
1122 2418 1169 2482 in-

74 2523 220 2590 credibile
244 2522 377 2606 quidem
399 2543 472 2590 oum
493 2530 673 2609 propterea,
696 2524 782 2608 qnod
807 2526 888 2592 haeo
910 2525 1041 2593 omissio
1072 2526 1168 2592 valde

75 2631 187 2698 vitiosa
204 2639 291 2700 esset
306 2651 367 2698 neo
382 2632 444 2698 hoo
458 2633 539 2716 loeo,
558 2653 621 2717 quo
637 2634 768 2700 alterius
791 2635 890 2702 medii
906 2639 1035 2702 autores
1057 2642 1169 2721 aperte

77 2739 260 2825 indicantur,
292 2743 360 2807 ulla
389 2761 506 2808 caussa
526 2742 653 2834 idonea,
688 2744 788 2811 veluti
810 2745 983 2830 oblivione,
1014 2747 1171 2830 explioari

77 2857 188 2935 posset,
211 2857 277 2917 tum
302 2858 484 2936 propterea,
507 2853 594 2935 quod
615 2856 805 2922 Aristoteles
826 2861 894 2922 toto
913 2858 984 2922 looo
1007 2855 1042 2921 id
1064 2855 1171 2940 ipsum
1244 2901 1246 2906 s

78 2960 150 3044 agit,
170 2966 206 3026 ut
229 2981 295 3045 eas,
318 2980 400 3044 qnae
422 2967 498 3028 ante
521 2963 626 3047 ipsum
648 2963 691 3030 ab
722 2963 796 3030 aliis
818 2964 1004 3050 propositae
1025 2963 1100 3044 sint,
1129 2963 1170 3030 de

78 3069 206 3136 materia
234 3070 412 3136 sententias
434 3070 569 3138 refellat.
611 3071 705 3157 Ergo,
739 3073 768 3140 si
800 3071 884 3140 hano
913 3075 1071 3141 rationem
1101 3093 1171 3140 oum

78 3181 177 3260 priore
200 3180 436 3264 ooniungimus,
465 3180 592 3248 videtur
614 3189 760 3268 apertum
780 3205 862 3267 esse,
883 3185 1088 3252 Aristotelem
1110 3183 1172 3250 hoe

80 3287 143 3356 looo
163 3311 228 3357 non
251 3290 426 3373 separatim
441 3291 582 3358 medium
604 3293 707 3358 solum
723 3292 806 3360 inter
824 3313 931 3361 aerem
952 3300 985 3362 et
1006 3295 1114 3377 ignem
1129 3293 1172 3361 ad

80 3416 128 3464 eos
162 3400 291 3480 referre,
325 3400 382 3482 qui
414 3394 452 3464 τὸ
475 3387 614 3484 ἄπειρον
645 3399 699 3466 καὶ
722 3397 761 3466 τὸ
782 3402 935 3486 περιέχον
966 3409 1096 3486 ponant,
1131 3405 1172 3470 ab

80 3505 124 3574 his
145 3515 253 3576 autem
284 3509 368 3574 alios
397 3507 608 3595 distinguere,
642 3511 699 3593 qui
720 3510 861 3578 medium
896 3512 979 3578 inter
1001 3532 1118 3596 aquam
1141 3517 1173 3578 et

79 3635 177 3684 aerem
196 3623 352 3700 statuant,
386 3618 444 3686 sed
465 3619 560 3685 simul
590 3626 623 3686 et
645 3626 813 3704 utrumque
835 3621 976 3688 medium
1008 3627 1040 3700 et
1065 3621 1172 3706 ipsum

79 3719 113 3790 τὸ
127 3723 218 3810 παρὰ
232 3721 432 3807 adsumptio
446 3727 536 3795 hisne
554 3728 668 3795 mediis
684 3730 879 3814 explicatum
891 3735 1055 3813 tamquam
1075 3749 1172 3796 unam

83 3836 278 3921 eandemque
311 3857 378 3904 rem
400 3834 442 3902 ad
465 3835 595 3906 eosdem
629 3837 701 3904 illos
730 3837 941 3923 philosophos
974 3838 1107 3917 referre3
1139 3837 1173 3904 id

81 3952 181 4013 autem
202 3967 243 4014 ea
275 3948 377 4014 solnm
400 3945 592 4015 oondioione
622 3948 727 4032 potuit
749 3948 865 4028 faeere,
892 3948 921 4016 si
947 3943 986 4013 τό
1016 3941 1107 4031 παρὰ
1133 3941 1174 4010 τὰ

82 4059 219 4137 στοιχεῖα
250 4077 349 4123 unum
374 4057 476 4122 solum
498 4057 626 4142 putavit
659 4063 691 4121 et
713 4056 778 4123 duo
799 4056 857 4122 illa
877 4056 983 4124 media
1004 4076 1069 4123 non
1091 4056 1173 4123 duas

85 4207 272 4222 ¹¹—t——u-

176 4294 201 4360 1)
219 4292 251 4348 Ρ.
269 4293 304 4348 66
322 4297 381 4349 not.
401 4295 425 4348 1:
