2850 4904
625 363 674 418 lul

88 541 144 598 est
167 531 395 617 Theophrasto
416 538 473 599 aut
487 534 558 600 eius
577 534 796 602 testimoninm
811 538 942 620 sprevit.
976 535 1070 614 Quod
1093 545 1201 606 autern

88 641 181 708 idem
197 641 433 708 Anaximandri
456 643 651 726 prinoipium
674 642 753 710 dioit
768 663 840 712 esse
859 639 998 728 ‘eorpus
1014 646 1110 713 rebus
1126 648 1202 714 sub·

88 752 225 831 neotum,
244 750 335 816 onius
358 750 485 834 speeies
507 751 549 816 ab
572 751 628 817 illo
651 773 715 818 non
733 750 929 836 definiatur',
953 753 1034 821 haee
1054 753 1201 824 definitio

89 880 160 924 non
182 859 368 928 neeessario
397 859 527 942 quidem
557 881 578 926 a
600 860 823 946 Theophrasto
846 861 1006 946 dissentit,
1039 870 1201 947 quatenus

89 968 120 1036 is
136 967 377 1035 Anaximandri
401 969 596 1054 prinoipium
617 991 690 1038 osse
709 971 791 1038 dieit
812 972 936 1055 aliquid
950 971 1041 1053 παρὰ
1061 973 1202 1039 τὰστοι-

88 1081 178 1160 χεῖα,
202 1084 235 1144 et
256 1076 493 1162 quodammodo
506 1081 614 1164 etiam,
641 1085 676 1146 nt
699 1085 812 1163 postea
833 1082 1014 1165 apparebit
1043 1081 1200 1164 explicari

90 1193 215 1272 potest,
244 1190 273 1252 si
306 1187 563 1272 Theophrastum
596 1189 747 1274 ponimus
776 1188 857 1256 illud
890 1189 1084 1276 prinoipium
1106 1190 1201 1258 modo

90 1296 294 1364 disiunotivo
320 1303 377 1364 ant
404 1296 487 1364 inter
514 1297 595 1366 haee
616 1303 672 1366 aut
694 1299 779 1364 inter
800 1299 856 1364 illa
877 1299 1036 1366 elementa
1058 1299 1199 1366 medium

90 1404 236 1486 dixisso;
259 1405 317 1507 sed
337 1405 465 1473 omnino
488 1412 611 1489 pugnat
633 1425 705 1472 oum
724 1427 777 1494 eo,
799 1405 885 1488 quod
900 1405 981 1472 illud
1003 1407 1198 1491 prineipiuin

90 1537 113 1581 a
136 1513 366 1599 Theophrasto
388 1512 507 1580 dieitur
526 1511 586 1596 μία
619 1507 718 1600 φύσις
744 1505 900 1596 ἀόριστος
934 1514 1002 1580 κατ’
1027 1505 1125 1596 εἶδος,
1158 1517 1200 1582 si·

90 1621 229 1708 quidem
251 1619 397 1707 ‘eorpus
431 1624 522 1690 ouius
550 1623 677 1707 speeies
701 1645 764 1691 non
788 1623 982 1705 definietur',
1015 1644 1074 1690 sua
1096 1624 1200 1709 ipsius

91 1739 216 1801 nature
246 1753 309 1800 non
331 1733 433 1800 solum
459 1739 575 1816 potest,
607 1733 665 1800 sed
698 1734 850 1816 qnoniam
872 1751 989 1818 eorpus
1011 1740 1070 1816 est,
1105 1733 1202 1800 dehet

91 1841 194 1908 etiam
217 1841 386 1908 delinitum
414 1861 497 1925 esse,
529 1861 612 1924 quae
639 1849 747 1910 autem
769 1827 888 1909 dieitur
921 1835 1020 1926 φύσις
1046 1832 1201 1924 ἀόριστος

91 1950 164 2018 κατ’
188 1941 288 2034 εἶδος,
312 1971 371 2035 por
393 1971 428 2018 se
450 1951 538 2018 omni
559 1953 668 2035 speeie
698 1950 831 2018 delinita
852 1959 950 2018 earet.
994 1950 1102 2029 Quare
1123 1951 1199 2017 Por-

93 2061 232 2146 phyrius
257 2059 317 2129 hae
339 2079 466 2144 qnoque
490 2067 581 2144 parto
604 2061 784 2128 censendus
807 2067 927 2129 estant
942 2081 1006 2128 nou
1029 2080 1105 2128 usus
1128 2079 1200 2128 esse

93 2168 333 2253 Theophrasto,
355 2174 411 2234 aut
434 2169 504 2234 eius
526 2168 745 2236 testimonium
768 2171 931 2254 sprevisse
952 2177 1010 2237 aut
1031 2155 1094 2236 non
1119 2169 1199 2236 satis

92 2285 247 2346 aeourats
279 2276 489 2348 intellexisse.
552 2279 638 2360 Ergo
671 2299 690 2344 e
731 2278 927 2344 Damasoeni
962 2285 995 2345 et
1028 2277 1199 2362 Porphyrii

93 2387 303 2473 opinionibus
332 2385 414 2454 nihil
436 2387 591 2471 sequitur,
618 2385 704 2470 quod
736 2407 806 2454 oum
839 2388 1000 2454 sententia
1034 2388 1200 2472 proposita

97 2503 230 2582 pugnet.
813 2515 816 2520 “

195 2605 263 2672 Sed
281 2606 365 2674 'sive
397 2607 444 2680 illi
465 2607 650 2674 Aristotelis
671 2608 860 2690 interpretes
893 2625 983 2672 suam
1017 2604 1058 2673 de
1079 2605 1199 2674 Anaxi·

93 2714 224 2782 mandri
240 2714 402 2799 principio
426 2713 618 2783 sententiam
639 2735 659 2779 a
675 2712 900 2799 Theophrasto
913 2720 1108 2796 aeoeperunt
1129 2716 1197 2780 sive

95 2844 159 2890 non
182 2829 388 2907 aeceperunt,
420 2842 490 2888 eum
520 2821 584 2888 duo
608 2828 756 2910 auctores
788 2821 876 2889 haud
909 2840 988 2888 sane
1020 2822 1196 2890 medioeres

95 2953 227 3017 prorsus
250 2931 452 3008 dissentiant,
486 2930 527 2997 de
548 2932 634 2998 illius
662 2932 844 2998 sententiae
866 2930 1002 2998 veritate
1027 2951 1090 2996 non
1111 2938 1198 3014 pote·

95 3042 196 3108 rimus
219 3043 298 3108 eerti
320 3059 402 3125 esse,
434 3040 497 3108 nisi
519 3061 590 3108 eam
613 3040 689 3107 aliis
711 3043 809 3108 etiem
841 3040 1035 3108 testimoniis
1071 3041 1198 3106 omnino

95 3150 243 3218 indubiis
262 3148 584 3235 comprobaverimus.
601 3149 710 3217 Talia
723 3156 832 3217 autem
853 3148 1037 3215 testimonia
1060 3148 1198 3233 reperiri

96 3280 158 3327 non
195 3265 331 3346 possunt
363 3258 425 3326 nisi
458 3258 547 3342 apud
580 3258 799 3334 Aristotelem
835 3257 879 3324 ad
908 3257 992 3324 hone
1025 3257 1124 3340 igitur
1150 3278 1198 3323 re·

96 3371 259 3438 vertimur.

198 3479 247 3544 13.
289 3478 403 3561 Itaque
425 3484 522 3546 antea
543 3497 584 3544 ex
604 3476 685 3560 ipsis
701 3476 882 3544 Aristotelis
903 3475 986 3542 loeis
1007 3475 1196 3558 singillatim

95 3588 204 3656 allatis
227 3587 528 3667 demonstravimus,
560 3585 719 3654 voeabula
744 3585 783 3650 τὸ
811 3578 901 3666 παρὰ
927 3583 969 3648 τὰ
998 3587 1145 3663 σιοιχεῖα
1167 3591 1199 3652 et

96 3690 284 3780 τὸμεταξύ,
308 3696 377 3763 sive
408 3696 443 3761 id
465 3695 656 3780 singillatim
686 3700 754 3761 tum
786 3694 869 3760 inter
891 3713 1005 3760 aerem
1024 3700 1056 3758 et
1079 3683 1200 3775 ignem,

96 3815 162 3876 tum
179 3808 276 3873 inter
297 3826 404 3874 aerem
438 3813 470 3873 et
502 3826 629 3888 aquam,
661 3803 730 3870 sive
765 3804 860 3870 modo
893 3803 1089 3869 disiunotivo
1121 3809 1199 3868 ant

96 3916 179 3984 inter
201 3936 310 3984 nerem
336 3924 368 3982 et
390 3917 498 4000 ignem
524 3922 592 3982 aut
616 3917 699 3982 inter
721 3933 828 3980 aerem
863 3919 894 3978 et
916 3931 1033 3996 aquam
1056 3911 1197 3978 medium

97 4024 223 4103 dieitur,
247 4025 288 4090 ab
310 4044 348 4090 eo
370 4025 414 4092 ad
436 4023 684 4108 significandum
708 4044 805 4090 unum
827 4023 978 4106 idemque
1002 4021 1197 4107 prineipium

97 4135 257 4217 adhiberi,
280 4134 365 4217 quod
391 4134 521 4217 quidem
544 4133 738 4219 principium
760 4152 820 4200 sua
834 4129 974 4216 quadam
996 4137 1112 4201 natura
1133 4130 1198 4196 tale

97 4266 167 4312 esse
189 4250 360 4330 oporteret,
395 4251 429 4311 ut
462 4245 531 4328 pari
566 4245 635 4310 iure
668 4250 804 4326 utroque
839 4237 933 4309 modo
968 4240 1109 4312 modium
1131 4239 1197 4305 diei
