2850 4904
789 326 841 381 166

253 495 392 578 quodid
414 498 500 582 quod
523 506 656 565 estnon
679 519 776 566 unum
799 505 831 565 et
854 500 1065 580 immotum,
1088 496 1346 580 quemadmodum

253 605 398 687 Eleatae,
429 607 488 674 scd
511 628 608 674 unum
631 613 663 674 ct
686 615 786 674 motu
814 609 938 676 insito
962 607 1185 692 praeditum
1208 613 1347 688 statuant,

256 735 393 798 cumque
417 717 446 782 is
468 722 572 782 motus
594 737 659 784 non
682 717 714 783 in
739 719 809 784 sola
831 716 971 800 quadarn
1001 717 1065 782 loci
1086 717 1261 781 mutatione
1283 735 1347 778 con

256 827 349 892 sistat
370 825 428 892 sed
451 827 525 891 talis
547 827 599 904 sit,
630 835 666 892 ut
688 828 759 911 ipsc
782 847 840 910 per
867 848 904 893 se
924 847 1030 893 rerum
1055 823 1290 890 multitudinem
1311 824 1348 887 el-

254 935 352 1014 iciat,
376 955 417 1001 ex
439 933 500 1000 hac
521 954 556 1000 re
578 934 644 1001 duo
666 941 840 1018 sequuntur
862 935 903 1002 dc
921 935 1130 1020 physicorum
1152 934 1254 1019 ipsius
1275 934 1348 998 ontis

254 1047 400 1112 notione:
422 1044 571 1128 primum,
594 1051 629 1111 ut
649 1044 683 1109 id
705 1045 793 1127 quod
814 1052 865 1111 est
886 1067 950 1112 non
973 1043 1163 1130 simpliciter
1184 1064 1282 1110 unum
1302 1063 1348 1125 po-

254 1173 331 1218 nere
360 1153 531 1235 potuerint,
563 1153 834 1236 quemadmodum
864 1154 1009 1234 Eleatae,
1043 1153 1101 1219 scd
1125 1174 1166 1220 ca
1189 1156 1290 1220 solum
1308 1173 1348 1216 ra·

254 1265 350 1345 tione,
384 1269 418 1329 ut
440 1263 653 1330 substantiam
676 1263 825 1329 omnibus
856 1263 953 1328 rebus
985 1262 1161 1328 subiectam
1185 1282 1348 1344 omnesque

256 1392 307 1439 res
330 1394 371 1438 ex
393 1393 465 1440 sese
487 1379 694 1456 generantem
725 1394 821 1440 unam
844 1393 916 1439 esse
939 1372 1100 1454 dicerent3
1131 1371 1261 1454 deiude,
1284 1391 1350 1453 quo

254 1482 342 1548 niam
367 1483 421 1548 ille
437 1488 541 1548 motus
556 1502 620 1548 non
637 1487 743 1565 potest
764 1484 870 1547 inesse
891 1483 952 1547 nisi
971 1483 1004 1546 in
1019 1486 1136 1546 natura
1148 1499 1308 1564 corporea,
1321 1485 1350 1541 nt

256 1592 469 1658 substantiam
492 1592 581 1658 illam
614 1591 711 1658 rebus
733 1591 921 1658 subiectam
954 1611 1076 1674 ponere
1099 1589 1271 1656 debuerint
1292 1607 1350 1654 cor-

255 1698 1350 1786 mmmmmmmmmffiffls

256 1811 372 1894 quibus
397 1809 522 1894 physici
548 1809 697 1876 dicuntur
729 1799 784 1873 “ab
817 1809 1014 1897 ποιήσαντες
1040 1803 1085 1873 ἰιι
1121 1800 1159 1872 dv
1192 1815 1287 1890 σῶμα
1316 1801 1348 1868 ιιι

255 1919 351 1984 ulmos.
374 1910 460 1984 tect.³
484 1919 638 1985 contineri
662 1918 868 1984 ostendimus.

356 2030 424 2093 lanu
458 2049 542 2111 quac
563 2025 798 2112 disputavimus
829 2028 980 2095 brevibus
1009 2027 1256 2112 complectenda
1277 2033 1349 2092 sunt.

255 2135 488 2217 Quaerebatur,
511 2156 593 2219 quae
611 2138 682 2203 cius
703 2136 776 2221 loci,
800 2137 841 2203 de
864 2157 926 2220 quo
949 2136 1213 2222 disceptavimus,
1237 2155 1351 2202 summa

256 2252 342 2312 esset
364 2246 532 2311 sententia.
578 2245 626 2311 Ad
653 2267 749 2329 quarn
773 2245 994 2329 quaestionem
1017 2266 1101 2312 nunc
1123 2247 1188 2310 iarn
1211 2246 1289 2312 hacc
1310 2243 1349 2306 vi·
1404 2293 1405 2296 ,

256 2355 371 2422 dentur
392 2353 619 2439 respondenda
641 2376 728 2422 esse:
754 2356 943 2423 Aristoteles
965 2355 1119 2422 hocloco
1142 2375 1205 2420 non
1227 2353 1295 2438 agit
1315 2351 1350 2416 de

256 2484 414 2531 numero
437 2463 680 2548 principiorum;
702 2487 840 2550 namque
862 2472 929 2532 toto
951 2467 1033 2543 loco,
1056 2467 1147 2531 cuius
1167 2465 1205 2548 is,
1233 2464 1349 2544 dequo

255 2573 430 2657 quaeritur,
453 2575 566 2640 ultima
581 2582 731 2659 parscst,
754 2573 795 2640 de
818 2574 896 2640 solis
920 2574 959 2640 iis
981 2573 1188 2657 philosophis
1205 2572 1348 2657 disputat.

255 2684 310 2766 qui
341 2683 375 2749 id
405 2682 490 2766 quod
512 2689 562 2748 cst
583 2683 684 2750 velint
715 2704 842 2749 unum
875 2703 957 2766 esse,
991 2690 1025 2750 et
1047 2683 1108 2748 bac
1140 2683 1213 2766 ipsa
1246 2680 1350 2746 ultima

254 2793 317 2858 loci
352 2799 443 2875 parte
476 2792 764 2875 singillatim
798 2791 838 2858 dc
871 2792 1028 2877 physicis,
1062 2793 1116 2875 qui
1146 2793 1180 2858 id
1201 2791 1287 2873 quod
1307 2797 1349 2854 est
1402 2871 1403 2876 ἵ

255 2902 316 2982 vel,
356 2907 390 2966 ιιι
429 2921 514 2966 nuno
551 2902 615 2967 ianr
660 2901 768 2968 dicere
806 2923 984 2986 possumus,
1027 2921 1132 2966 rerum
1168 2899 1349 2985 principium
1402 2887 1403 2971 l

255 3030 366 3075 unum
400 3016 436 3075 ot
470 3017 571 3076 motu
609 3009 830 3093 praeditum
862 3010 981 3090 dicant,
1016 3010 1058 3076 dc
1094 3011 1134 3075 iis
1158 3017 1274 3090 autern,
1301 3007 1348 3089 qni

256 3120 349 3203 plura
371 3140 476 3184 rerum
509 3119 673 3203 principia
706 3126 835 3202 ponant,
872 3119 1018 3203 sequenti
1045 3119 1176 3186 demum
1200 3119 1271 3183 loco
1293 3114 1349 3180 dis·
1401 3175 1402 3178 ,

256 3229 341 3293 serit.
385 3227 454 3293 Neo
486 3227 555 3312 agit
590 3227 631 3294 de
663 3227 835 3296 diversis
868 3229 1149 3316 principiorum
1192 3224 1348 3311 qualita·
1401 3193 1402 3243 ¹

256 3336 377 3413 tibns;
406 3357 480 3402 nanu
517 3356 713 3421 quamquam
749 3336 889 3419 diversa,
926 3359 1008 3423 quae
1035 3359 1055 3404 a
1083 3337 1225 3428 physicis
1253 3333 1348 3421 posita

257 3447 331 3527 sint,
354 3445 516 3528 principia
537 3444 717 3529 distinguit,
738 3446 828 3512 hisce
844 3446 951 3513 verbis
974 3447 1017 3514 ad
1036 3441 1091 3512 “ab
1105 3447 1203 3528 σῶμα
1222 3438 1262 3510 τὸ
1277 3442 1345 3506 dno-

173 3625 176 3630 ,
248 3545 423 3635 'aalpevov'
444 3553 621 3639 adpositis,
653 3547 692 3638 „ij
714 3556 780 3618 cciv
801 3555 901 3637 τριῶν
922 3579 953 3620 τι
979 3547 1001 3640 ἢ
1022 3545 1102 3619 litto
1125 3554 1221 3636 κτλ.“,
1244 3553 1346 3636 quibus

256 3663 354 3742 illius,
371 3661 459 3745 quod
483 3662 661 3747 aphysiois
677 3664 871 3748 principium
889 3672 1034 3749 ponatur,
1055 3666 1200 3749 corporis
1212 3665 1347 3731 t'orrnac

257 3771 450 3855 indicantur,
473 3778 581 3839 tamen
604 3773 689 3857 indo,
712 3773 798 3856 quod
820 3773 882 3840 hae
898 3775 1019 3840 formae
1042 3796 1104 3841 non
1128 3769 1346 3858 nisiadposi·

256 3882 380 3947 tionis
402 3879 512 3947 modo
543 3881 741 3966 adfemntm,
773 3886 850 3950 satis
881 3890 980 3968 patet,
1015 3883 1103 3950 illam
1128 3883 1346 3968 principiomnu

257 3989 501 4058 distinctionem
517 4011 581 4058 non
603 4012 674 4059 csse
697 3993 741 4078 id,
765 3993 851 4076 quod
877 3993 1080 4076 potissimum
1102 3993 1247 4060 voluerit.
1290 3986 1346 4055 Sed
1398 4040 1399 4059 ι

258 4100 292 4168 id
314 4103 392 4185 agit,
415 4109 450 4168 ut
472 4110 624 4185 exponat,
655 4123 721 4186 qua
741 4104 867 4171 ratione
890 4103 1029 4188 physici,
1063 4124 1144 4187 quos
1174 4103 1238 4169 iam
1260 4106 1346 4168 antea

257 4208 340 4276 dixit
360 4208 393 4275 id
416 4210 502 4293 quod
525 4218 573 4276 est
595 4232 691 4277 unum
715 4219 748 4278 et
774 4220 862 4279 motu
884 4213 1066 4297 praeditum
1083 4234 1213 4298 ponere,
1234 4215 1345 4296 ipsam
1397 4263 1398 4329 ,
