2850 4904
597 383 647 438 165

57 557 120 622 His
146 557 235 622 enirn
259 559 366 624 verbis
389 560 453 624 iam
477 561 614 625 breviter
636 558 766 642 quidem
787 559 846 624 sed
865 560 1035 644 perspicue
1058 561 1172 626 eadem

58 664 273 749 physicorum
297 666 443 733 dootrina
465 668 674 751 significatur,
702 688 797 750 qnam
826 669 1003 752 posteriore
1025 669 1097 733 looo
1120 688 1171 733 ao-

58 777 206 841 ouratius
222 775 343 859 exponi
363 775 509 842 vidimus.
553 775 658 859 Atque
681 795 721 840 ex
737 775 824 841 bisoe
842 775 948 841 verbis
966 776 1063 840 etiarn
1089 792 1172 840 sum-

57 889 154 968 ptum
180 891 240 967 est,
263 885 349 969 quod
365 905 462 969 supra
485 884 638 969 physioos
661 884 695 949 id
717 884 805 968 qnod
826 891 876 952 est
898 890 934 950 et
956 905 1112 950 numero
1136 890 1173 949 et

59 992 188 1058 torma
211 1013 322 1058 unum
346 994 430 1058 sire
453 1012 565 1058 unurn
593 999 631 1059 et
659 992 826 1076 simplex
856 1011 998 1075 ponere
1021 991 1171 1059 diximus.

59 1101 195 1169 Deinde
225 1100 259 1168 id
282 1122 409 1187 quoque
443 1101 590 1169 veritatis
624 1103 750 1186 signum
784 1108 842 1180 est,
876 1101 964 1184 quod
992 1103 1048 1168 illa
1071 1102 1172 1187 expli-

60 1211 151 1276 catio
174 1231 239 1278 non
262 1214 364 1279 solum
394 1232 467 1277 oum
489 1211 613 1295 reliqua
640 1210 846 1296 physicorum
870 1211 1018 1278 doctrina
1043 1215 1172 1278 omnino

60 1320 227 1386 consentit
249 1319 424 1387 sedetiam
448 1320 488 1385 ab
511 1341 551 1386 ea
572 1321 764 1404 postulatur.
809 1319 987 1388 Gumenim
1003 1322 1076 1405 ipsa
1091 1321 1172 1406 phy-

61 1431 208 1498 sioorum
242 1431 410 1498 doetrinae
437 1432 619 1516 proprietas
648 1431 689 1497 ab
712 1431 887 1497 Aristotele
910 1432 941 1494 in
965 1451 1003 1498 eo
1026 1437 1172 1513 ponatur,

1142 1545 1148 1575 t

62 1665 132 1722 οὐδὲ
152 1669 191 1738 τῷ
210 1667 276 1722 εἴδει
296 1661 401 1723 οἷόντε
421 1667 452 1724 ἓν
471 1669 549 1738 εἶναι,
577 1666 648 1736 πλὴν
666 1672 711 1740 τῷ
730 1669 762 1730 ἐξ
780 1653 824 1722 οὗ·
848 1663 931 1728 οὕτως
951 1669 982 1723 δὲ
1006 1669 1037 1724 ἓν
1055 1673 1100 1722 καὶ
1119 1671 1173 1726 τῶν

61 1765 194 1836 φυσικῶν
217 1763 288 1824 τινὲς
312 1767 447 1835 λέγουσιν,
474 1766 582 1824 ἐκείνως
607 1767 633 1818 ‹l’
652 1759 695 1819 ot·
717 1760 866 1837 ἅνθρωπος
888 1762 942 1835 γὰρ
965 1769 1057 1818 ἵππου
1081 1764 1175 1836 ἕτερον

62 1863 101 1932 τῷ
129 1863 196 1916 elder
218 1865 263 1915 aul
284 1857 413 1916 τάναντία
436 1857 583 1929 ἀλλήλων.“
621 1863 654 1916 In
678 1863 754 1918 hisee
778 1861 872 1917 verbis
899 1858 988 1928 ‘alirn
1012 1863 1049 1933 τῷ
1072 1864 1100 1923 ἐξ
1117 1849 1173 1932 οὗ’,

66 1960 145 2030 quod
164 1960 268 2014 elarius
281 1959 431 2027 diceretur,
449 1956 521 2025 πλὴν
532 1960 570 2029 τῷ
588 1960 648 2014 τοῦ
661 1959 690 2020 ἐξ
706 1943 759 2022 ob’,
778 1959 930 2030 signifieat:
950 1957 1035 2026 ‘alirn
1053 1961 1090 2030 τῷ
1107 1962 1174 2014 εἴδει

64 2059 113 2110 τοῦ
133 2052 340 2128 transpono&
378 2055 431 2124 Qui
449 2061 642 2112 memorantur
660 2057 728 2110 ‘miv
741 2057 868 2128 φυσικῶν
885 2076 912 2108 τι
923 2060 958 2112 vt
962 2057 995 2118 ς’,
1013 2057 1073 2112 sine
1085 2056 1172 2113 dubio

63 2154 272 2224 intelleguntur
291 2152 321 2220 ii,
353 2153 402 2222 qui
425 2153 455 2208 id
478 2154 553 2222 quod
571 2159 614 2210 est
636 2155 680 2208 vel
703 2171 797 2210 rerum
815 2153 987 2224 principium
1006 2172 1093 2208 unum
1112 2173 1171 2210 esse

66 2251 212 2318 volebant,
232 2250 334 2319 quibus
362 2267 396 2304 ex
418 2251 507 2305 altera
525 2255 606 2320 parte
629 2256 810 2320 opponuntur
833 2251 862 2319 ii,
893 2250 940 2319 qui
969 2249 1052 2319 plura
1079 2269 1173 2306 rerum

65 2347 210 2417 principia
228 2347 382 2418 ponebant.
421 2345 462 2400 Cf.
481 2345 563 2415 Phys.
584 2345 605 2414 1,
625 2346 641 2400 2
666 2346 726 2401 init.
746 2346 865 2415 Reliqua
888 2364 928 2400 ex
941 2346 1069 2400 versione
1087 2347 1172 2401 inter·

67 2443 255 2513 positionibus
275 2443 480 2514 explicantibus
507 2449 589 2499 aucta
612 2442 679 2498 satis
697 2443 843 2513 patebunt.
882 2443 974 2498 Unum
994 2447 1105 2499 tanturn
1125 2445 1172 2498 ad·

67 2541 190 2595 dendum
209 2544 288 2610 puto.
325 2537 431 2594 Verba:
451 2533 613 2610 ’ἅνθρωπος
631 2537 684 2610 γὰρ
703 2543 791 2594 t'nrrou
809 2539 903 2611 ἕτερον
921 2541 958 2610 τῷ
979 2541 1044 2594 εἴδει
1064 2544 1109 2594 καὶ
1128 2539 1172 2594 τά-

65 2657 160 2693 νανιια
179 2633 315 2704 ἀλλήλων
331 2637 372 2691 ita
383 2637 614 2708 pronuntiantur,
633 2637 712 2706 quusi
724 2637 758 2691 iis
771 2636 938 2692 Aristotelea
957 2655 1015 2692 suo
1035 2638 1172 2694 nomine

67 2736 263 2790 demonstrare
282 2735 361 2804 velit,
380 2734 409 2789 id
428 2735 503 2806 quod
523 2740 565 2789 est
582 2753 639 2790 non
656 2752 737 2804 posse
756 2734 797 2789 ita
814 2751 900 2790 unum
920 2752 986 2802 esse,
1004 2740 1037 2788 ut
1055 2735 1173 2792 Eleatae

65 2833 163 2896 velint,
182 2833 230 2902 qui
249 2849 360 2888 omnem
381 2848 475 2886 rerum
493 2824 703 2888 multitudinem
730 2831 849 2902 ideoque
872 2849 982 2886 omnem
1010 2831 1096 2888 etiam
1115 2831 1171 2886 for·

66 2946 177 2984 murum
200 2927 395 2984 diversitatem
421 2927 531 2983 tollant.
575 2928 629 2984 Sed
657 2929 726 2984 haee
753 2928 904 2983 verborum
932 2928 1129 2998 interpretatio
1156 2947 1173 2982 a

66 3027 120 3082 looi
139 3026 249 3081 ratione
268 3025 382 3080 omuino
407 3025 500 3080 aliena
522 3030 572 3080 est.
608 3025 720 3080 Etenim
740 3025 916 3094 Aristoteles,
941 3029 973 3081 ut
996 3044 1010 3080 e
1032 3026 1173 3094 particula

65 3120 121 3193 γὰρ
139 3127 265 3194 apparet,
284 3122 353 3177 haee
377 3122 464 3177 verba
487 3122 603 3178 adhibet
624 3127 830 3192 argumentum,
854 3139 909 3192 quo
928 3122 1074 3191 probetur,
1098 3122 1173 3192 quod

66 3219 194 3290 proxime
212 3219 296 3287 dixit,
315 3219 443 3288 physicos
467 3218 496 3272 id
516 3218 591 3288 quod
616 3223 734 3272 estnon
753 3219 793 3272 ita
813 3218 904 3274 forma
923 3236 1011 3272 unum
1028 3218 1120 3274 dicere
1140 3224 1173 3272 ut

66 3316 188 3371 Eleates.
224 3315 286 3370 Iam
304 3332 371 3370 vero
390 3314 518 3384 physicos
546 3314 576 3369 id
599 3315 674 3383 quod
697 3319 738 3368 est
761 3331 818 3369 non
840 3315 881 3370 ita
900 3315 991 3369 forma
1016 3332 1103 3368 unum
1123 3333 1172 3384 po·

68 3430 144 3482 nere,
171 3418 202 3468 ut
223 3429 335 3468 omnem
353 3412 509 3467 formarum
532 3411 725 3468 diversitatem
743 3413 856 3475 tollant,
886 3413 963 3467 nullo
995 3411 1078 3466 modo
1107 3412 1172 3466 inde

66 3509 212 3579 probatur,
231 3507 306 3577 quod
327 3506 538 3561 Aristotelis
564 3506 730 3576 opinione
749 3512 828 3561 sunt
845 3507 964 3576 plures
983 3525 1038 3562 res
1058 3508 1173 3579 singn-

67 3607 169 3676 lares,
191 3621 283 3676 quae
301 3603 414 3659 forma
437 3603 598 3659 diversae
618 3604 700 3673 siut,
724 3603 772 3658 sed
800 3604 841 3659 ita
859 3605 949 3660 solnm
971 3605 1119 3674 probatur,
1145 3607 1172 3660 si

67 3701 207 3772 physici
226 3702 297 3772 ipsi
315 3706 458 3772 praeter
476 3719 578 3757 unum
596 3702 693 3756 illam
713 3702 956 3770 substantiam,
977 3702 1013 3756 in
1031 3721 1100 3774 qua
1118 3720 1172 3772 po·

69 3804 152 3855 nunt
170 3800 203 3854 id
229 3799 322 3870 quod
343 3804 401 3862 est,
429 3817 504 3854 esse
532 3805 726 3870 agnoscunt
752 3801 870 3869 plures
897 3817 950 3855 res
970 3800 1172 3870 singulares

70 3913 110 3950 ex
127 3897 405 3953 illasubstantia
423 3901 526 3962 ortas,
543 3897 770 3966 quippequae
784 3897 895 3952 forma
912 3896 1071 3951 diversae
1092 3897 1172 3951 sint.

71 3993 159 4060 Quare
178 4013 212 4049 ex
231 3995 292 4065 ipsa
310 3994 365 4048 looi
382 3994 491 4048 ratione
509 3998 574 4063 post
593 3993 680 4048 verba
697 3987 862 4065 ει’ίνῖῖριθπος
879 3991 996 4064 γὰρ...
1015 3997 1061 4046 καὶ
1072 3991 1172 4048 τάναν-

70 4095 112 4142 rlu
130 4087 263 4158 rillnluv'
282 4090 389 4159 aliquid
411 4096 503 4145 mente
526 4090 711 4160 supplendum
731 4095 773 4145 est
793 4090 882 4145 veluti
902 4085 919 4142 tl
948 4089 1049 4144 taetros
1067 4089 1097 4143 ἐκ
1125 4091 1172 4143 τοῦ

71 4185 131 4246 ἑνὸς
146 4187 304 4258 γεννῶσιν,
323 4189 367 4243 vel
386 4184 418 4240 ‘t
440 4189 538 4243 ἐκεῖνοι
558 4185 734 4242 ὑποτίθενται
755 4187 850 4258 εἶναι’,
869 4191 901 4242 nt
920 4187 1081 4244 Aristotelia
1111 4204 1171 4242 aen·

71 4287 157 4341 tentia
174 4291 318 4358 appareat.
