2860 4906
759 373 813 428 242

239 549 323 613 laetu
346 555 414 613 tum
434 547 519 613 inter
532 567 650 630 aquam
671 554 703 612 et
723 567 842 631 aerem,
863 555 930 614 tum
952 551 1035 614 inter
1049 567 1159 614 aerem
1181 552 1212 612 et
1226 550 1331 630 ignem,

239 665 305 721 tnm
329 656 455 722 ratione
476 657 671 723 disiunctiva
692 664 747 722 ant
770 658 852 722 inter
868 677 986 739 aquam
1009 663 1041 722 et
1062 677 1170 722 aerem
1191 663 1245 722 aut
1262 656 1333 720 inter

238 787 347 832 aerem
370 772 402 831 et
424 766 543 848 iguem,
576 763 718 847 denique
738 765 780 830 ab
804 765 980 830 Aristotele
1011 766 1110 830 semel
1141 765 1238 830 etiam
1262 765 1332 828 inter

240 893 357 956 aquarn
385 881 418 938 et
438 893 557 938 aerem.
600 873 639 936 ln
672 872 724 937 his
752 871 890 938 diversis
912 871 1094 939 Aristotelis
1124 873 1266 939 eiusdem
1294 874 1332 936 rei

238 982 509 1067 appellationibus
554 982 619 1047 duo
671 980 901 1064 distinguenda
937 989 1021 1062 sunt,
1059 981 1209 1064 primurn,
1258 979 1331 1064 quod

239 1093 387 1158 omnibus
402 1093 522 1178 pariter
531 1091 769 1157 Anaximandri
784 1091 979 1175 prineipium
1001 1095 1084 1157 inter
1100 1093 1166 1158 dno
1188 1093 1332 1158 elementa

239 1202 380 1268 medium
412 1201 501 1277 dieit,
536 1201 670 1278 deinde,
704 1201 790 1284 quod
819 1203 888 1267 sine
911 1203 978 1267 ullo
1011 1201 1137 1268 deleetu
1170 1210 1235 1268 tum
1262 1205 1333 1266 inter

238 1311 320 1378 haee
341 1319 408 1377 tum
430 1313 513 1376 inter
528 1312 585 1375 illa
597 1313 759 1376 elementa
774 1309 916 1375 medium
938 1311 1028 1376 dieit.
1053 1311 1132 1377 (lum
1156 1333 1220 1377 non
1239 1311 1331 1396 possit

239 1421 371 1488 dubium
404 1441 487 1498 esse,
520 1422 596 1503 quin
626 1421 818 1484 Aristoteles
850 1419 949 1484 etiam
982 1421 1088 1504 ipsam
1110 1420 1330 1485 Anaximandri

239 1532 420 1597 docuinam
443 1530 539 1615 plane
566 1529 731 1610 cognitam
753 1527 911 1602 habuerit,
945 1528 1039 1594 huius
1066 1529 1169 1611 ipsius
1196 1530 1236 1595 de
1256 1532 1332 1614 prin-

239 1641 326 1723 oipio
344 1639 493 1704 doetrina
513 1637 677 1704 censenda
695 1645 745 1704 est
767 1638 844 1703 talis
867 1639 980 1714 fnisse,
1004 1645 1165 1722 utaequa
1188 1642 1253 1704 iure
1275 1639 1331 1702 illis

239 1749 376 1814 diversis
398 1747 504 1813 modis
529 1747 705 1830 significari
728 1755 848 1831 posset.
873 1746 970 1826 Quod
993 1749 1022 1814 si
1046 1750 1093 1814 ita
1112 1769 1147 1814 se
1170 1749 1274 1830 habet,
1294 1745 1331 1812 ad

240 1857 450 1943 explicandas
466 1855 614 1922 diversas
634 1856 708 1922 illas
729 1857 974 1941 appellationes,
998 1838 1143 1922 utantea
1167 1860 1229 1922 iam
1244 1857 1330 1939 signi-

239 1968 415 2040 ficavimus,
437 1964 626 2031 sumendum
649 1973 708 2047 est,
730 1966 1007 2032 Anaximandrum
1029 1966 1138 2052 ipsum
1153 1966 1330 2051 principium

242 2097 333 2144 suum
354 2079 437 2142 inter
459 2075 523 2142 duo
538 2077 706 2150 elementa,
728 2077 789 2158 vel,
812 2083 847 2141 ut
861 2076 1063 2160 generaliore
1080 2077 1236 2143 vocabulo
1258 2081 1327 2148 utar,

245 2189 327 2254 inter
349 2184 431 2251 duas
452 2175 583 2250 naturas
605 2187 782 2251 aonuarias
806 2185 945 2252 medium
968 2184 1102 2268 dixisse,
1129 2186 1198 2251 has
1220 2189 1330 2250 autem

241 2296 336 2362 duas
359 2303 517 2360 naturas
545 2296 603 2360 ita
630 2293 874 2376 definivisse,
904 2300 1047 2360 utnon
1074 2294 1222 2362 duobus
1248 2293 1330 2360 defi-

240 2405 336 2470 nitis
361 2403 588 2470 Aristotelis
610 2405 816 2470 elementis
838 2403 1142 2487 responderent,
1165 2404 1232 2470 sed
1252 2399 1331 2487 pari

241 2515 324 2579 iure
344 2513 390 2578 ad
413 2515 525 2598 plura
547 2514 640 2578 bina
659 2514 849 2580 elementa
871 2513 1013 2578 referri
1036 2519 1209 2596 possent.

340 2623 446 2706 Atque
473 2625 608 2707 primum
635 2622 765 2703 quidem
797 2625 901 2707 ipsum
925 2622 1204 2690 Anaximandrum
1226 2622 1329 2706 prinei·

239 2729 328 2811 pium
353 2729 436 2794 inter
457 2728 522 2794 duo
541 2731 700 2795 elementa
721 2730 773 2796 vel
797 2732 880 2794 inter
905 2729 985 2795 duas
1009 2739 1143 2798 maturas
1168 2733 1329 2800 contrarias

240 2837 380 2903 medium
402 2837 534 2918 dumea,
556 2858 597 2904 ex
619 2840 657 2903 iis
680 2845 779 2922 patet,
801 2859 885 2921 quae
911 2847 1009 2906 antea
1031 2840 1072 2907 de
1094 2839 1158 2907 hae
1180 2863 1215 2908 re
1237 2841 1329 2924 dispu-

239 2947 385 3010 tavimus.
428 2945 534 3010 Possit
560 2945 688 3027 quidem
719 2948 876 3030 quispiam
901 2948 1038 3031 obicere,
1064 2948 1139 3014 inde
1167 2949 1253 3032 quod
1272 2947 1330 3012 Ani-

240 3056 371 3120 stoteles
395 3056 527 3138 eiusque
549 3057 741 3140 interpretes
762 3057 998 3123 Anaximandri
1020 3059 1214 3143 principium
1237 3058 1330 3125 dieant

241 3160 409 3226 interduo
431 3161 592 3227 elementa
612 3161 756 3228 medinm
777 3182 861 3245 esse,
886 3183 951 3229 non
975 3166 1163 3230 necessario
1186 3167 1283 3250 sequi,
1303 3169 1330 3228 nt

239 3269 482 3335 Anaximander
514 3270 600 3355 ipse
633 3271 775 3336 medinm
808 3272 942 3353 dixerit,
976 3272 1036 3339 sed
1068 3273 1139 3338 fieri
1173 3295 1276 3359 posse,
1303 3277 1331 3338 ut

239 3379 317 3444 illud
338 3399 402 3444 non
425 3378 490 3444 nisi
513 3378 671 3461 quaedam
695 3382 874 3446 Aristotelis
900 3383 1124 3467 interpretatio
1149 3387 1200 3464 sit,
1222 3384 1330 3469 pariter

239 3493 336 3569 atque
358 3487 548 3552 Aristoteles
579 3509 640 3554 uno
663 3489 735 3554 loeo
764 3489 850 3555 idem
873 3490 1067 3574 principium
1103 3512 1163 3576 por
1185 3491 1330 3575 quandam
1406 3505 1407 3542 ὲ

240 3597 535 3681 interpretationem
558 3601 772 3683 appellaverit
794 3599 997 3683 mixtionem
1021 3602 1124 3667 veluti
1148 3601 1219 3667 fieri
1239 3617 1330 3686 posse,

240 3712 274 3771 ut
295 3706 536 3772 Anaximander
566 3707 637 3792 ipse
660 3709 853 3793 principium
878 3709 999 3775 dixerit
1025 3708 1056 3773 ei
1078 3706 1172 3792 nopai
1194 3705 1235 3775 eol
1254 3730 1330 3773 oaor-

239 3819 320 3899 χεῖα,
343 3851 382 3862 -—
404 3818 436 3881 in
460 3815 519 3882 hae
552 3818 639 3883 enim
671 3838 705 3883 re
729 3839 840 3884 omnes
864 3821 1066 3885 consentiunt
1089 3856 1130 3866 -
1150 3818 1328 3886 Aristoteles

240 3933 357 4009 autern,
378 3924 412 3991 id
433 3920 473 3991 ad
495 3921 586 4008 παρὰ
607 3923 803 4009 τὰστοιχεῖα
820 3928 1013 4012 intellegens
1036 3949 1070 3994 re
1087 3930 1161 4014 ipsa
1176 3931 1257 3995 inter
1276 3927 1328 3992 duo

183 4045 190 4062 ·
239 4036 397 4100 elementa
418 4034 559 4100 medium
580 4056 660 4114 esse,
690 4037 880 4122 simpliciter
901 4037 987 4104 inter
1008 4038 1072 4104 duo
1095 4039 1254 4104 elementa
1274 4051 1328 4098 me·
1406 4049 1407 4108 Ξ

239 4141 326 4207 dium
347 4144 567 4227 appellaverit.
611 4146 653 4209 At
669 4146 867 4227 Aristoteles,
889 4145 930 4210 de
955 4148 993 4212 iis
1016 4146 1181 4212 disserens
1202 4145 1326 4230 philoso
1406 4139 1407 4154 ³

239 4250 324 4334 pluis,
347 4272 483 4332 quorum
505 4255 632 4318 nomine
656 4275 752 4319 unum
766 4255 1045 4321 Anaximandrum
1065 4255 1212 4339 intellegi
1233 4258 1325 4318 osteu-
