2862 4910
615 403 666 457 281

72 592 219 655 ponere,
242 569 329 656 quod
352 574 545 657 eprinoipio
568 578 735 638 aeterno
758 572 886 656 ipsius
908 578 1011 637 motu
1033 572 1196 637 eontraria

75 688 299 748 secernantur
308 682 343 764 ¹).
393 681 520 746 Deinde
547 681 746 765 Hippolytus
768 681 1046 746 Anaximandrum
1074 683 1121 747 ait
1147 702 1195 747 re-

75 812 153 857 rum
174 792 373 876 prinoipium
391 811 511 875 ponere
526 790 696 871 infinitum,
722 790 754 856 in
771 789 895 872 hooque
910 792 1012 858 velie
1034 790 1195 856 insitum

75 921 180 967 ense
211 890 409 968 aeternum
444 899 635 982 quendam
668 905 822 982 motum,
859 920 931 982 quo
968 905 1080 966 ortus
1111 921 1195 966 eve-

75 1011 207 1075 niant
228 1008 471 1092 coelorum).
514 1010 665 1091 Denique
687 1009 835 1075 Hermian
857 1009 1134 1075 Anaximandrum
1156 1031 1196 1075 ea

77 1141 115 1184 re
140 1119 284 1203 opponit
306 1118 445 1201 Thaleti,
479 1118 566 1201 quod
599 1119 654 1183 ille
679 1123 796 1184 nature
824 1117 958 1184 humida
979 1118 1194 1200 antiquiorem

77 1248 159 1294 esse
185 1234 307 1295 statuat
328 1235 529 1294 aeternum
551 1232 699 1302 motum,
730 1246 793 1309 quo
815 1227 1016 1294 continenter
1037 1227 1104 1293 alia
1126 1229 1194 1311 gig-

78 1343 215 1414 nantur,
239 1338 308 1403 aiia
329 1337 534 1418 intereaut⁸).

191 1461 344 1528 Exhiuoe
367 1463 469 1545 igitur
490 1462 571 1526 loeis
586 1461 667 1528 satis
689 1468 787 1546 patet,
810 1461 1088 1527 Anaximandrum
1110 1463 1195 1545 priu-

82 1574 180 1656 oipio
203 1579 367 1637 aeternum
391 1571 553 1655 quendam
574 1577 694 1637 motum
718 1572 887 1652 tribuisse3
911 1591 971 1638 neo
993 1591 1071 1636 vero
1093 1589 1133 1635 ex
1155 1571 1195 1636 iis

30 1711 36 1726 ·
82 1683 239 1765 protinus
262 1681 360 1746 etiam
383 1687 482 1764 patet,
517 1701 592 1746 eum
610 1681 645 1746 id
670 1682 717 1746 ita
749 1681 876 1762 fecisse,
909 1685 943 1746 ut
969 1681 1040 1765 ipso
1070 1687 1194 1746 motus

80 1792 148 1856 vei
170 1791 305 1875 potius
328 1783 519 1874 κινήσεως
540 1789 732 1855 vocabulo
757 1809 835 1856 usus
858 1789 910 1871 eit,
933 1788 991 1854 sed
1006 1794 1191 1872 suntquae-

83 1901 329 1986 dam,propte1·
359 1919 444 1982 quae
466 1899 616 1965 videatur
645 1898 707 1965 hoo
738 1900 895 1964 vocabulo
916 1919 980 1963 non
1013 1917 1090 1964 usus
1113 1917 1193 1964 esse.

85 2009 331 2076 Profioisoimur
361 2009 446 2093 inde,
469 2010 556 2092 quod
578 2009 664 2094 apud
688 2010 893 2074 Aristotelem
916 2002 1072 2095 κινήσεως
1100 2028 1195 2074 voua-

84 2120 197 2184 bulum
221 2120 410 2204 plerumque
433 2121 596 2185 notionem
620 2119 782 2203 signifieat
803 2119 933 2202 generis
955 2118 1108 2195 universi,
1131 2140 1193 2202 quo

84 2234 241 2310 quattuor
263 2236 368 2294 motus
390 2248 511 2312 genera
533 2227 858 2312 comprehenduntur,
888 2229 1065 2311 generatio,
1092 2236 1192 2294 muta-

86 2339 143 2419 tio,
173 2339 315 2404 aooretio
338 2358 377 2402 ao
399 2337 581 2419 diminutio,
605 2338 634 2403 is
656 2343 771 2420 motae,
793 2339 849 2420 qui
872 2339 907 2402 in
929 2338 994 2403 loei
1016 2339 1193 2404 mutatione
1291 2359 1296 2368 ·

86 2448 239 2514 ooneistit
263 2453 295 2512 et
322 2447 451 2533 proprie
481 2453 586 2513 motus
614 2447 740 2514 dieitur.
784 2447 852 2512 Iam
874 2447 1065 2513 Aristoteles
1092 2447 1192 2514 Meta-

88 2783 148 2818 ιινα
166 2758 253 2837 φύσιν
273 2807 278 2819 .
298 2805 305 2820 .
324 2761 414 2837 ἀρχὴν
431 2767 520 2835 ἔθετο,
540 2751 574 2831 ἧς
596 2763 653 2832 τὴν
675 2763 791 2820 ἀΐδιον
815 2771 950 2833 κίνησιν
973 2770 1084 2822 αλιίαν
1108 2768 1193 2822 εἶναι

87 2862 142 2926 τῆς
162 2863 227 2916 τῶν
245 2856 352 2916 1ο’νιιυν
370 2866 536 2932 γενέσεως
554 2849 700 2932 ἔλεγενὲ*

191 2959 400 3029 1)1bid.6‚a‚
428 2967 492 3031 poet
520 2979 557 3015 m.
587 2945 680 3030 „oium
706 2961 738 3014 δὲ
760 2957 809 3014 οὐκ
832 2957 1027 3032 ἀλλοιουμένου
1048 2963 1095 3014 τοῦ
1121 2980 1194 3015 στοι-

86 3063 165 3125 χείου
183 3054 233 3122 τὴν
250 3061 363 3126 γένεσιν
381 3064 464 3126 ποιεῖ,
489 3055 546 3110 ἀλλ’
574 3055 805 3130 ἀποκρινομένων
829 3059 883 3112 τῶν
909 3059 1040 3122 ,ἐναντίων
1059 3057 1114 3111 διὰ
1139 3061 1194 3125 τῆς

89 3147 207 3206 ἀϊδίου
226 3148 413 3221 κινήσεως.“
442 3153 481 3208 ef.
503 3173 588 3224 supra
606 3173 633 3225 p.
653 3156 714 3223 275,
735 3157 758 3210 2.

189 3253 218 3319 2)
237 3251 351 3320 Hippoi.
371 3251 481 3307 Rerum.
500 3252 522 3314 Ι,
543 3253 570 3305 6:
598 3238 691 3316 „odoror
709 3252 765 3324 μὲν
783 3249 873 3323 ἀρχὴν
891 3257 936 3304 καλ
956 3259 1094 3323 στοιχεῖον
1106 3260 1194 3324 εἴρηκε

88 3349 142 3402 τῶν
160 3341 250 3402 ὄντων
268 3346 298 3402 τὸ
318 3344 433 3419 ἄπειρον
452 3391 458 3403 .
478 3392 483 3403 .
505 3390 511 3402 .
531 3346 617 3419 πρὸς
640 3349 674 3402 ot
694 3345 798 3419 τούτῳ
819 3355 955 3415 κίνησιν
972 3346 1086 3404 ἀΐδιον
1104 3352 1193 3404 εἶναι

90 3445 118 3498 ἐν
148 3430 163 3518 ᾖ
190 3450 354 3516 συμβαίνειν
378 3450 505 3514 γίνεσθαι
535 3444 596 3505 τοὺς
618 3440 774 3516 aripennis!
812 3445 906 3500 Verba
934 3444 1019 3516 ‘apic
1045 3447 1077 3499 ot
1096 3441 1194 3517 τούτῳ·

90 3559 144 3597 non
158 3541 320 3612 significant
338 3543 492 3611 ‘praeter
510 3543 571 3604 hoo,
591 3547 623 3596 ut
636 3543 672 3597 ab
687 3542 843 3597 editoribus
856 3543 985 3610 vertitur,
1006 3542 1055 3598 sed
1073 3543 1118 3597 ‘in
1129 3543 1193 3599 hoe'

89 3639 134 3692 vel
152 3641 278 3708 ‘penes
306 3638 381 3691 hoe'.
418 3639 526 3693 Deinde
552 3625 630 3712 ‘iugi
656 3643 818 3710 συμβαίνειν
840 3636 910 3692 nrt?
941 3657 998 3694 non
1023 3644 1065 3694 est
1088 3641 1192 3709 simpli·

90 3735 168 3803 citer,
187 3736 266 3804 ‘per
286 3736 404 3803 quem’,
434 3735 482 3790 sed
499 3735 602 3804 potius,
629 3736 709 3804 ‘quo
731 3736 913 3790 eveniente
942 3741 978 3790 et
997 3737 1097 3805 quasi
1120 3756 1192 3806 pro·

90 3830 284 3900 grediente
301 3831 431 3885 oriantur
454 3831 540 3900 eoeli;
566 3830 742 3902 significatur
765 3831 849 3900 onim,
874 3832 954 3887 illum
977 3836 1084 3886 motum
1107 3834 1193 3888 talem

91 3946 155 3996 eune,
175 3945 231 3997 quo
252 3928 312 3996 ipso
331 3929 474 3982 coelorum
492 3931 571 3981 ortuo
591 3928 797 3982 contineantur.

189 4027 219 4094 3)
238 4025 333 4080 Herm.
362 4024 438 4079 imis.
465 4030 541 4096 gent.
571 4025 670 4095 philos.
699 4043 723 4080 o.
743 4028 767 4080 4.
796 4025 912 4097 (Migne,
943 4027 1049 4082 Patrol.
1078 4028 1126 4082 Gr.
1145 4028 1193 4098 VI,

91 4140 115 4192 p.
135 4123 230 4192 1174):
258 4119 496 4194 »Ἀναξίμανδρος
520 4124 567 4176 τοῦ
589 4121 673 4194 ὑγροῦ
696 4126 886 4195 πρεσβυτέραν
914 4121 1003 4196 ἀρχὴν
1029 4125 1096 4179 εἶναι
1120 4128 1193 4195 λέγει

91 4216 149 4287 τὴν
175 4215 293 4274 ἀΐδιον
321 4224 466 4286 κίνησιν,
493 4217 637 4295 καὶταύτῃ
658 4219 690 4275 τὰ
711 4222 768 4294 μὲν
785 4223 947 4291 γεννᾶσθαι,
974 4220 1007 4275 τὰ
1027 4222 1058 4275 δὲ
1081 4227 1193 4293 φθείρε-

93 4317 183 4371 οβαι.“
223 4316 264 4370 Cf.
285 4334 370 4386 supra
388 4335 415 4387 p.
435 4319 496 4380 254,
520 4321 542 4370 l.
