2862 4910
741 377 794 428 286

214 551 335 610 motum
357 545 544 626 intellegere
556 563 661 628 posse,
686 543 789 624 quiin
812 544 888 608 looi
911 542 1129 608 mutatione
1150 545 1326 624 consistat,

215 662 385 739 propterea
400 652 485 735 quod
502 654 530 718 is
545 654 632 718 solus
651 653 791 736 proprie,
816 652 942 734 reliqua
954 656 1060 716 autem
1076 659 1180 717 motus
1194 673 1323 734 genera

216 783 279 829 uon
301 764 365 828 nisi
387 762 541 827 translate
572 761 634 827 hae
660 781 739 827 vooe
766 762 971 846 appellentur
984 760 1016 843 ¹).
1060 762 1103 825 At
1132 760 1249 827 iubae
1272 782 1327 826 ra-

215 873 426 938 tiocinatione
448 873 490 938 ab
507 873 657 957 opinione
673 871 889 955 proficiscitur
908 873 1037 936 omnino
1060 873 1190 936 ineerta.
1235 871 1327 934 Nam

216 1003 294 1049 sane
317 982 455 1066 quidem,
484 983 513 1048 si
534 987 706 1063 constaret,
734 981 1012 1047 Anaximandrum
1043 987 1207 1047 aeternum
1233 981 1327 1064 priu-

216 1093 291 1176 cipii
313 1100 434 1158 motum
467 1092 539 1177 ipso
561 1085 719 1175 κινήσεως
745 1092 905 1158 vocabulo
931 1091 1158 1176 appellavisse,
1190 1091 1326 1155 omniuo

215 1202 383 1288 probabile
405 1209 500 1282 esset,
528 1221 599 1267 eum
624 1200 684 1267 boo
706 1193 896 1267 voeabulam
918 1203 1049 1284 propria
1076 1220 1135 1266 sua
1155 1199 1323 1282 significa·

114 1339 116 1346 ’
216 1314 301 1378 tione
323 1313 506 1396 acceptam
526 1310 584 1376 sed
606 1308 758 1392 vidimus,
782 1308 814 1376 id
838 1312 954 1396 ipsum,
982 1329 1058 1374 num
1079 1309 1140 1375 hoe
1161 1309 1326 1374 vocabulo

217 1441 294 1488 usus
316 1427 411 1497 esset,
434 1421 574 1487 maximo
590 1439 687 1504 opere
700 1419 913 1486 dubitandum
935 1439 1015 1484 esse.
1052 1418 1103 1484 Ad
1118 1417 1328 1503 probandum

216 1538 335 1608 autem,
352 1531 441 1594 illum
463 1538 583 1595 motum
606 1551 670 1595 uon
691 1549 787 1612 posse
809 1530 910 1594 alium
938 1548 1010 1594 esse
1032 1529 1096 1593 uisi
1117 1533 1237 1593 motum
1263 1526 1328 1591 eir-

217 1641 366 1721 enlarem‚
389 1639 469 1705 haee
492 1639 560 1705 fere
583 1639 690 1705 adfert
711 1647 911 1722 argumenta,
936 1675 971 1684 -
997 1659 1061 1702 non
1081 1644 1168 1703 eerto
1191 1636 1328 1718 quidem

217 1748 340 1829 ordine,
367 1747 426 1813 sed
455 1749 520 1812 alia
542 1749 630 1830 alibi,
654 1783 693 1794 -
716 1748 864 1831 primum,
899 1747 985 1831 quod
1007 1746 1249 1814 Anaximander
1284 1746 1328 1810 de

217 1860 280 1924 alio
311 1863 397 1923 motu
435 1878 476 1922 ne
510 1859 653 1940 eogitare
682 1857 812 1940 quidem
847 1859 995 1941 potuerit,
1032 1864 1202 1941 propterea
1232 1856 1328 1938 quod

216 1973 345 2051 praeter
367 1965 451 2032 huno
471 1967 577 2032 nullus
597 1967 679 2032 alius
702 1972 806 2031 motus
831 1966 863 2030 in
887 1966 978 2031 ooelo
1000 1971 1160 2050 appareat
1170 1965 1329 2030 omnibns

218 2077 288 2141 eius
311 2074 497 2158 corporibus
516 2074 746 2154 eommunis²);
779 2074 906 2154 deinde,
937 2074 1024 2157 quod
1049 2075 1246 2158 Hippolytus
1276 2094 1329 2139 re-

219 2185 309 2266 ferat,
331 2183 564 2250 Anaximandri
588 2185 749 2250 sententia
772 2190 903 2250 aeterno
925 2185 1076 2269 principii
1099 2191 1185 2249 moto
1208 2203 1329 2249 omnes

219 2300 305 2358 ortos
330 2313 402 2358 esse
429 2295 575 2373 eoelos;
606 2314 679 2360 oum
711 2293 797 2360 enim
831 2293 913 2360 eoeli
947 2301 1078 2360 uantur
1111 2293 1329 2359 eonversione

219 2401 376 2483 eirenlari,
400 2402 675 2468 Anaximandrum
698 2404 769 2468 siue
781 2402 881 2469 dubio
904 2422 977 2468 eum
1000 2402 1099 2468 etiam
1114 2409 1233 2468 motum
1257 2409 1330 2467 sta-

218 2514 318 2577 tuisse
341 2511 530 2578 oiroularem
552 2532 635 2594 esse,
665 2531 760 2594 quem
793 2514 954 2577 ooelorum
976 2512 1076 2577 vellet
1098 2517 1330 2595 generatorem

218 2623 340 2698 esse³);
375 2627 452 2701 turn,
485 2617 571 2701 quod
602 2618 734 2683 Hermia
766 2624 849 2687 teste
880 2617 1124 2684 Anaximander
1156 2623 1330 2683 aeternum

219 2736 338 2795 motum
353 2731 492 2811 priorem
507 2747 578 2793 esse
600 2727 689 2792 dieat
709 2747 805 2810 aqua,
828 2726 950 2811 quippe
964 2746 1059 2809 quae,
1083 2727 1205 2809 pariter
1225 2731 1331 2808 atque

219 2839 344 2920 reliqua
371 2839 540 2918 elementa,
572 2857 611 2902 eo
644 2836 831 2918 gignantnr;
870 2835 946 2902 inde
984 2834 1070 2900 enim
1105 2831 1331 2916 colligendum

219 2967 300 3023 esse,
328 2949 396 3012 eius
423 2945 584 3012 sententia
613 2945 702 3010 illum
725 2952 846 3009 motum
869 2944 1068 3026 singulorum
1091 2944 1329 3009 elementorum

218 3057 355 3122 motibus
390 3076 516 3138 quoque
550 3055 690 3139 priorem
723 3074 804 3132 esse,
838 3054 938 3119 talem
972 3060 1080 3118 autem
1112 3059 1234 3116 motum
1267 3052 1330 3116 vix

219 3168 306 3234 eredi
328 3169 474 3252 potuisse
505 3167 568 3232 nisi
590 3174 710 3232 motum
733 3166 922 3231 oireularem
954 3165 986 3229 in
1013 3163 1086 3247 ipso
1110 3163 1201 3228 coelo
1223 3181 1327 3246 appa-

219 3279 393 3360 rentem⁴);
425 3284 503 3354 tum,
535 3275 623 3359 quod
645 3277 804 3341 eommuni
828 3273 1034 3356 antiquorum
1058 3271 1329 3357 philosophorum

321 3498 348 3562 1)
367 3494 485 3550 Studien
505 3512 554 3548 aur
573 3493 670 3548 Geseh.
688 3492 739 3546 der
757 3490 880 3561 Begriffe
898 3509 925 3561 p.
944 3491 986 3544 29.

320 3594 347 3663 2)
366 3593 436 3647 Ibid.
454 3610 481 3661 p.
501 3593 518 3644 9
538 3595 567 3645 et
587 3593 628 3644 10.
652 3589 745 3643 Verba
772 3589 831 3644 eius
850 3592 915 3642 sunt
933 3586 1013 3640 haee:
1040 3585 1092 3650 „da
1114 3585 1198 3638 keine
1223 3584 1330 3638 audere

220 3691 424 3760 allgemeine
449 3689 609 3759 Bewegung
638 3705 673 3740 an
701 3687 756 3740 den
786 3684 981 3738 himmliscben
1010 3681 1329 3750 Fouererseheinungen

219 3787 387 3841 beobaohtet
412 3785 534 3840 wurde.“
572 3784 665 3837 Verba
688 3783 871 3852 ‘allgemeine
890 3780 1067 3851 Bewegung’
1096 3777 1228 3847 intellegi
1256 3783 1327 3846 puto

220 3888 335 3944 motum,
362 3885 410 3952 qui
429 3882 557 3936 omuibus
586 3881 668 3934 rebus
693 3879 782 3949 igneis
812 3879 842 3930 in
871 3878 947 3930 eoelo
976 3874 1184 3945 apparentibus.
1216 3874 1246 3927 id
1276 3879 1329 3939 est,

220 3981 318 4046 stellis,
339 3980 526 4034 eommunis
547 3978 591 4032 sit.

320 4078 348 4146 3)
367 4077 438 4131 lbid.
457 4095 484 4145 p.
504 4077 539 4128 30
559 4079 588 4128 et
608 4077 651 4126 31.

320 4175 348 4243 4)
366 4174 438 4227 Ibid.
457 4190 484 4241 p.
504 4173 538 4225 25
558 4175 586 4224 et
602 4171 646 4225 26.
666 4169 747 4236 Puto,
765 4185 809 4222 me
832 4167 925 4222 verbis
950 4167 1085 4220 adhibitis
1104 4164 1326 4219 Teiehmnelleri

219 4272 386 4326 sententiam
401 4270 492 4322 minus
510 4267 687 4337 perspicuam
706 4264 867 4320 reddidisse.
