2850 4904
771 369 822 423 leo

250 541 349 604 tentis
364 537 586 616 dissentiatur,
608 537 651 603 ab
665 537 725 602 hac
747 543 854 602 autem
866 537 1064 620 singulorum
1076 537 1250 621 eiplicatio
1272 555 1338 617 pen·

249 647 335 729 dest,
362 646 548 730 diligentins
581 647 623 712 de
652 667 693 712 ea
714 646 934 729 quaerendum
956 655 1015 728 est,
1048 647 1244 729 praesertim
1275 665 1338 710 cun

248 758 336 820 locus
359 777 381 820 a
401 757 529 822 nemine
544 757 650 828 etiam.
675 765 828 838 quantum
850 757 961 838 sciam,
983 758 1080 839 plane
1096 757 1276 839 explicatus
1295 754 1337 820 sit.

250 867 437 930 Aretissime
469 873 578 932 antem
611 866 681 930 eius
710 867 870 932 sententia
902 886 973 932 cum
1008 865 1051 930 iis
1073 865 1236 943 cohaeret,
1266 883 1338 947 quse
1407 913 1408 938 ,

249 981 505 1054 antecessorum
532 994 632 1057 qnare
654 975 696 1040 ab
718 975 769 1040 his
790 975 1057 1058 proficiscendum
1079 983 1139 1041 est.

350 1085 465 1166 ltaque
487 1085 677 1150 Aristoteles
712 1085 803 1151 initio
827 1086 943 1169 capitis
967 1084 1111 1168 secundi,
1146 1086 1201 1151 ubi
1238 1083 1339 1167 incipit

250 1365 355 1418 tionem
385 1365 597 1432 contrariorum,
625 1367 681 1420 iam
714 1383 770 1419 uon
801 1365 831 1419 id
858 1366 980 1435 primurn
1015 1382 1106 1435 agore,
1136 1369 1169 1417 ut
1200 1365 1268 1417 dnos
1300 1379 1338 1414 eos

249 1462 350 1530 quibus
367 1461 403 1514 ad
425 1479 470 1515 res
493 1463 648 1531 gignendae
673 1467 797 1531 utantur,
822 1463 918 1516 modos
947 1461 1198 1527 (condensationem
1223 1465 1251 1514 et
1272 1476 1337 1512 rare·

249 1557 400 1611 factionem
420 1559 483 1612 dieo
507 1565 536 1613 et
562 1561 767 1613 contrariorum
793 1561 987 1624 secretionem)
1014 1559 1088 1614 inter
1108 1578 1137 1613 se
1156 1562 1289 1627 opponat,
1315 1563 1338 1607 et

250 1651 379 1720 quumvis
392 1651 532 1718 quandam
543 1670 639 1707 eornm
658 1655 861 1724 oppositionem
874 1655 1033 1725 siguificare
1042 1655 1180 1722 videatur,
1189 1660 1279 1708 tamen
1296 1670 1337 1706 no-

252 1748 334 1802 luisse
353 1749 520 1817 significare,
540 1752 670 1819 quonium
691 1771 787 1806 revera
806 1753 882 1806 nulla
901 1753 939 1806 sit
958 1752 1114 1822 („obgleich
1128 1753 1168 1806 sie
1177 1752 1263 1805 Arist.
1275 1751 1338 1804 nahe

249 1845 344 1913 gelegt
363 1845 420 1898 nud
438 1848 593 1903 veraniasst
611 1847 668 1916 hat,
687 1849 733 1902 dic
751 1848 819 1903 aber
838 1867 961 1919 gensucr
973 1848 1094 1902 besohen
1112 1867 1165 1919 gar
1178 1848 1254 1903 nicht
1265 1851 1337 1901 stett-

250 1941 345 2004 lindet,
367 1943 438 1996 anch
464 1944 542 1997 nicht
559 1944 748 2015 benbsichtigt
765 1946 828 1999 ist.“
856 1963 884 2015 p.
903 1945 958 2015 59).
995 1945 1100 2012 Quodsi
1120 1950 1212 2000 autem
1230 1945 1264 1998 ab
1282 1943 1337 1996 Ari·
1409 1977 1410 2000 t

250 2038 351 2092 stotele
369 2039 424 2092 dno
443 2039 486 2094 illi
498 2042 686 2112 generationis
705 2043 782 2097 modi
801 2043 875 2097 inter
894 2060 923 2097 se
936 2061 993 2096 non
1005 2047 1192 2112 opponantur,
1211 2043 1337 2095 neoAna·
1409 2061 1410 2064 ¹

250 2135 428 2188 ximandrnm
451 2137 555 2204 opponi
574 2136 690 2205 reliquis
708 2136 838 2205 physicis,
855 2141 884 2190 et
902 2135 1006 2191 idcirco
1026 2135 1097 2190 nihil
1116 2134 1259 2204 impedire,
1277 2150 1337 2202 quo·

250 2232 341 2285 miuus
354 2233 573 2299 Anaximander,
591 2234 635 2288 oui
656 2233 802 2303 generatio
820 2251 870 2302 per
881 2233 1084 2287 contrariorum
1097 2233 1274 2287 secretionem
1292 2230 1336 2283 tri·

251 2328 363 2397 beatur,
375 2329 410 2384 ab
416 2329 569 2384 Aristotele
581 2330 762 2400 intellegatur
771 2331 803 2398 is,
815 2329 862 2399 qui
872 2327 902 2383 τὸ
911 2327 1011 2400 μεταξὺ
1021 2335 1116 2399 ponat,
1125 2329 1190 2384 licet
1202 2328 1235 2383 ab
1246 2345 1284 2391 eo,
1294 2327 1336 2394 qui

250 2422 280 2478 τὸ
291 2423 392 2496 μεταξὺ
405 2431 520 2494 poliant,
540 2428 570 2480 in
584 2427 619 2481 iis
639 2427 811 2496 adferantur,
830 2427 878 2496 qui
893 2426 1109 2481 condensatione
1127 2424 1337 2481 etrareiaotione

251 2525 471 2578 utantur-Ista
481 2523 569 2594 igitur
580 2542 646 2578 num
655 2524 825 2580 refutatione
835 2525 937 2594 egent?
950 2523 1023 2590 Quid
1033 2523 1108 2577 enim
1118 2523 1170 2577 hoc
1180 2527 1227 2589 est,
1237 2521 1337 2574 Aristo-

250 2621 333 2674 telem
351 2621 508 2690 significare
522 2621 634 2690 quidem
643 2622 706 2675 illos
715 2621 868 2691 generandi
879 2621 975 2674 modos
985 2624 1130 2689 tamquam
1140 2619 1284 2689 oppositos,
1292 2635 1337 2670 uec

250 2734 316 2770 vero
328 2718 447 2772 voluisse
457 2717 634 2788 significare?
646 2719 813 2772 Aristoteles
823 2717 931 2773 duobus
942 2717 985 2770 his
998 2717 1151 2787 generandi
1161 2716 1245 2770 modis
1255 2715 1337 2768 ntitnr

249 2815 433 2883 principio,
452 2815 688 2884 quophysioos
708 2816 741 2868 in
761 2814 1134 2884 duasdividitspeoies,
1153 2832 1205 2882 eos,
1225 2813 1336 2881 quieon·

250 2910 412 2965 densatione
431 2916 459 2965 et
471 2910 666 2979 rarefactione,
685 2915 714 2964 et
732 2929 787 2978 eos,
806 2912 853 2979 qui
873 2911 1065 2965 oonrnriorum
1085 2910 1234 2965 secretione
1251 2925 1336 2962 rerum

250 3008 457 3061 multitudinem
476 3008 555 3078 gigni
569 3008 663 3062 velint.
700 3008 773 3061 Num
792 3009 850 3062 ulla
867 3012 911 3062 est
922 3007 1033 3062 dicendi
1046 3008 1130 3071 ratio,
1151 3025 1205 3076 qna
1221 3003 1335 3075 apertius

250 3105 320 3160 dnae
339 3123 382 3160 res
399 3105 475 3160 inter
493 3124 521 3160 se
539 3106 647 3175 possint
665 3107 769 3175 opponi
788 3124 871 3175 quam
889 3106 1045 3160 divisione?
1063 3124 1099 3160 en
1118 3104 1278 3160 Aristoteles
1290 3121 1334 3172 pu·

250 3201 351 3256 tandus
370 3207 412 3256 ost
429 3202 585 3264 nescivisse,
604 3201 672 3271 qnid
690 3203 816 3257 diceret?
839 3204 898 3257 lam
920 3220 987 3257 vero
1007 3203 1175 3258 Aristoteles
1192 3203 1219 3256 in
1237 3201 1281 3254 illa
1298 3199 1334 3252 di·

250 3298 365 3367 visione,
383 3303 416 3352 ut
436 3300 549 3368 quidem
570 3299 686 3353 Liitzins
703 3299 789 3353 verba
806 3301 866 3354 eius
885 3299 1033 3370 intellegit,
1053 3317 1108 3364 eos,
1133 3300 1182 3369 qui
1199 3298 1228 3352 τὸ
1245 3293 1335 3369 μεταξὺ

250 3398 385 3463 statuant,
405 3395 435 3448 in
453 3413 550 3449 eorum
572 3395 665 3464 specie
685 3397 775 3465 ponit,
803 3397 851 3465 qui
870 3395 1086 3451 condensatione
1109 3401 1138 3451 et
1162 3393 1333 3450 rarefactione

251 3493 381 3557 utantur;
400 3507 467 3560 ergo
485 3507 541 3544 non
560 3495 653 3559 potest
669 3491 699 3543 in
718 3507 813 3546 eorum
833 3491 918 3545 etiam
936 3491 1028 3560 specie
1046 3507 1162 3560 ponere,
1180 3492 1333 3561 quioontre·

252 3586 359 3639 riorum
378 3587 532 3642 secretione
554 3605 598 3641 res
615 3588 744 3658 gignant,
772 3589 858 3642 veluti
877 3587 1096 3656 Anaximander,
1125 3589 1258 3659 siqnidem
1284 3585 1333 3638 illis

250 3683 403 3752 generandi
417 3684 506 3738 modis
516 3684 643 3753 physicos
664 3685 700 3738 in
713 3684 904 3740 disiunctas
923 3685 1053 3754 species
1065 3685 1177 3740 dividit.
1196 3685 1268 3755 Ergo
1278 3681 1332 3736 fieri

251 3797 308 3833 non
326 3783 427 3848 potest,
447 3784 480 3834 nt
497 3781 739 3835 Anaximandrum
762 3776 793 3833 τὸ
811 3780 912 3852 μεταξὺ
933 3798 1038 3850 ponere
1055 3786 1145 3850 putet.
1182 3781 1275 3850 ltnque
1290 3779 1332 3830 aut

251 3893 285 3929 ex
309 3876 370 3945 ipsa
399 3876 453 3931 loci
479 3877 589 3931 ratione
616 3878 800 3948 grammatice
827 3878 1074 3933 demonstrandum
1100 3883 1152 3947 est,
1180 3897 1233 3946 eos,
1250 3877 1292 3946 qni
1305 3873 1332 3925 ri

249 3974 350 4041 μεταξυ
367 3975 501 4041 statuant,
520 3973 555 4028 ab
574 3973 725 4029 Aristotele
743 3991 800 4028 non
820 3975 849 4028 in
868 3993 900 4029 ea
912 3975 1089 4046 physicorum
1108 3976 1199 4045 specie
1209 3973 1279 4044 poni,
1294 3969 1332 4024 cui

251 4066 286 4121 ab
305 4084 338 4122 eo
356 4068 501 4138 generatio
519 4085 570 4137 por·
588 4069 834 4126 condensationcm
852 4075 881 4125 et
893 4069 1109 4126 rarciaotionem
1128 4071 1273 4134 tribuatur,
1290 4067 1333 4120 snt

251 4163 465 4226 concedendum,
484 4164 520 4218 ab
539 4183 571 4219 eo
589 4163 619 4219 τὸ
630 4163 730 4237 μεταξὺ
749 4185 805 4222 non
824 4167 859 4222 ad
869 4166 1111 4222 Anaximandrum
1129 4167 1235 4223 referri.
1253 4167 1333 4232 Atque

250 4261 319 4317 haec
336 4261 484 4316 haetenust
