2862 4910
64 582 267 649 doctrinam
282 585 486 667 complectar,
509 581 683 667 dupliciter
703 581 860 648 infinitam
875 581 1065 649 mundorum
1087 585 1190 650 multi-

64 693 229 758 tudinem
250 694 349 776 ponit‚
370 695 510 777 primum
527 712 576 775 co,
599 690 687 774 quod
707 692 740 756 in
753 691 878 758 infinito
901 693 1060 777 principio
1080 695 1189 759 innu-

65 803 299 868 merabiles
321 801 479 867 mundos
500 801 612 884 ponit
635 801 749 866 simul
776 807 1005 867 constantes
1029 807 1065 866 et
1086 803 1189 884 pari·

65 913 145 978 bus
173 912 405 977 intervallis
435 912 539 976 inter
567 930 607 976 se
634 910 846 992 distantes,
874 909 993 976 deinde
1021 929 1069 993 eo,
1101 909 1189 992 quod

65 1041 195 1087 omnes
219 1021 279 1086 hos
300 1020 437 1086 mundos
460 1021 573 1085 statuit
595 1022 717 1086 certis
740 1020 930 1104 temporis
961 1021 1188 1086 intervallis

66 1127 178 1208 (κατὰ
208 1131 268 1218 τὴν
297 1131 356 1194 τοῦ
378 1123 496 1210 χρόνου
520 1123 627 1213 τάξιν)
657 1131 783 1212 iisque
806 1128 965 1212 quidem
989 1129 1122 1212 longis
1151 1130 1188 1192 in

68 1241 330 1324 principium
354 1240 519 1305 interire
543 1257 781 1322 semperque
805 1239 906 1304 alios
929 1240 965 1302 in
989 1258 1116 1303 eorum
1138 1238 1190 1303 lo·

70 1370 165 1414 cum
191 1348 415 1414 succedere.

188 1459 237 1522 11.
280 1457 435 1542 Superest
467 1462 503 1520 ut
535 1463 709 1538 quaeratur
742 1456 787 1522 de
824 1476 966 1522 caussa
1002 1457 1187 1534 moventi,

71 1585 146 1649 qua
171 1586 214 1632 ex
237 1566 399 1651 principio
421 1585 527 1631 rerum
549 1565 718 1648 generatio
742 1565 811 1631 sive
833 1565 1063 1632 contrariorum
1086 1584 1189 1631 seore-

71 1677 123 1741 tio
151 1676 221 1741 fiat.
266 1675 349 1740 Nam
383 1675 446 1740 etsi
470 1674 700 1741 contrariorum
723 1675 859 1741 secretio
893 1675 934 1739 ab
965 1675 1050 1739 omni
1085 1679 1188 1739 aeter-

73 1786 187 1851 nitate
210 1787 407 1869 sompitema
434 1791 466 1850 et
494 1784 616 1850 idcirco
644 1786 956 1863 necessariam,
989 1791 1095 1850 tamar
1118 1783 1188 1850 lieri

74 1899 201 1976 potest,
233 1899 268 1956 ut
298 1894 331 1957 in
353 1893 427 1976 ipsa
449 1893 596 1977 principii
618 1900 733 1958 natura
760 1894 801 1958 sit
827 1892 950 1974 aliquid
973 1892 1110 1977 abipsa
1133 1895 1188 1958 illa

75 2001 277 2068 secernendi
299 2002 425 2067 actione
440 2000 613 2084 divorsum,
636 2003 723 2066 velut
735 2007 770 2067 ut
785 2001 819 2066 in
833 2022 873 2068 ea
887 2009 1020 2068 aeterna
1031 2003 1188 2085 quaedam

76 2113 163 2178 insit
186 2112 377 2195 qualitas,
412 2131 495 2195 quae
518 2113 559 2178 ah
578 2111 664 2176 omni
688 2113 880 2177 aeternitate
896 2113 1126 2179 contrariorum
1139 2133 1188 2179 se-

78 2222 263 2288 cretionem
287 2241 345 2305 per
372 2220 520 2304 hancque
549 2221 800 2288 innumerabiles
833 2220 1020 2287 mandorum
1055 2241 1188 2305 genera-

78 2333 190 2398 tiones
217 2330 335 2396 habeat
356 2338 598 2414 consequentes.
643 2331 680 2398 Si
705 2330 945 2397 Anaximander
967 2333 1063 2397 talem
1088 2350 1187 2413 quan-

79 2440 159 2506 dam
189 2441 378 2522 qualitatem
399 2439 538 2506 credidit
560 2440 594 2504 in
616 2438 776 2524 principio
799 2439 916 2522 inesse,
945 2440 1026 2506 haec
1048 2447 1133 2506 certe
1154 2440 1188 2505 id

80 2550 153 2627 suit,
190 2570 210 2614 a
242 2568 306 2632 quo
339 2549 481 2615 omnium
513 2552 654 2615 maxime
677 2552 745 2615 eius
767 2551 926 2616 sententia
944 2571 1017 2616 oum
1045 2550 1085 2615 de
1113 2551 1186 2616 reli·

81 2679 222 2742 quarum
243 2678 349 2724 rerum
370 2665 438 2724 tum
462 2659 503 2724 de
525 2658 687 2724 hominum
710 2666 826 2724 natura
847 2679 886 2724 ac
907 2658 1095 2725 condicione
1109 2679 1186 2743 pen-

80 2767 185 2835 deret.
230 2768 338 2846 Quare
361 2788 478 2853 operae
504 2767 643 2851 pretium
670 2773 719 2832 est
746 2766 869 2860 ridere,
902 2767 982 2850 quid
1004 2768 1045 2834 de
1067 2768 1128 2834 hac
1152 2788 1187 2833 re

82 2898 124 2942 cx
146 2878 199 2961 iis,
230 2898 313 2961 quae
347 2899 366 2943 a
400 2878 562 2943 veteribus
596 2877 717 2943 tradita
740 2885 823 2958 sunt,
846 2877 933 2943 ellici
955 2880 1066 2961 possit.

187 2987 373 3072 Simplicius
396 3008 434 3053 eo
458 2990 540 3072 loco,
564 3009 628 3071 qno
642 2990 789 3054 consulto
812 3009 883 3054 eum
899 2989 1094 3070 reliquorum
1117 2985 1188 3072 phi·

83 3096 295 3180 losophorum
310 3105 377 3162 tum
388 3097 621 3163 Anaximandri
637 3099 814 3164 desummo
835 3098 997 3182 principio
1010 3097 1189 3164 doctrinam

84 3206 231 3289 exponit,
255 3207 336 3273 haec
359 3207 462 3291 ipsius
488 3207 722 3272 Anaximandri
745 3208 845 3274 verba
860 3207 974 3282 adfert
998 3207 1069 3272 sine
1089 3205 1189 3272 dubio

84 3335 103 3379 e
126 3315 353 3399 Theophrasto
383 3318 602 3400 transscripta,
625 3337 761 3399 quarum
783 3323 908 3401 partem
929 3319 1070 3401 priorem
1093 3323 1190 3381 antea

85 3422 150 3488 iam
185 3424 432 3504 laudavimus¹).
478 3427 524 3506 „h
544 3427 661 3508 quibus
683 3446 734 3491 res
768 3421 820 3507 (τδ
844 3413 936 3506 ὄντα)
970 3427 1124 3508 oriuntur,
1155 3425 1189 3490 in

192 3643 218 3712 1)
237 3642 359 3714 simplic.
384 3645 467 3714 ruys.
487 3648 513 3714 c,
534 3663 560 3714 a,
578 3665 605 3716 p.
625 3666 660 3702 m.
693 3649 740 3715 „rs
759 3632 799 3701 tv
825 3646 857 3700 us
885 3647 901 3714 ἡ
925 3649 1034 3717 paeon
1058 3647 1115 3700 aa
1134 3651 1190 3706 roa

86 3730 158 3805 οὖσι,
177 3742 222 3791 καὶ
249 3737 299 3806 τὴν
317 3738 431 3812 φθορὰν
459 3745 496 3801 εἰς
514 3744 595 3796 ταῦτα
624 3749 753 3812 γίνεσθαι
781 3742 850 3797 κατὰ
873 3742 904 3798 τὸ
927 3739 1026 3815 χρεών,
1053 3740 1189 3797 διδόναι

89 3831 248 3905 γὰραῦτά
267 3837 366 3904 δίκην
384 3842 440 3890 καὶ
460 3844 552 3893 τίσιν
569 3835 724 3907 ἀλλήλοις
741 3842 799 3907 τῆς
817 3837 950 3900 ἀδικίας
967 3837 1116 3907 narcissis
1132 3843 1188 3895 τοῦ

84 3928 214 4004 χρόνου
231 3927 335 4000 τάξιν,
354 3940 572 4004 ποιητικωτέροις
590 3932 674 3997 οὕτως
698 3932 837 4010 ὀνόμασιν
861 3933 929 3991 αὐτὰ
948 3937 1061 4006 lapaut*
1101 3937 1189 3993 Voca-

86 4029 185 4083 bulum
203 4024 334 4098 taillac,
358 4032 433 4100 quod
451 4033 529 4087 deest
555 4033 584 4086 in
605 4033 647 4088 ed.
667 4035 742 4103 Ald.,
762 4036 791 4088 in
816 4035 944 4090 omnibus
967 4033 1083 4102 reliquis
1108 4035 1188 4088 libris

88 4124 202 4194 legitur.
239 4123 281 4177 De
299 4125 394 4180 verbis
411 4123 498 4178 ‘sarri
524 4125 574 4192 τὴν
591 4127 638 4179 τοῦ
654 4122 759 4198 χρόνου
776 4123 863 4188 τάξιν’
894 4129 929 4183 cf.
950 4129 1061 4200 Hippol.
1080 4129 1188 4185 Refutt.

88 4220 110 4289 Ι,
128 4220 158 4273 6:
179 4222 270 4290 „tu‘ya
290 4221 321 4274 δὲ
338 4216 444 4292 χρόνον
462 4219 498 4282 ὡς
515 4221 670 4294 ὡρισμένης
688 4225 733 4291 τῆς
750 4228 885 4294 γενέσεως
905 4231 951 4279 καὶ
968 4228 1014 4294 τῆς
1032 4223 1126 4286 οὐσίας
1144 4231 1190 4280 καὶ

88 4318 134 4384 τῆς
153 4317 290 4389 φδορᾶς.“
