2882 4902
766 344 802 398 24

335 520 466 585 Praeter
499 518 583 584 hanc
608 539 704 584 unam
731 519 888 584 rationem
917 519 1006 584 nulla
1036 519 1103 583 alia
1129 539 1149 583 a
1172 539 1341 600 quoquam

237 629 394 712 scriptore
431 632 633 704 memoratur,
669 645 752 710 quae
778 625 907 708 quidem
942 628 1037 692 certis
1071 627 1180 694 verbis
1213 626 1342 692 Anaxi·

236 735 370 802 mandro
393 736 561 808 tribuatur.
605 735 721 819 Quare,
752 757 823 802 cum
855 757 918 802 non
940 736 1106 817 probabile
1128 737 1180 821 sit,
1212 737 1342 802 Anaxi·

237 845 418 921 mandram,
454 845 576 930 quippe
604 845 658 928 qni
682 846 804 930 primus
831 846 1022 912 infinitatem
1044 847 1159 912 summi
1181 846 1341 932 principii

238 955 417 1036 docuisset,
439 955 509 1022 sine
533 954 711 1021 rationibus
731 955 934 1039 gravissimis
959 963 992 1022 et
1013 955 1056 1022 ad
1077 955 1343 1042 persuadendum

238 1067 416 1152 aptissimis
438 1065 482 1131 ad
503 1064 587 1131 hanc
609 1065 801 1132 sententiam
822 1067 1020 1150 pervenisse,
1042 1086 1125 1149 qnae
1147 1073 1254 1132 autern
1276 1066 1342 1130 hae

238 1177 379 1242 rationes
399 1177 526 1255 fuerint,
550 1176 676 1242 ecertis
692 1174 847 1242 historiae
867 1176 1062 1243 testimoniis
1083 1197 1147 1243 non
1169 1182 1341 1261 appareat,

241 1287 305 1352 iam
328 1287 394 1353 alia
415 1284 593 1370 indagandi
615 1285 670 1352 via
690 1285 818 1372 videtur
840 1285 993 1352 utendum
1016 1305 1098 1352 esse.

340 1395 576 1461 Proficiscimnr
611 1394 694 1474 inde,
729 1396 815 1478 quod
848 1404 944 1464 antea
976 1395 1116 1462 vidimus
1149 1396 1190 1461 ab
1214 1394 1342 1460 Anaxi·
1424 1477 1425 1480 Ἴ

240 1505 373 1571 mandro
396 1505 499 1590 primo
522 1524 677 1570 summum
700 1525 806 1570 rerum
828 1504 1024 1590 principium
1047 1504 1243 1589 appellatum
1267 1523 1342 1569 esse

239 1603 447 1696 callicarpos.
478 1614 625 1697 Namque
648 1635 718 1680 cum
741 1614 821 1680 haec
846 1635 897 1680 res
920 1621 1049 1699 sumpta
1069 1613 1113 1680 sit
1134 1633 1232 1680 exeo
1257 1613 1342 1678 Sim·

240 1723 332 1807 plicii
354 1723 433 1799 loco,
465 1741 529 1804 quo
561 1721 589 1786 is
626 1723 772 1786 consulto
805 1721 839 1786 id
867 1723 949 1806 agit,
984 1729 1019 1788 ut
1046 1721 1150 1807 ipsam
1183 1741 1343 1788 summam
1427 1787 1428 1792 ,

240 1829 475 1897 Anaximandri
506 1829 683 1896 doctrinam
718 1838 875 1914 exponat,
903 1831 1062 1915 suspicari
1085 1831 1169 1909 licet,
1201 1831 1231 1896 ei
1261 1850 1343 1912 prae
1428 1919 1429 1922 Ἴ

241 1941 355 2008 ceteris
379 1940 574 2024 singularem
596 1939 758 2022 quandam
782 1939 815 2005 in
839 1939 899 2006 hac
922 1940 1068 2006 doctrina
1090 1940 1156 2006 vim
1177 1961 1217 2008 ac
1237 1941 1343 2024 signi-

240 2050 423 2117 ficationem
445 2049 645 2133 aSimplioio
667 2048 780 2124 tribui3
805 2056 837 2114 et
859 2048 941 2114 hanc
956 2049 997 2115 ob
1011 2069 1158 2116 caussam
1174 2051 1243 2117 iurc
1266 2070 1342 2116 con·
1430 2133 1431 2136 Ἴ

242 2159 410 2241 cludimus,
433 2159 600 2238 caeliam,
624 2178 705 2240 quae
727 2158 788 2223 hac
810 2178 844 2223 re
861 2159 1094 2239 contineantur,
1116 2159 1152 2226 id
1174 2166 1231 2243 est,
1254 2178 1342 2243 quac

241 2289 314 2336 earn
336 2269 517 2336 necessario
539 2268 731 2336 antecedant
758 2275 789 2334 et
815 2269 885 2335 sine
913 2268 1029 2350 quibus
1058 2269 1130 2354 ipsa
1152 2289 1215 2336 non
1237 2267 1344 2354 possit

240 2398 420 2461 ramesse,
444 2379 486 2445 ad
507 2378 642 2445 eandem
665 2378 842 2445 doctrinam
869 2378 1039 2445 referenda
1065 2399 1144 2445 esse.
1168 2396 1205 2424 —'
1228 2380 1344 2463 ltaque
1432 2375 1433 2384 ³

242 2489 289 2556 rei
317 2488 484 2556 cuiusdam
514 2489 704 2573 appellatio,
739 2495 775 2554 ut
795 2495 891 2556 antea
918 2490 982 2556 iarn
1009 2489 1275 2573 significavimus,
1310 2490 1344 2554 in

241 2601 425 2666 universum
447 2598 589 2666 continet
610 2598 766 2692 iudicium
794 2598 834 2664 de
864 2599 938 2684 ipsa
969 2598 1064 2664 huius
1097 2599 1143 2664 rei
1165 2606 1279 2664 natura
1304 2619 1344 2664 ac

242 2711 381 2784 notione,
418 2708 585 2790 omnisque
608 2709 678 2773 eius
704 2709 754 2774 vis
777 2727 817 2773 ea
837 2715 894 2791 cst,
918 2714 953 2774 ut
983 2708 1030 2774 rei
1052 2715 1168 2774 natura
1191 2729 1229 2774 ac
1252 2709 1344 2774 notio

243 2818 401 2886 contineri
434 2817 560 2884 dicatur
591 2837 638 2896 eo,
675 2817 761 2900 quod
793 2817 921 2883 nomine
956 2816 1108 2902 imposito
1141 2816 1344 2903 exprimitur.

243 2928 349 3006 Quare
371 2928 426 3011 qui
443 2929 573 3009 primus
594 2947 661 2993 rem
683 2926 845 3010 quandam
867 2927 996 2993 nomine
1017 2927 1161 3011 appellat
1182 2933 1278 2993 antea
1301 2927 1345 2993 dc

244 3039 304 3104 hac
326 3059 360 3122 re
382 3057 445 3103 non
468 3036 629 3114 adhibito,
662 3037 690 3102 is
718 3042 803 3110 certe
825 3038 953 3118 primus
975 3038 1072 3103 etiam
1095 3035 1189 3103 huius
1216 3038 1264 3102 rei
1284 3056 1344 3100 na-

242 3154 347 3212 turam
375 3167 413 3212 ac
439 3145 601 3213 notionem
634 3145 786 3230 cognovit
804 3153 859 3211 aut
880 3145 944 3212 sibi
964 3145 1052 3212 visus
1075 3152 1124 3212 est
1148 3165 1346 3230 cognoscere

243 3277 314 3322 eam
347 3275 427 3333 esse,
461 3275 543 3338 quae
575 3254 637 3320 hoe
670 3257 798 3320 nomine
833 3254 1078 3339 significaretur.
1122 3257 1223 3320 Immo
1256 3273 1347 3334 vero,

244 3364 395 3447 quoniam
422 3385 506 3430 nova
527 3365 575 3429 rei
597 3363 774 3449 appellatio
801 3364 1009 3448 apertissima
1031 3384 1133 3432 novae
1162 3365 1346 3431 sententiae

243 3473 382 3558 prolatio
413 3481 508 3556 atque
536 3474 738 3540 adseveratio
769 3475 831 3551 est,
865 3493 949 3556 quac
975 3495 1039 3540 non
1067 3467 1103 3540 lit
1129 3475 1199 3540 sine
1226 3493 1347 3557 magna

244 3583 383 3668 quadam
400 3584 546 3649 veritatis
561 3583 688 3659 fidncia,
712 3583 802 3648 illam
818 3583 889 3649 eins
905 3583 1122 3668 cognitionem
1133 3585 1185 3649 vel
1206 3583 1347 3650 maxime

244 3696 364 3761 claram
394 3700 426 3760 et
452 3693 544 3759 firma
566 3693 775 3779 persuasione
799 3695 955 3760 munitam
974 3714 1047 3760 esse
1069 3699 1201 3779 oportet.
1246 3694 1346 3777 Ergo,

246 3825 317 3870 oum
339 3803 580 3870 Anaximander
603 3804 725 3888 primus
753 3802 878 3868 dicatur
905 3824 1062 3870 summum
1089 3823 1195 3869 rerum
1221 3803 1347 3888 princi·

245 3913 335 3998 pium
362 3914 578 3999 appellavisse
606 3907 644 3977 ari
671 3903 824 3996 ἄπειρον,
859 3913 1005 3992 efficitur,
1036 3920 1071 3979 ut
1097 3914 1220 3997 primus
1249 3912 1347 3978 intel-

246 4155 303 4212 iam
320 4157 382 4226 ipso
400 4156 482 4212 initio
500 4156 592 4226 aliqua
608 4158 749 4212 sententia
761 4172 827 4211 usus
841 4157 885 4226 sit,
904 4174 974 4227 quae
985 4161 1083 4228 postas
1095 4156 1207 4212 demum
1225 4171 1240 4209 e
1258 4154 1347 4209 totius

248 4252 392 4308 doctrinae
410 4253 617 4309 continuatione
636 4271 667 4309 ac
685 4271 758 4309 nexu
778 4258 950 4325 sequeretur.
