2882 4902
774 333 791 386 6

233 506 540 584 utensStobaeus1),
563 506 684 590 pariter
699 525 802 570 rerum
818 505 1012 590 principium
1035 505 1075 570 ab
1092 505 1346 571 Anaximandro

233 613 271 679 τό
303 604 442 696 ἄπειρον
469 613 534 681 dici
566 615 756 697 referentes,
790 613 832 678 ad
859 613 1107 698 significandum
1137 614 1346 700 principium

159 802 161 807 ,
234 727 303 794 solo
330 715 430 812 ἀρχῆς
451 721 609 791 vocabulo
631 730 771 808 utuntur,
794 725 884 790 nulla
906 724 973 789 alia
994 746 1073 791 voce
1094 725 1236 802 adiecta,
1258 723 1344 788 hoc-

234 834 497 919 quevocabulum
513 853 575 899 non
592 834 657 898 nisi
679 833 725 899 de
747 853 886 899 caussa
908 835 1111 900 materiali
1132 835 1344 918 intellegunt.

235 944 341 1024 Quare
363 941 641 1010 Anaximandrum
662 942 859 1027 vituperant,
897 943 983 1026 quod
1009 965 1115 1010 rerum
1137 945 1344 1031 principium

235 1055 268 1120 in
292 1054 362 1121 sola
387 1054 525 1120 materia
545 1053 691 1138 posuerit
713 1073 861 1119 caussam
873 1059 979 1118 autem
994 1053 1185 1120 efficientem
1202 1056 1343 1120 omnino

234 1165 419 1246 omiserim).
464 1163 554 1242 uuae
576 1161 705 1245 quidem
717 1163 922 1253 vituperatio,
945 1165 1050 1247 qualis
1065 1165 1194 1230 abillis
1216 1185 1343 1248 propo·

234 1274 329 1352 nitur,
353 1279 539 1357 argumento
560 1292 631 1338 esse
654 1278 768 1356 potest,
802 1272 872 1337 eius
894 1280 1070 1356 auctorem,
1092 1274 1239 1358 quisquis
1261 1274 1342 1348 fuit,

236 1385 340 1469 ipsam
354 1382 588 1448 Anaximandri
603 1383 760 1448 rationem
775 1397 838 1448 non
854 1383 920 1448 iarn
942 1383 1140 1467 cognovisse.
1185 1383 1343 1466 Namque

234 1491 476 1558 Anaximander
510 1511 656 1558 caussam
691 1498 869 1557 moventem
902 1513 965 1557 non
992 1481 1099 1558 omisit
1117 1491 1175 1558 sed
1203 1493 1238 1557 in
1260 1493 1343 1576 ipsa

236 1610 350 1669 natura
369 1602 523 1685 subiecta,
547 1601 583 1666 id
598 1609 655 1679 est,
673 1600 706 1666 in
721 1600 845 1666 infinito
861 1601 916 1666 illo
937 1602 1044 1667 inesse
1056 1603 1188 1684 censuit,
1211 1609 1247 1666 ut
1268 1603 1341 1667 iam

235 1711 375 1778 vidimus
391 1717 423 1776 et
437 1720 550 1796 postea
565 1711 683 1777 clarius
697 1711 891 1791 videbimus;
915 1719 947 1778 et
961 1713 990 1776 si
1001 1711 1220 1793 Aristoteles³)
1243 1712 1341 1794 dicit,

235 1822 354 1906 primos
377 1819 587 1905 philosophos
609 1827 709 1886 totum
728 1841 833 1886 rerum
850 1821 1046 1907 principium
1068 1823 1102 1887 in
1123 1829 1237 1889 natura
1260 1823 1339 1888 sub·

235 1931 319 1998 iecta
341 1930 498 2014 posuisse,
529 1931 677 2014 neglecta
704 1950 819 1996 caussa
841 1933 993 2008 moventi,
1018 1912 1100 1997 nihil
1127 1931 1217 1996 aliud
1242 1931 1339 2008 dicit,

234 2040 298 2107 nisi
319 2041 360 2106 ab
383 2040 449 2106 illis
472 2039 673 2126 philosophis
696 2060 843 2106 caussam
865 2048 1045 2106 moventem
1062 2040 1201 2106 nondum
1219 2061 1279 2125 per
1301 2062 1339 2107 se

234 2171 255 2215 a
278 2169 393 2215 caussa
415 2148 580 2214 materiali
598 2149 757 2233 separari,
782 2150 942 2232 siquidem
959 2151 993 2215 in
1004 2148 1237 2216 Anaximandri
1260 2151 1339 2216 infi-

198 2347 200 2354 γ
235 2260 302 2325 nito
325 2266 445 2325 motum
461 2265 681 2342 generatorem
696 2259 803 2324 inesse
818 2260 888 2339 ipse
903 2261 983 2325 satis
999 2267 1108 2342 aperte
1130 2259 1232 2326 docet.
1267 2260 1339 2325 Ad·

235 2365 450 2434 numerandus
479 2366 530 2433 his
551 2366 696 2447 Oiecr0⁴)
720 2387 846 2450 quoque
869 2375 927 2451 est,
948 2369 1017 2452 qui,
1045 2389 1117 2435 cum
1144 2368 1183 2434 de
1212 2370 1337 2434 Anaxi·

234 2474 369 2543 mandro
390 2479 523 2560 loquens
545 2474 647 2542 dicat:
684 2477 732 2561 „is
760 2476 845 2542 enim
878 2478 1067 2544 infinitatem
1094 2486 1227 2544 naturae
1250 2479 1338 2544 dixit

237 2605 317 2663 esse,
340 2604 358 2649 e
381 2603 445 2668 qua
467 2583 574 2649 omnia
593 2583 832 2668 gignerentur“,
855 2586 901 2651 ita
923 2585 964 2652 de
987 2586 1220 2652 Anaximandri
1243 2588 1336 2672 prin-

235 2693 322 2779 cipio
341 2693 488 2776 loquitur,
524 2693 618 2776 quasi
639 2692 720 2759 nihil
745 2694 788 2759 sit
820 2701 949 2778 praeter
971 2702 1120 2761 naturam
1141 2695 1335 2779 subiectam;

233 2802 288 2887 qui
324 2801 454 2885 quidem
487 2808 656 2886 propterea
689 2803 786 2867 etiam
818 2803 1049 2887 vituperandus
1079 2810 1143 2886 est,
1176 2804 1263 2887 quod
1294 2800 1334 2870 τὸ

232 2905 368 2998 ἄπειρον
389 2915 623 3000 imprudentius
639 2936 702 2981 non
717 2917 876 2996 infinitam
897 2923 1046 2984 acturam
1067 2918 1125 2984 sed
1145 2919 1336 2999 infinitatem

231 3031 364 3092 cataroe
386 3025 622 3110 interpretatur.

334 3137 362 3199 2.
407 3134 487 3200 Cum
499 3133 538 3201 de
551 3124 649 3220 ἀρχῆς
664 3135 820 3201 vocabulo
832 3135 1018 3212 dixerimus,
1041 3137 1081 3202 de
1094 3136 1207 3204 eodem
1222 3139 1334 3203 statim

235 3244 302 3310 alia
324 3243 481 3310 succurrit
495 3243 652 3326 quaestio,
675 3263 770 3326 quam
782 3244 934 3310 nonlicet
954 3246 1219 3329 praetermittere.
1252 3245 1335 3311 Sunt

234 3353 329 3428 enim,
357 3353 412 3435 qui
435 3351 709 3417 Anaximandrum
732 3352 870 3435 primum
893 3353 936 3419 ad
959 3352 1206 3437 significandum
1227 3374 1334 3419 rerum

237 3489 293 3496 ——--
310 3489 346 3494 -.-.

335 3556 359 3620 l)
379 3551 556 3621 Stob.1‚10.
577 3571 603 3622 p.
617 3555 677 3608 292.
708 3554 746 3628 Of.
766 3561 912 3624 praeterea
938 3555 1035 3611 Galen.
1056 3557 1156 3625 philos.
1176 3555 1240 3608 hist.
1262 3571 1285 3608 c.
1307 3558 1332 3609 5.
1427 3551 1428 3564 ¹

234 3669 260 3720 p.
281 3651 341 3703 243.
361 3648 455 3703 ed.·K.
487 3680 537 3719 ,-
557 3648 801 3723 εἷναιμὲνάρχὴν
828 3647 1247 3720 ὑλικὴνᾶπαντεςδεδώκασνν·
1427 3727 1428 3730 ¹

231 3742 455 3817 Ἀναξίμανδρος
474 3746 505 3799 δὲ
525 3741 663 3816 ‘'ineman“

338 3841 366 3910 2)
383 3841 456 3896 Plut.
475 3843 493 3896 l.
511 3843 529 3897 l.
564 3839 728 3914 „riuuprdvcr
749 3838 805 3909 οὗν,
824 3848 873 3912 τῆν
891 3846 945 3916 μὲν
964 3842 1030 3912 ὓλην
1046 3839 1283 3917 ἀποφαινόμενος,
1302 3844 1333 3899 τὸ
1427 3871 1428 3920 p

234 3937 266 3990 δὲ
287 3939 385 3992 ποιοῦν
403 3945 490 3993 αἴτιον
508 3937 643 4009 ἀναιρῶν
663 3939 693 3994 τὸ
723 3939 777 4012 γὰρ
804 3936 919 4010 ἄπειρον
941 3939 1024 3998 οὐδὲν
1047 3935 1113 3994 ἄλλο
1132 3936 1148 4008 ἢ
1165 3937 1212 4004 ὕλη
1232 3941 1333 3995 saraed
1427 3937 1428 3944 ’

230 4034 317 4104 *Apud
335 4033 412 4090 Stob.
430 4037 448 4089 l.
468 4036 486 4090 1.
502 4031 672 4108 ,quamdam
692 4069 727 4078 —-
747 4034 882 4109 ἀναιρών“
903 4041 1011 4094 desunt.

335 4134 362 4202 3)
382 4131 504 4202 Metaph.
525 4133 545 4202 1,
564 4135 590 4188 3.

333 4228 359 4296 4)
378 4227 432 4283 cic.
453 4229 537 4284 Acad.
558 4229 592 4298 ΙΙ,
612 4233 656 4285 37.
