2864 4904
73 554 224 635 partioola
243 543 358 617 ‘odon’
393 573 489 636 quam
518 552 788 637 significationem
809 551 947 628 haheat;
978 550 1059 617 haee
1081 553 1166 616 enim

74 668 176 744 potest
196 661 317 746 duplex
348 682 430 728 esse.
463 663 556 727 Nam
588 661 727 746 primum
760 661 919 744 particula
950 649 1033 742 οἷον,
1067 665 1164 742 atque

75 791 131 836 usu
153 770 278 853 quidem
301 772 397 856 longe
425 773 693 854 frequentissimo,
724 770 896 837 adhibetur
926 772 958 835 in
979 768 1165 836 adferendis

74 879 208 947 notionis
227 883 363 947 alienius
378 883 576 964 exemplis,
598 900 636 946 eo
659 881 801 961 consilio,
822 886 857 946 ut
872 900 920 958 ea,
943 880 1060 962 quibus
1076 885 1163 945 ante·

76 990 205 1072 ponitur,
227 991 408 1072 exempla
429 990 515 1054 illius
530 987 669 1053 notionis
691 985 851 1071 signifioet
874 1006 960 1063 esse;
982 1006 1045 1069 qua
1067 987 1164 1069 signi-

74 1099 216 1166 libatione
226 1099 334 1164 Latini
345 1097 500 1164 adhibent
513 1098 629 1164 ‘velut'
653 1099 705 1164 vel
718 1090 876 1180 ‘exempli
887 1097 1017 1180 gratia‘.
1040 1094 1165 1162 Deinde

75 1229 146 1274 vero
167 1208 296 1293 saepius
319 1210 414 1274 etianr
440 1208 482 1274 ab
504 1207 674 1272 Aristotele
698 1208 729 1271 in
761 1207 1097 1291 explicationibus
1121 1206 1165 1272 ad

76 1320 228 1384 notionem
250 1319 392 1400 aliquam
413 1314 571 1382 addendis
592 1313 772 1398 adhibetur,
802 1335 841 1380 eo
872 1314 1016 1396 oonsilio,
1050 1320 1084 1379 ut
1116 1333 1164 1397 ea,

75 1429 182 1510 quibus
194 1428 407 1513 anteponitur,
429 1424 586 1509 signifieat
601 1425 684 1491 illins
705 1425 845 1490 notionis
861 1423 1164 1508 explieationem

76 1557 157 1613 esse;
178 1557 242 1620 qua
266 1536 498 1620 signifieatione
518 1533 693 1620 respondet
715 1534 829 1600 latino
847 1532 904 1599 ‘id
926 1533 993 1598 est‘
1013 1535 1066 1598 vel
1081 1531 1090 1556 ‘
1104 1534 1164 1599 sei-

74 1646 218 1712 lioetsive
230 1645 437 1724 videlieet‘1).
458 1645 528 1710 lam
540 1646 625 1728 prior
646 1645 702 1710 illa
724 1643 900 1729 particulae
920 1642 1109 1726 significatio
1121 1642 1164 1708 ad

78 1763 209 1821 nostrum
222 1758 327 1821 looum
338 1774 450 1840 parunt
461 1753 703 1821 aooommodata
714 1760 781 1829 est;
800 1773 938 1837 namque
950 1755 1004 1818 vix
1018 1751 1087 1818 lieri
1109 1772 1162 1836 po-

77 1869 141 1943 test,
165 1864 398 1930 utAristoteles
421 1863 561 1929 medinm
585 1864 669 1929 inter
689 1861 1164 1946 aquametaeremetmedium

79 1973 268 2038 interaerem
280 1980 312 2039 et
331 1974 439 2056 ignem
451 1975 519 2039 eins
529 1979 672 2052 naturae,
685 1994 781 2056 quam
792 1973 872 2039 dioit
881 1971 913 2038 τὶ
925 1966 1015 2054 παρὰ
1026 1964 1067 2034 τὰ
1077 1991 1163 2035 oaor—
1217 2027 1220 2032 ,

77 2085 149 2160 zain,
169 2084 308 2149 voluerit
326 2085 476 2167 exempla
498 2103 578 2165 esse,
600 2086 762 2166 quoniam,
786 2085 813 2149 si
832 2103 927 2148 unum
943 2083 1048 2148 looum
1071 2100 1164 2146 exee-

78 2194 163 2275 peris,
185 2213 247 2274 quo
263 2192 402 2259 medium
416 2195 499 2259 inter
510 2213 626 2277 aquam
639 2201 670 2260 et
686 2196 792 2278 ignem
811 2193 1011 2269 memorab),
1034 2192 1163 2257 ubieun-

79 2322 134 2383 que
149 2302 226 2368 illud
247 2296 287 2367 τὸ
303 2298 396 2386 παρὰ
417 2298 615 2384 τὰστοιχεῖα
630 2305 780 2388 explieat,
802 2302 834 2368 id
857 2308 913 2369 aut
930 2301 1071 2368 medium
1087 2300 1164 2366 dioit

81 2411 155 2477 inter
165 2433 280 2496 aquam
293 2420 325 2480 et
338 2433 443 2480 aerem
457 2421 512 2480 aut
523 2415 606 2481 inter
630 2434 737 2482 aerem
750 2421 782 2480 et
792 2417 908 2498 ignom,
930 2415 977 2478 ita
988 2419 1023 2478 ut
1034 2417 1163 2496 praeter
1177 2467 1180 2478 .

79 2519 150 2587 haee
161 2521 222 2588 duo
244 2523 353 2591 media
372 2525 490 2590 nullam
514 2525 618 2601 aliam,
642 2544 725 2607 qnae
747 2518 837 2608 παρὰ
847 2518 889 2588 τὰ
899 2524 1046 2603 στοιχεῖα
1068 2528 1162 2601 esset,

78 2637 212 2698 naturam
236 2633 386 2700 videatur
407 2636 605 2717 cognovisse.
651 2635 699 2700 lla
731 2634 832 2700 solum
865 2633 1053 2700 eondieione
1082 2632 1163 2698 haee

78 2739 134 2805 dno
154 2742 258 2808 media
282 2745 407 2828 possint
438 2744 588 2828 exempla
610 2763 692 2822 asse,
722 2743 750 2810 si
777 2743 983 2809 Aristotelem
1006 2761 1163 2826 ponamus

78 2849 113 2914 de
131 2851 233 2917 formis
256 2853 411 2936 negitare,
436 2873 517 2936 quas
539 2847 578 2917 τὸ
601 2848 692 2936 παρὰ
716 2846 756 2915 τὰ
771 2855 917 2932 στοιχεῖα
932 2854 1005 2936 ipsa
1019 2847 1163 2936 generali

78 2979 130 3024 sna
150 2962 276 3028 notione
300 2961 419 3028 habere
446 2965 557 3048 possit,
590 2985 653 3028 non
677 2983 757 3046 quas
789 2965 821 3030 in
855 2961 1083 3047 philosophiae
1116 2960 1162 3026 hi·

79 3072 169 3136 storia
190 3069 320 3152 haheat;
346 3074 391 3138 ita
413 3073 499 3138 enim
521 3073 714 3153 generaliter
735 3074 860 3156 aooepti
882 3073 991 3158 plures
1006 3091 1078 3138 esse
1100 3072 1163 3136 for-

78 3181 229 3264 nosipsi
253 3201 352 3266 supra
380 3181 578 3250 ostendimus
587 3182 628 3265 ³t;
660 3181 719 3248 sed
744 3182 828 3248 hano
853 3182 1044 3248 sententiam
1067 3179 1163 3247 modo

79 3339 260 3348 ——-—·-—-··——·

170 3423 193 3491 1)
212 3422 254 3477 (11.
266 3420 358 3475 Waltz
369 3421 404 3475 ad
414 3420 528 3475 Aristot.
541 3420 682 3492 Orgnnop,
695 3420 730 3473 lb
742 3420 784 3489 18,
797 3420 846 3489 qui
857 3419 973 3489 primus,
984 3419 1059 3488 quod
1069 3417 1164 3485 seiam,

77 3515 142 3573 huno
165 3519 294 3574 venabuli
318 3519 394 3588 apud
420 3519 602 3573 Aristotelem
630 3535 710 3572 usum
728 3499 859 3572 11111161
881 3516 1004 3570 indubiis
1029 3516 1163 3586 exemplis

78 3616 195 3685 ostendit,
216 3617 318 3686 quibua
337 3617 360 3670 is
379 3618 464 3686 loeus,
483 3617 517 3672 de
529 3635 584 3686 quo
595 3616 711 3687 agimus,
730 3615 873 3672 addendus
884 3618 934 3670 est.
953 3613 1060 3668 Eadem
1077 3613 1162 3684 signi·

77 3709 194 3768 libatione
212 3709 272 3770 οἷον
291 3714 442 3768 adhibetur
465 3714 546 3784 Phys.
573 3714 623 3783 llI,
644 3717 669 3768 4.
688 3715 760 3767 203⁸
778 3714 811 3766 16
834 3713 883 3767 uhi
904 3712 1071 3768 Aristoteles
1094 3711 1161 3781 phy-

77 3808 137 3864 sicos
154 3811 223 3867 dicit
241 3810 378 3866 infinitati
397 3810 524 3866 subicere
540 3810 655 3882 Ἱιέραν
671 3809 731 3864 τινὰ
750 3804 838 3883 φύσιν
855 3810 910 3864 suiv
919 3811 1079 3881 λεγομένων
1092 3823 1161 3861 oror-

76 3910 157 3976 χείων,
174 3901 231 3963 οἷον
249 3903 323 3978 ὕδωρ
341 3900 470 3978 irritem,-
488 3908 640 3963 haeoenim
659 3906 861 3962 duoelementa
873 3925 929 3962 non
941 3907 1070 3977 exempla
1087 3909 1161 3974 sunt,

79 4002 119 4056 sed
134 4008 196 4058 sunt
222 4005 325 4074 omnia,
354 4022 424 4074 quae
452 4023 468 4059 a
495 4005 616 4075 physicis
644 4007 788 4074 ponuntur
815 4004 934 4074 infinita,
960 4008 993 4058 ut
1019 4008 1099 4073 patet
1128 4022 1162 4058 ex

79 4097 192 4154 205227.

166 4195 194 4268 2)
212 4197 293 4268 Phys.
313 4199 335 4266 I,
353 4201 379 4254 6.
401 4200 469 4254 1892
483 4201 527 4254 85.
564 4199 635 4254 Vide
653 4217 738 4269 supra
755 4217 782 4268 p.
802 4200 836 4252 64
854 4203 913 4254 not.
932 4201 957 4254 2.

165 4293 192 4365 3)
210 4295 241 4348 Ρ.
259 4297 303 4350 84.
