2860 4906
642 356 696 408 24⁷

100 547 177 592 ram
201 527 333 609 igneam
356 547 427 594 esse
444 527 549 612 ipsam
569 533 715 594 naturam
739 527 888 608 calidam,
910 534 1029 594 terram
1045 537 1151 596 autem
1172 530 1216 594 ad

101 642 260 700 naturam
283 635 436 719 frigidam
459 637 637 719 pertinere3
661 635 716 702 sed
740 657 814 702 cum
836 643 966 722 praeter
989 638 1047 704 has
1070 637 1152 704 duas
1167 659 1217 706 res

101 753 307 811 memoretur
330 748 427 812 etiarn
444 767 510 828 aer,
532 745 587 828 qui
608 753 727 810 terram
742 748 855 826 cingat
876 725 1012 830 ipseque
1033 769 1054 813 a
1075 748 1216 831 sphaera

101 854 208 936 ignea
231 855 390 938 cingatur,
413 856 632 938 quaerendum
660 863 717 934 est,
751 856 803 923 hic
823 878 881 926 aer
901 853 986 924 unde
1007 863 1096 924 ortus
1119 858 1162 924 sit
1184 866 1215 924 et

102 962 150 1028 ad
175 970 282 1029 utram
295 967 451 1047 naturam,
474 964 517 1030 ad
536 965 716 1032 calidamne
739 986 780 1031 au
803 964 846 1031 ad
868 964 1030 1050 frigidam,
1046 965 1216 1050 pertineat.

101 1072 237 1140 Deinde
263 1093 335 1142 cum
356 1073 496 1158 sphaera
519 1073 616 1158 ignea
638 1074 672 1140 in
687 1077 796 1159 plures
821 1083 931 1160 partes
946 1074 1078 1160 dirupta
1088 1075 1215 1158 haeque
1249 1126 1252 1132 .

102 1184 203 1268 ipsae
237 1190 346 1266 partes
377 1183 508 1250 orbibus
541 1183 736 1266 quibusdam
773 1183 918 1254 inclusae
952 1205 1024 1250 esse
1058 1183 1215 1264 dicantur,

102 1292 333 1376 quaerendum
356 1299 413 1376 est,
447 1299 479 1358 et
508 1314 591 1376 quae
614 1313 731 1360 caussa
755 1294 839 1359 illius
865 1291 1053 1377 diruptionis
1077 1305 1216 1378 atquae

101 1403 248 1470 materia
271 1408 367 1484 atque
391 1403 482 1486 origo
504 1404 632 1468 illorum
655 1402 777 1492 orbium
799 1403 851 1468 sit.
895 1402 966 1468 Hae
988 1411 1097 1470 autem
1119 1424 1216 1487 quae-

103 1514 234 1580 stiones
257 1514 352 1596 plane
374 1511 455 1579 solvi
478 1512 629 1579 videntur
649 1512 828 1596 adsumptis
840 1512 1003 1580 nonnullis
1026 1511 1101 1578 aliis
1124 1514 1214 1596 locis,

103 1643 247 1706 quorum
270 1621 364 1687 alteri
391 1621 479 1706 apud
501 1622 714 1707 Hippolytum
737 1629 768 1688 et
791 1621 975 1704 Stobaeum,
1008 1621 1101 1687 alteri
1126 1622 1214 1707 apud

104 1732 317 1798 Aristotelem
339 1731 555 1798 inveniuntur.

211 1841 354 1906 Primum
370 1840 470 1924 igitur
492 1860 533 1906 ex
551 1840 730 1924 Hippolyto
752 1847 784 1906 et
806 1839 948 1907 Stobaeo
969 1846 1114 1926 apparet,
1140 1841 1213 1907 illos

105 1951 205 2016 orbes
229 1957 376 2016 constare
405 1971 446 2015 cx
474 1969 548 2016 acre
577 1949 724 2016 densato.
767 1950 966 2034 Hippolytus
989 1951 1073 2016 enim
1104 1951 1214 2033 refert,

103 2059 343 2126 Anaximandri
362 2059 523 2126 sententia
538 2059 702 2126 stellarum
716 2079 975 2142 unamquamque
997 2081 1068 2129 esse
1084 2061 1213 2127 orbern

106 2169 219 2253 ignis
241 2170 287 2234 ab
309 2189 397 2236 aere
419 2171 734 2252 circumclusum,
757 2190 814 2253 per
829 2168 992 2252 quoddam
1009 2169 1103 2237 huius
1126 2171 1212 2237 aeris

103 2279 252 2346 foramen
275 2299 314 2345 oo
337 2280 416 2358 loco,
444 2300 506 2362 quo
535 2281 629 2345 stella
651 2285 816 2364 appareat,
840 2280 1058 2363 perlucentem
1068 2278 1107 2358 1);
1140 2280 1211 2347 Sto·

107 2388 212 2454 baeus
235 2394 343 2454 autem
366 2389 475 2454 stellas
498 2409 570 2454 esse
589 2388 667 2455 dicit
689 2389 803 2454 orbes
826 2387 932 2454 acris
956 2386 1108 2454 densati
1129 2394 1211 2454 rota-

103 2519 176 2564 rum
201 2496 335 2580 similes,
358 2499 499 2581 repletos
522 2498 607 2582 igne,
643 2518 779 2580 quorum
801 2498 940 2580 quisquo
970 2517 1028 2581 per
1050 2496 1212 2582 quoddam

104 2609 252 2674 foramen
273 2605 418 2674 flammas
441 2607 610 2688 emittat2).
655 2608 749 2676 Unde
771 2607 823 2675 hic
846 2628 902 2675 aer
914 2614 1001 2674 ortus
1024 2607 1067 2673 sit
1082 2627 1212 2690 quaque

107 2717 235 2782 ratione
268 2737 308 2781 ex
342 2737 379 2782 eo
413 2717 481 2782 nati
520 2715 585 2782 sint
616 2716 710 2782 orbes
754 2715 840 2800 ignis
874 2717 968 2782 orbes
1002 2717 1212 2792 involventes,

104 2847 126 2890 a
147 2831 263 2891 neutro
285 2824 493 2908 significatur.
538 2824 603 2890 Sed
626 2823 666 2890 de
679 2823 750 2890 ‘hac
765 2843 799 2890 re
823 2826 924 2890 conici
946 2831 1053 2909 potest
1075 2845 1115 2890 ex
1140 2826 1210 2889 Ari·

105 2935 231 3001 stotele.

207 3045 332 3110 Etenim
346 3043 537 3110 Aristoteles
550 3043 676 3108 duobus
688 3042 1005 3126 Metecrclogicorum
1018 3041 1099 3108 locis
1112 3044 1208 3126 plane

106 3153 270 3221 similibus
294 3153 376 3220 hano
393 3153 593 3236 quorundam
611 3151 875 3237 philosophorum
898 3151 996 3218 refert
1012 3151 1208 3237 opinionem:

106 3262 199 3328 initio
232 3270 351 3329 terram
384 3268 548 3343 totamque
575 3260 687 3326 mundi
716 3261 881 3344 regionem
909 3259 992 3326 hanc
1013 3259 1208 3326 ambientem

106 3371 305 3439 humidam
325 3373 441 3451 fuisse3
474 3391 515 3436 ex
538 3370 600 3436 hao
626 3376 741 3435 natura
764 3368 894 3435 humida
922 3389 941 3433 a
963 3371 1030 3436 sole
1051 3368 1209 3436 calefacta

106 3482 272 3548 exstitisse
295 3501 435 3562 aorem,
461 3500 564 3562 eoque
583 3487 683 3546 totum
699 3479 780 3547 cccli
797 3481 950 3547 ambitum
968 3487 1098 3546 auctum
1119 3499 1207 3562 esse,

107 3671 305 3678 —....-....-.-

210 3775 237 3844 1)
255 3773 370 3844 Hippol.
389 3773 489 3829 Refell.
509 3774 531 3834 Ι,
551 3776 579 3828 6:
610 3771 657 3838 ,ab
676 3775 707 3826 δὲ
733 3769 819 3842 ἄστρα
842 3779 970 3842 γίνεσθαι
994 3767 1092 3850 aialon
1114 3769 1208 3842 πυρός,

106 3866 292 3940 ἀποκριθέντα
311 3871 357 3924 τοῦ
372 3866 439 3922 κατὰ
453 3865 563 3940 κόσμον
575 3866 669 3938 πυρὸς,
688 3871 947 3939 περιληφθέντα
967 3867 994 3919 d’
1013 3864 1075 3922 ὑπὸ
1098 3867 1207 3938 α’έρος.

108 3964 222 4026 ἐκπνοὰς
236 3967 262 4018 δ’
283 3961 396 4034 ὑπάρξαι
416 3963 489 4025 τινὰς
502 3959 639 4034 ἀερώδεις,
651 3967 716 4017 καθ’
729 3961 774 4025 οὓς
786 3960 886 4024 τόπους
898 3969 1024 4036 φαίνεται
1043 3962 1074 4018 τὰ
1094 3959 1207 4035 turpat

205 4064 235 4132 2)
255 4063 332 4118 Sbob.
351 4063 409 4117 Ecl.
429 4063 451 4130 I,
470 4065 534 4116 510:
555 4062 792 4130 ἦἈναξίμανδρος
811 4059 883 4128 (τοὺς
893 4057 1019 4131 ἀστέρας)
1036 4055 1207 4132 αιλὴματα

108 4156 203 4232 ἀέρος
221 4160 410 4232 τροχοειδῆ,
431 4156 517 4230 πυρὸς
535 4160 652 4230 ἔμπλεα,
671 4153 738 4213 κατα
757 4179 781 4212 τι
799 4162 885 4229 μέρος
903 4153 959 4211 ἀπὸ
971 4162 1093 4228 στομίων
1111 4157 1206 4212 ἐκπνέ-

109 4275 169 4312 orta
189 4252 323 4331 φλόγας.“
