2864 4904
796 385 848 438 162

271 554 390 637 definit,
413 559 448 619 ut
475 559 543 620 tum
563 551 650 618 dieat
672 549 703 615 τί
733 544 823 634 παρὰ
852 543 894 615 τὰ
916 552 1073 633 στοιχεῖα,
1107 556 1173 615 tum
1194 549 1228 614 τί
1250 550 1374 631 μεταξὺ

270 670 336 730 τῶν
361 660 549 744 στοιχείων,
580 663 649 728 sine
682 668 840 728 oertorum
875 661 1105 726 elementorum
1137 658 1373 743 designatione,

271 780 337 842 tum
363 771 396 837 οἱ
416 765 536 854 μεταξὺ
563 773 615 838 vel
642 771 725 840 inter
752 790 859 838 aerem
892 775 924 836 et
945 773 1052 853 ignem
1084 769 1137 836 vel
1159 769 1242 834 inter
1262 788 1372 836 aerem

272 890 304 950 et
325 903 451 968 equum.

371 992 443 1070 Qua
464 996 574 1058 eutem
594 989 720 1056 ratione
741 995 911 1072 utrumque
926 980 1065 1054 medium
1079 987 1121 1054 ad
1136 987 1371 1053 Anaximandri

272 1101 463 1187 prineipium
480 1106 571 1184 putet
585 1100 758 1184 pertinere,
780 1119 821 1166 ex
843 1100 917 1183 ipsa
932 1100 1001 1164 eius
1018 1097 1146 1164 dioendi
1168 1097 1294 1164 ratione
1317 1117 1371 1181 ap-

273 1218 375 1296 paret.
418 1211 533 1293 Neque
565 1211 649 1276 onim
689 1209 759 1275 eius
794 1209 997 1293 prineipium‚
1025 1205 1296 1290 quemadmodum
1324 1226 1370 1272 re·

271 1321 351 1404 liqui
376 1319 558 1386 Aristotelis
586 1319 789 1402 interpretes,
824 1317 997 1400 separatim
1028 1323 1096 1382 tum
1122 1316 1260 1382 medium
1289 1319 1370 1380 inter

271 1449 379 1496 aerem
401 1435 432 1496 et
453 1428 570 1513 ignem,
593 1434 660 1495 tum
681 1427 820 1494 medium
843 1428 925 1492 inter
947 1446 1053 1493 aerem
1076 1436 1109 1492 et
1129 1446 1245 1509 aquam
1260 1427 1369 1511 appel-

273 1540 333 1622 lut;
356 1557 495 1622 namque
517 1537 658 1606 medium
679 1539 761 1603 inter
785 1555 893 1602 aerem
919 1543 951 1602 et
973 1536 1081 1620 iguem
1103 1555 1263 1620 nunquam
1278 1555 1368 1619 sepa-

273 1648 370 1715 ratim
393 1648 482 1730 dicit,
513 1647 656 1714 medium
677 1647 762 1719 inter
783 1666 890 1713 aerem
924 1651 956 1712 et
985 1665 1101 1729 aquam
1123 1652 1229 1712 autem
1258 1651 1367 1729 aperte

275 1777 338 1824 uno
361 1763 484 1823 tantum
505 1758 627 1837 looo¹);
655 1775 764 1822 verum
787 1755 848 1822 hoo
869 1776 932 1822 uno
959 1755 1029 1821 loeo
1052 1764 1187 1840 excepto
1216 1763 1273 1822 aut
1295 1756 1367 1821 sim-

272 1867 399 1951 pliciter
411 1867 557 1951 appellat
576 1861 766 1948 ’τὸμεταξύ
779 1857 788 1883 '
810 1867 880 1932 sive
898 1859 953 1929 ‘ud
968 1867 1072 1947 μεταξ
1079 1861 1087 1882 “
1101 1865 1168 1930 τῶν
1177 1855 1366 1945 στοιχείων’,

275 1977 346 2042 sine
369 1983 526 2042 oertorum
552 1977 780 2042 elementorum
804 1975 1069 2059 designatione),
1094 1981 1159 2058 eut,
1181 1976 1365 2057 simulatque

273 2087 503 2152 omninooerta
514 2087 673 2152 elementa
687 2086 848 2168 designet,
871 2105 998 2170 semper
1010 2086 1119 2152 modo
1131 2086 1365 2152 disiunctivo

273 2192 351 2260 dioit
379 2187 440 2260 ‘vd
460 2189 581 2276 μεταξι)
606 2186 765 2280 ditatos
785 2192 839 2257 καὶ
865 2189 962 2276 ἀέρος
984 2187 1004 2280 ἢ
1024 2185 1120 2277 ἀέρος
1147 2194 1202 2259 καὶ
1221 2188 1364 2277 πορόςῧ),

273 2304 397 2387 hosque
430 2323 541 2371 rursus
572 2306 692 2388 pariter
725 2303 820 2371 modo
858 2303 1049 2370 disiunctivo
1083 2304 1226 2389 explieat
1253 2303 1362 2370 verbis:
1421 2381 1422 2386 ρ

272 2408 378 2495 ιὅπερ
411 2405 508 2496 ἀέρος
531 2411 590 2494 μὲν
611 2411 680 2478 ἐστι
707 2407 910 2494 πυκνότερον
938 2407 1056 2490 tdavog
1087 2411 1123 2480 δὲ
1141 2406 1366 2498 pemmoni*
1421 2397 1422 2426 ¹

273 2523 380 2605 πυρὸς
408 2520 467 2604 μέν
494 2517 696 2604 πυκνότερον
722 2513 819 2605 ἀέρος
845 2521 881 2588 δὲ
906 2513 1155 2604 ,ιιονότερον’4).
1199 2523 1287 2603 Quae
1308 2522 1363 2587 dis·

273 2635 414 2698 iunetiva
433 2632 636 2715 significandi
658 2635 740 2699 ratio
762 2638 870 2718 potest
884 2632 1014 2715 quidem
1037 2633 1208 2717 dupliciter
1222 2633 1362 2716 intellegi,

274 2747 307 2806 et
329 2741 385 2813 ite,
410 2748 444 2806 ut
467 2741 662 2825 Philoponus
685 2761 727 2806 se
751 2742 878 2826 ipsum
900 2742 1062 2824 signifieet
1085 2744 1267 2828 ambiguum
1289 2761 1361 2822 esse,

275 2857 379 2916 utrum
410 2851 643 2917 Anaximandri
673 2853 864 2936 principium
898 2853 980 2916 inter
1008 2871 1115 2917 aerem
1142 2858 1175 2918 et
1195 2872 1307 2936 aquam
1326 2870 1362 2914 un
1419 2903 1420 2910 ,

219 3041 221 3045 Ι
276 2959 359 3026 inter·
380 2981 488 3026 aerem
511 2968 544 3027 et
565 2962 674 3044 iguem
685 2961 823 3026 medium
847 2963 897 3043 sit,
920 2967 1091 3046 propterea
1104 2962 1265 3047 videlieet,
1285 2958 1360 3044 quod

275 3076 409 3154 propter
431 3071 685 3136 testimoniorum
709 3072 849 3154 inopiam
872 3091 938 3138 rem
958 3092 1022 3137 non
1038 3070 1157 3139 hebeat
1171 3077 1360 3156 compertum,
1419 3149 1420 3154 ἵ

292 3341 295 3350 ’
381 3322 408 3392 1)
426 3322 497 3376 Vide
519 3339 604 3392 supra
622 3339 648 3393 p.
671 3325 731 3391 126,
758 3328 816 3378 not.
843 3329 866 3394 1,
885 3325 912 3378 b.
950 3325 1015 3380 Alio
1040 3326 1109 3392 loeo,
1138 3325 1206 3380 ibid.
1229 3329 1283 3378 not.
1301 3325 1322 3390 1,
1339 3339 1359 3380 e.

275 3418 330 3489 fin,
351 3421 476 3488 appellat
495 3417 588 3489 ’ἀέρος
605 3419 662 3491 μὲν
680 3414 847 3490 πυκνότερον
865 3417 963 3480 ὕδατος
982 3421 1013 3474 dl
1031 3416 1205 3494 μονότερον’,
1225 3421 1269 3476 sed
1282 3419 1358 3472 solum

276 3518 425 3572 brevitatis
443 3533 548 3586 caussa,
567 3522 716 3586 postquem
733 3519 860 3587 proxime
878 3519 960 3572 modo
980 3517 1150 3574 disiunctivo
1168 3519 1286 3574 medium
1298 3515 1358 3570 dixit
1418 3517 1419 3529 ¹

275 3614 320 3669 vel
339 3615 414 3668 inter
431 3631 523 3668 eorem
547 3618 576 3667 et
594 3613 687 3684 ignem
714 3615 759 3669 vel
778 3614 852 3668 inter
870 3631 962 3669 aerem
988 3621 1017 3670 et
1042 3633 1152 3684 equam.
1190 3617 1260 3670 Aliis
1276 3610 1357 3684 paneis

275 3710 344 3764 loeis
361 3707 392 3762 τὸ
410 3707 511 3782 μεταξὺ
520 3709 598 3778 dicit,
616 3714 765 3780 postquam
784 3711 912 3779 proxime
930 3729 1032 3781 equam
1049 3717 1077 3766 et
1094 3729 1187 3766 aerem
1200 3708 1356 3768 memorarit,

278 3809 318 3860 itu
338 3811 370 3860 ut
389 3807 473 3861 lieeet
493 3806 604 3874 quidem
621 3825 672 3862 neo
689 3823 756 3862 vero
769 3812 899 3877 oporteat
917 3809 992 3862 inter
1009 3809 1079 3864 haee
1096 3808 1220 3864 medium
1238 3804 1355 3874 intellegi.
1417 3845 1418 3894 ἦ

380 3903 409 3972 2)
428 3901 492 3957 vid.
512 3920 596 3972 supra
623 3921 650 3972 p.
672 3906 722 3958 127
740 3909 797 3959 not.
818 3905 842 3973 1,
868 3923 898 3974 a;
920 3923 947 3974 o;
964 3906 998 3975 d;
1016 3924 1043 3975 p.
1059 3906 1110 3961 128
1129 3911 1187 3961 not.
1207 3912 1230 3976 1,
1248 3924 1274 3974 ος
1291 3905 1317 3970 b;
1333 3914 1354 3962 οἱ

275 3998 307 4066 d;
327 4012 354 4067 e;
373 3998 400 4068 f;
419 4015 450 4069 g;
470 4017 498 4068 p.
519 4001 570 4053 130
588 4005 646 4055 not.
668 4005 774 4069 l‚eet
790 4001 817 4056 d.

376 4097 403 4164 3)
422 4095 485 4151 vid.
504 4113 589 4166 snpra
607 4115 633 4166 p.
655 4099 706 4152 126
726 4103 784 4155 not.
807 4101 830 4167 1,
850 4115 881 4168 ος
899 4117 926 4168 ρ.
947 4103 1000 4182 127
1019 4105 1076 4155 not.
1097 4105 1122 4170 1,
1137 4119 1158 4182 Ιο
1175 4107 1203 4156 et
1220 4101 1251 4168 b;
1268 4116 1292 4166 p.
1312 4094 1354 4147 13⁰
1416 4141 1417 4180 1

275 4192 333 4242 not.
355 4193 379 4259 1,
398 4208 414 4244 e
434 4196 462 4246 et
480 4193 507 4248 d.
1416 4203 1417 4261 t

375 4288 404 4358 4)
422 4287 485 4342 Vid.
506 4308 590 4358 supra
608 4309 636 4359 p.
658 4293 708 4345 126
727 4296 784 4346 not.
807 4296 830 4354 l,
849 4312 874 4348 e.

1409 4695 1415 4874 l
