2860 4906
755 365 807 418 262

238 531 285 618 τῷ
308 527 355 597 ἑνὶ
370 523 616 617 &marcomanni
660 536 730 602 Iam
745 557 821 602 vero
844 556 1013 619 quaerens,
1036 539 1132 620 quale
1147 539 1339 622 principium

240 648 400 726 oporteret
422 663 504 726 esse,
527 650 562 710 nt
587 643 645 710 has
668 651 802 712 naturas
824 647 1004 712 contrarias
1025 645 1135 729 aliquo
1157 647 1254 713 modo
1269 667 1338 714 con-

239 752 343 817 tinere
358 758 477 834 posset,
500 753 598 818 facile
613 753 840 836 perspiciebat,
862 753 896 819 id
918 775 983 820 non
997 774 1092 837 posse
1105 775 1163 840 per
1183 776 1221 822 se
1235 756 1338 839 ipsum

239 861 477 926 alteramutram
510 862 653 945 ipsarum
695 861 809 928 harum
841 871 1028 930 naturarum
1062 884 1144 947 esse,
1177 865 1237 931 sed
1270 885 1338 931 esse

240 975 389 1054 oportere
411 975 559 1036 naturam
588 970 749 1053 quandam
779 971 821 1036 ab
844 971 893 1038 his
912 972 1075 1038 diversam
1104 971 1151 1048 (τὶ
1178 967 1271 1056 παρὰ
1299 968 1338 1037 τᾶ

241 1078 409 1157 στοιχεῖα),
432 1085 602 1162 propterea
617 1080 714 1163 quod,
738 1081 767 1148 si
790 1101 847 1164 per
869 1102 905 1148 se
926 1084 1101 1148 alterautra
1114 1103 1233 1165 earnm,
1255 1085 1340 1149 velut

241 1185 270 1252 si
291 1207 350 1270 per
372 1209 407 1254 se
429 1194 544 1254 natura
564 1190 620 1255 illa
639 1191 735 1274 ignca
756 1199 851 1266 esset,
883 1198 1030 1258 naturam
1050 1191 1127 1259 hnic
1151 1195 1339 1259 contrariam

239 1316 305 1362 non
326 1303 443 1380 posset
456 1299 519 1364 ufic
541 1298 636 1365 modo
660 1302 822 1368 continere
844 1323 885 1368 ex
908 1322 1008 1385 seque
1031 1305 1172 1386 gignere,
1195 1309 1228 1369 et
1250 1322 1338 1385 prae·

241 1410 330 1471 terea
352 1405 512 1474 infinitate
535 1429 605 1492 sua,
629 1409 663 1475 id
685 1416 743 1488 est,
766 1409 892 1477 infinita
914 1411 948 1475 in
970 1432 1082 1478 omnes
1105 1418 1213 1495 partes
1234 1419 1339 1480 exten-

241 1515 344 1598 sione,
366 1517 510 1599 quemvis
532 1519 603 1585 eius
616 1527 720 1586 ortum
743 1519 872 1586 omnino
888 1519 1116 1604 impediturum
1139 1528 1240 1596 esset3
1261 1521 1340 1588 haec

243 1625 326 1690 enim
338 1625 542 1694 ratiocinatio
557 1628 599 1694 ab
614 1631 684 1711 ipso
707 1631 879 1696 Aristotele
890 1629 1132 1697 Anaximandro
1154 1631 1301 1696 tribuitur
1308 1631 1340 1710 ¹).

243 1817 440 1824 -—-——

346 1931 372 1998 1)
391 1930 472 2000 Phys.
499 1929 550 1992 111,
577 1933 601 1984 5.
631 1930 765 1998 204b243
799 1931 971 2005 vid.sup1·a
999 1951 1027 2002 p.
1047 1934 1091 2000 68,
1118 1935 1145 1987 3.
1182 1931 1340 1986 Aristotelis

163 2033 169 2046 ¹
243 2027 326 2080 huius
351 2027 572 2082 ratiocinationis
605 2028 730 2082 narratio
759 2032 878 2098 propter
907 2029 1024 2083 nimiam
1053 2029 1221 2084 brevitatem
1248 2027 1341 2097 paullo

244 2124 389 2178 obscurior
407 2127 458 2178 est.
490 2123 604 2177 Etenim
621 2124 744 2194 primum
754 2125 803 2193 ait,
823 2125 931 2193 aliquos
942 2125 1084 2194 (vidimus,
1103 2123 1340 2179 Anaximandrum

246 2220 381 2290 intellegi)
400 2223 531 2274 naturam
549 2219 689 2275 infinitam
708 2221 813 2276 idcirco
832 2239 936 2290 ponere
954 2223 980 2274 rt
997 2218 1072 2291 παρὰ
1091 2220 1123 2274 τὰ
1144 2227 1272 2291 στοιχεῖα,
1291 2237 1341 2274 nec

245 2334 416 2372 verounum
436 2317 636 2382 exclamantis,
655 2317 730 2386 quod
742 2317 765 2370 si
775 2335 861 2370 unum
873 2336 907 2371 ex
919 2317 1062 2372 elementis
1082 2322 1165 2388 esset,
1187 2317 1215 2371 id
1234 2335 1281 2371 sna
1300 2317 1340 2370 in-

243 2414 352 2468 finitate
362 2413 534 2482 reliquornm
554 2413 754 2468 elementorum
772 2419 866 2468 ortum
879 2414 1080 2484 impediturum
1091 2420 1176 2484 esset3
1197 2413 1295 2468 deinde
1306 2413 1341 2467 ad

243 2511 316 2565 hanc
326 2509 529 2564 Anaximandri
547 2511 713 2565 sententiam
727 2510 921 2580 explicandam
933 2511 1022 2581 addit,
1039 2512 1176 2566 elementa
1194 2510 1340 2578 enimqna·

244 2607 338 2661 litates
356 2606 460 2660 habere
478 2607 644 2675 contrarias,
662 2611 691 2662 et
709 2607 781 2662 hanc
801 2607 980 2676 obcaussam,
999 2608 1024 2662 si
1042 2627 1129 2662 unum
1145 2625 1238 2662 eornm
1251 2606 1341 2660 infini-

245 2712 305 2760 tum
317 2711 397 2775 esset,
417 2707 543 2760 futurum
562 2723 628 2774 esse,
648 2710 680 2760 ut
693 2710 805 2775 praeter
822 2706 875 2761 hoc
893 2724 949 2759 non
967 2711 1062 2775 posset
1080 2706 1169 2760 ullum
1182 2704 1256 2760 aliud
1274 2722 1340 2758 esse.

245 2803 299 2858 Sed
317 2803 358 2858 ita
377 2803 515 2858 rationem
537 2820 695 2872 proponens
720 2821 776 2857 non
799 2802 958 2872 distinguit,
984 2803 1060 2870 quid,
1086 2803 1110 2856 si
1134 2820 1218 2856 unum
1235 2819 1269 2856 ex
1285 2801 1340 2856 ele·

245 2901 347 2956 mentis
374 2901 543 2970 principium
572 2901 690 2969 ideoque
718 2879 858 2954 infinitum
876 2903 1006 2970 ponatur,
1034 2900 1099 2954 inde
1116 2905 1272 2954 secuturum
1294 2899 1340 2966 sit,

246 2997 321 3067 quod
339 3016 388 3051 sua
407 2997 495 3066 ipsius
514 2997 652 3066 qualitate
671 2997 787 3065 reliquis
812 2997 955 3051 elementis
975 2997 1147 3050 contrarium
1166 2997 1210 3065 sit,
1228 2996 1340 3064 etquid

247 3095 320 3163 inde,
339 3096 414 3164 qnod
433 3095 469 3149 sit
488 3093 637 3149 infinitum.
676 3095 802 3162 Namque
824 3111 858 3148 cx
878 3112 910 3148 ea
929 3093 987 3148 sola
1007 3112 1047 3163 re,
1070 3095 1147 3162 quod
1172 3093 1339 3162 unumquod-

246 3211 300 3262 que
328 3191 495 3246 alementum
523 3190 674 3259 unicuique
702 3190 750 3244 alii
777 3190 950 3245 contrarium
972 3194 1021 3256 est,
1050 3190 1109 3245 sive
1136 3190 1272 3244 infinitum
1298 3193 1341 3243 est

245 3290 304 3344 sive
322 3307 379 3343 non
397 3287 548 3358 infinitum,
568 3287 705 3356 sequitur,
724 3291 756 3340 ut
775 3304 813 3341 ex
833 3305 871 3341 eo
890 3287 965 3357 ipso
988 3287 1097 3341 nullum
1124 3287 1202 3342 aliud
1228 3285 1339 3340 elemen-

245 3385 717 3456 tumpossitoriri31ndeautem,
741 3385 816 3454 quod
835 3385 917 3438 simul
938 3384 1089 3446 infinitum,
1109 3385 1139 3439 id
1162 3389 1213 3452 est,
1235 3383 1340 3438 infinite

247 3483 276 3535 in
295 3499 389 3536 omnes
407 3485 502 3551 partes
518 3486 662 3536 extensum
682 3485 733 3550 ost,
753 3463 889 3550 sequitur,
908 3485 941 3534 ut
960 3499 1012 3536 nec
1030 3481 1144 3536 aliunde
1162 3481 1247 3551 possit
1264 3479 1340 3548 quid·

247 3596 331 3647 quarn
356 3579 483 3642 existere,
507 3583 667 3648 propterca,
695 3579 769 3647 quod
787 3582 901 3647 praeter
925 3578 986 3642 hoc,
1018 3578 1122 3648 quippe
1141 3579 1217 3648 quod
1241 3594 1287 3646 per
1311 3593 1339 3629 se

247 3674 337 3728 solum
356 3675 450 3728 omnia
468 3676 576 3744 repleat
596 3675 696 3744 spatia,
725 3675 837 3728 omnino
861 3674 933 3728 nihil
960 3691 1018 3729 esse
1044 3675 1140 3744 possit.
1177 3677 1267 3743 Atque
1288 3690 1339 3742 ego

248 3771 358 3840 quidem
379 3771 487 3841 opinor,
516 3770 767 3838 Anaximandrum,
795 3775 827 3824 ut
852 3771 1022 3838 ostenderet,
1050 3788 1106 3824 non
1125 3788 1212 3824 unum
1232 3768 1340 3836 aliquod
1422 3765 1423 3784 ³

248 3868 415 3922 elementum
435 3867 558 3921 omniurn
576 3866 746 3937 principium
770 3885 828 3921 csse
846 3885 935 3936 posse,
961 3867 1030 3921 duas
1052 3867 1114 3921 illas
1134 3867 1266 3935 rationes,
1284 3864 1339 3932 pri·

248 3983 333 4033 mum,
353 3964 591 4033 quodpropter
613 3968 771 4019 naturam
795 3963 867 4019 cius
892 3963 1042 4032 reliquis
1066 3963 1251 4018 elementis
1270 3977 1339 4016 oon·

249 4061 403 4116 trariam
422 4078 486 4114 non
505 4080 543 4116 ex
562 4061 647 4130 ipso,
666 4060 854 4129 deindequod
872 4064 1020 4129 propter
1038 4060 1112 4114 cius
1132 4059 1340 4114 infinitatem

249 4175 300 4212 nec
318 4156 431 4211 aliunde
451 4161 564 4225 practer
588 4157 679 4225 ipsum
704 4157 781 4212 aliud
806 4158 973 4211 elementum
999 4156 1068 4210 oriri
1097 4162 1201 4226 posset,
1223 4171 1339 4210 seorsum

250 4252 382 4323 posuisse,
407 4253 587 4309 Aristotelem
612 4257 706 4308 autem
735 4271 780 4308 eas
807 4253 991 4322 coniunxisse,
1018 4257 1177 4322 propterea,
1205 4251 1275 4322 quod
1290 4249 1340 4304 illo
