2860 4906
650 389 702 441 279

108 556 280 619 sententia
310 575 415 620 rerum
446 557 689 638 generationem
724 560 756 622 in
780 561 1011 626 contrariorum
1043 563 1221 629 secretione

108 665 304 740 consistere,
333 665 551 745 quaerendum
573 673 632 744 cst,
668 667 747 732 haec
772 667 843 752 ipsa
865 669 1098 736 contrariorum
1119 691 1222 738 secrc-

107 774 160 837 tio
186 772 367 839 cuiusmodi
390 775 433 839 sit
455 781 488 840 ct
502 795 568 857 qua
583 795 701 846 caussa
722 778 786 859 ipsi
804 779 963 862 principio
976 780 1074 845 insita
1093 782 1221 846 oriatur.

108 881 183 947 Sed
207 887 381 965 antequam
404 883 466 950 hae
488 888 692 966 quaestiones
714 886 814 969 probe
836 887 963 969 possint
986 889 1078 970 solvi,
1101 889 1222 956 dealia

107 1012 146 1056 re
172 990 377 1057 tractandum
401 999 458 1075 est,
494 1013 577 1077 qnae
609 1015 679 1060 cnm
704 995 783 1079 ipsis
816 996 997 1062 arctissime
1018 997 1168 1064 cohaeret
1190 1007 1222 1065 ct

107 1101 155 1167 ad
180 1101 439 1184 cognoscendam
464 1103 697 1170 Anaximandri
720 1104 900 1170 doctrinam
923 1107 1118 1188 grauissima
1139 1114 1198 1173 est.

217 1214 247 1276 2.
290 1212 402 1277 Plures
436 1219 581 1279 veterum
613 1215 797 1297 scriptores,
831 1215 886 1298 qui
920 1214 960 1280 de
988 1217 1221 1282 Anaximandri

107 1323 277 1405 principio
315 1322 470 1396 referunt,
511 1322 584 1388 huic
620 1322 780 1407 principio
822 1324 954 1389 insitum
1000 1345 1071 1390 esse
1107 1325 1220 1392 dicunt

108 1438 312 1496 aeternum
354 1431 545 1514 quendam
578 1439 727 1516 motum,
772 1453 844 1516 quo
877 1453 924 1499 ex
965 1435 1052 1518 ipso
1085 1456 1219 1502 omnes

107 1561 177 1606 res
202 1540 389 1606 oriantur.
433 1542 483 1608 De
516 1541 576 1608 hoc
610 1543 709 1625 igitur
735 1548 822 1608 motu
854 1542 919 1608 iam
951 1543 1126 1610 videndum
1161 1553 1220 1621 est,

108 1650 169 1731 qui
189 1649 233 1714 sit
254 1656 286 1715 et
308 1647 469 1732 quomodo
490 1648 533 1713 ad
553 1648 786 1714 contrariorum
808 1649 1019 1716 secretionem
1041 1670 1076 1716 se
1092 1649 1219 1733 habeat,

107 1760 217 1824 veluti
240 1779 316 1822 uum
338 1759 372 1824 in
394 1757 455 1825 hac
477 1760 549 1842 ipse
571 1757 752 1824 secretione
776 1759 932 1826 consistet
955 1780 997 1824 an
1020 1759 1219 1842 praecedens

108 1866 185 1933 eius
217 1887 333 1934 caussa
365 1868 416 1933 sit.
461 1866 556 1944 Quod
577 1874 612 1933 ut
644 1873 730 1932 recte
765 1866 833 1932 fieri
867 1867 979 1952 possit,
1007 1868 1155 1951 'primum
1180 1889 1220 1933 ee

107 1976 295 2042 adferenda
317 1983 400 2059 sunt,
425 1996 508 2058 quae
530 1976 620 2059 apud
642 1982 769 2042 veteres
797 1976 838 2042 de
862 1977 921 2041 hac
944 1995 979 2042 re
1004 1977 1219 2043 inveniuntur.

215 2086 330 2167 ltaque
366 2084 641 2151 Anaximandrum
679 2085 806 2150 infinito
850 2087 1006 2169 principio
1053 2092 1218 2152 aeternum

108 2194 278 2276 quendam
311 2200 432 2260 motum
468 2194 628 2270 tribuisse,
661 2193 780 2275 duplici
814 2195 1071 2260 testimoniorum
1100 2215 1219 2278 genere

108 2304 281 2386 probatum
317 2303 435 2385 partim
467 2304 552 2369 enim
580 2323 598 2368 θ
626 2304 786 2368 nonnullis
809 2303 995 2369 Aristotelis
1018 2305 1100 2370 locis
1122 2305 1217 2371 ratio·

108 2414 275 2479 cinationc
299 2412 510 2493 concluditur,
543 2412 661 2495 partim
692 2433 712 2477 a
743 2412 977 2495 posterioribus
1005 2413 1217 2497 scriptoribus

108 2523 235 2606 apertis
257 2522 366 2588 verbis
393 2528 550 2588 narratur.
595 2521 688 2599 Quod
715 2522 758 2587 ad
779 2522 985 2590 Aristotelem
1007 2524 1156 2606 pertinet,
1189 2526 1215 2590 is

109 2634 249 2715 primum
272 2630 644 2715 unoMctapbysicorum
659 2633 730 2696 loco
753 2630 983 2715 eospbysicos,
1009 2634 1064 2714 qui
1085 2633 1119 2698 id
1132 2633 1217 2716 quuod

109 2748 162 2806 est
184 2733 236 2819 (ad
254 2733 305 2821 lb)
329 2760 426 2805 unum
448 2759 520 2806 esse
535 2740 646 2821 velint,
669 2740 710 2805 ab
734 2740 857 2806 illectis
880 2761 918 2806 eo
930 2740 1109 2824 distinguit,
1130 2741 1216 2824 quod

109 2851 143 2914 hi
170 2849 206 2915 id
228 2869 326 2915 unum
350 2869 406 2914 ens
430 2849 634 2924 immotum,
666 2842 714 2913 illi
737 2857 854 2927 autem,
886 2850 1009 2934 quippe
1031 2851 1087 2933 qui
1109 2870 1215 2915 rerum

109 2959 352 3025 multitudinem
375 2979 416 3024 ex
437 2980 476 3025 eo
504 2965 669 3042 generent,
700 2965 803 3025 motu
840 2959 963 3024 insito
994 2958 1215 3043 praeditum

109 3089 184 3135 esse
208 3068 391 3148 statuaut1).
427 3067 495 3132 lam
518 3086 594 3133 vero
620 3068 700 3134 satis
724 3067 933 3152 ostendimus,
955 3067 1160 3135 Aristotelem
1182 3069 1214 3133 in

109 3177 163 3243 his
185 3177 330 3262 physicis
346 3177 622 3244 Anaximandrum
645 3197 774 3260 quoque
792 3177 995 3260 intellegere,
1018 3183 1115 3260 atque
1139 3178 1215 3244 inde

109 3288 268 3369 sequitur,
303 3292 336 3352 ut
359 3285 592 3370 huncquoque
616 3287 705 3352 dicat
738 3287 897 3370 principio
929 3286 1061 3353 insitum
1094 3293 1215 3354 motum

108 3397 262 3461 tribucre.
307 3396 397 3462 Idem
409 3395 625 3480 colligendum
650 3404 699 3461 est
722 3417 762 3461 ex
785 3396 894 3478 aliquo
907 3396 1118 3480 Physicorum
1132 3399 1213 3478 loce,

108 3524 175 3586 quo
198 3504 311 3570 eadem
335 3505 458 3570 ratione
474 3504 638 3589 physicos,
660 3505 716 3587 qui
739 3504 774 3570 id
789 3505 876 3587 quod
898 3513 947 3570 est
962 3525 1061 3571 unum
1082 3512 1213 3589 ponant,

109 3613 152 3678 ab
176 3613 300 3678 illectis
334 3612 547 3696 distinguitl).
599 3613 726 3679 Deinde
756 3615 821 3680 alio
854 3613 1000 3680 eiusdem
1035 3615 1111 3680 libri
1144 3616 1215 3681 loco

214 3813 240 3882 l)
258 3783 377 3869 Aristot.
401 3814 524 3884 Metaph.
544 3816 566 3884 1,
591 3817 615 3869 b.
636 3814 710 3870 985¹>
730 3817 779 3868 14:
812 3816 880 3869 ἔνιοι
903 3815 958 3868 τῶν
982 3809 1159 3885 φυσιολόγων
1183 3816 1214 3870 ἓν

108 3910 281 3982 ὑποθέμενοι
300 3908 330 3965 τὸ
350 3905 384 3965 ὃν
401 3909 478 3982 ὁμῶς
495 3913 609 3981 γιννῶσι
631 3910 665 3971 ὠς
685 3913 714 3971 ἐξ
733 3908 795 3978 ὕλης
813 3911 860 3964 τοῦ
878 3906 948 3978 ἑνός,
966 3906 1024 3962 ‹ttt’
1044 3909 1137 3981 ἕτερον
1155 3907 1213 3982 τρό-

110 4025 166 4061 πον
185 3991 255 4059 οὗτοι
275 4007 314 4074 [οἱ
329 4002 468 4078 Ἐλεᾶται]
488 4013 627 4078 λέγουσιν·
647 4011 773 4063 ἐκεῖνοι
790 4009 862 4079 μὲν,
889 4005 954 4077 γὰρ
976 4013 1209 4077 προστιθέασι

109 4109 252 4172 κίνησιν,
269 4106 454 4172 γεννῶντές
471 4124 508 4175 γε
527 4104 563 4158 τὸ
584 4107 660 4174 πᾶν,
680 4090 753 4158 οὗτοι
774 4105 805 4158 δὲ
825 4101 953 4170 ἀκίνητον
971 4104 1042 4158 εἶναί
1061 4105 1176 4176 φασιν.“

214 4201 241 4268 2)
260 4200 380 4254 Aristot.
400 4199 482 4268 Phys.
502 4199 524 4268 Ι,
544 4202 569 4252 2.
592 4198 664 4253 1841>
681 4203 722 4268 lb,
742 4199 804 4254 coll.
825 4201 850 4253 4.
873 4200 922 4252 187
930 4216 945 4257 θ
962 4201 993 4250 12
1012 4215 1066 4267 sq.;
1094 4199 1148 4253 vid.
1168 4217 1211 4253 su·

110 4313 160 4365 pra
177 4313 205 4365 p.
227 4298 279 4350 156
298 4313 339 4365 sq.
