2850 4904
624 348 675 405 193

77 528 224 594 tentiam
250 525 412 594 concludit
436 560 473 570 -
498 525 526 589 si
549 523 641 600 hunc,
674 523 729 588 illa
760 522 979 604 generationis
1007 522 1111 588 forma
1132 544 1196 588 non

79 643 243 718 utentem,
266 637 449 720 putavisset
464 654 537 700 eum
557 653 638 712 esse,
661 634 716 715 qui
739 631 772 696 id
785 631 871 715 quod
893 639 942 698 est
964 653 1062 698 unum
1081 653 1196 717 corpus

79 745 216 812 infinite
252 745 372 810 dictum
403 750 546 826 poneret,
582 744 636 826 qui
668 743 827 826 potuisset
860 743 949 808 illam
977 745 1196 826 generationis

80 853 227 920 formam
259 855 469 921 communiter
501 852 688 938 praedicare
722 851 763 918 de
786 852 829 917 iis
864 851 958 934 (haec
983 854 1069 920 enim
1097 853 1197 920 verba

81 985 99 1030 e
123 965 356 1048 propositione
380 962 563 1048 supplenda
585 965 683 1046 sunt),
718 961 773 1044 qui
805 961 839 1026 id
865 961 953 1045 quod
975 969 1024 1028 est
1046 983 1143 1030 unum
1165 968 1197 1029 et

83 1093 189 1140 unum
220 1072 352 1155 quidem
380 1093 497 1156 corpus
527 1070 740 1156 ponerent?¹)
773 1071 878 1155 Patet,
912 1070 973 1138 hac
993 1078 1196 1156 argumenta-

83 1183 179 1250 tione
200 1181 374 1266 Porphyrii
402 1182 444 1249 de
466 1181 709 1248 Anaximandro
741 1182 932 1248 sententiam
955 1182 1105 1258 refutari3
1138 1181 1195 1248 sed

84 1292 205 1358 eadem
240 1291 336 1358 simul
369 1289 619 1370 demonstratur,
652 1287 931 1354 Anaximandrum
962 1288 996 1353 id
1028 1289 1116 1373 quod
1148 1297 1197 1356 est

85 1422 148 1468 nec
172 1407 321 1466 naturam
345 1398 509 1480 quandam
533 1397 615 1462 inter
646 1396 709 1463 duo
730 1397 890 1463 elementa
917 1398 1058 1464 mediam
1080 1418 1140 1463 neo
1163 1399 1197 1463 in

86 1511 279 1576 universum
310 1527 427 1594 corpus
450 1527 577 1592 ponere.
623 1507 661 1572 Id
684 1514 791 1574 autem
819 1509 922 1591 ipsius
944 1507 1102 1594 Simplicii
1126 1527 1196 1574 sen-

87 1621 212 1686 tcntiae
227 1620 356 1685 omnino
379 1626 547 1702 repugnat,
570 1624 602 1682 et
628 1617 750 1683 ideirco
774 1638 835 1683 non
859 1617 1011 1684 credibile
1031 1626 1089 1700 est,
1112 1617 1194 1682 Sim·

88 1729 225 1813 plicium
240 1729 281 1794 ab
298 1749 346 1811 ea,
369 1747 463 1820 quam
478 1728 571 1794 initio
587 1729 761 1810 posuimus,
777 1727 998 1812 propositione
1018 1729 1196 1814 profectum

20 1917 24 1934 Ι
90 1858 175 1904 esse.
219 1838 275 1904 Sin
303 1844 411 1904 autem
433 1838 613 1904 Aristotelis
645 1837 753 1904 verbis
789 1832 839 1901 ‘tv
860 1837 1057 1925 ποιήσαντες
1086 1833 1124 1902 τὸ
1160 1830 1197 1901 ὃν

90 1947 173 2014 acl?
197 1947 377 2031 significari
412 1947 538 2031 putavit
564 1946 743 2014 doctrinam
773 1947 919 2014 omnibus
943 1946 1091 2032 physicis
1113 1967 1196 2012 com-

91 2077 234 2139 munem,
264 2057 305 2121 ab
333 2056 395 2122 hac
424 2055 641 2140 proficiscitur
668 2058 900 2140 propositione:
941 2057 1133 2124 Aristoteles
1156 2056 1197 2122 de

93 2167 237 2232 alteris
258 2165 451 2250 physicis,
486 2165 542 2249 qui
565 2166 688 2249 pariter
718 2172 817 2249 atque
844 2167 959 2248 reliqui
982 2166 1017 2232 id
1039 2165 1126 2249 quod
1148 2171 1198 2231 est
1285 2172 1292 2192 ·

94 2295 194 2341 unum
226 2281 259 2341 et
289 2294 390 2340 unum
423 2272 553 2356 quidem
575 2292 692 2356 corpus
727 2280 856 2356 ponant,
883 2309 919 2320 -
954 2293 1032 2357 ergo
1055 2275 1101 2340 de
1123 2274 1196 2340 ali·

94 2383 235 2466 quibus
264 2383 303 2449 id
326 2383 428 2465 quod
449 2389 509 2448 est
536 2388 572 2448 et
598 2403 711 2449 unum
733 2389 770 2448 et
792 2403 933 2467 corpus
956 2385 1198 2467 ponentibus

96 2528 135 2540 -·
160 2492 369 2559 communiter
390 2491 557 2576 praedicat
579 2491 864 2558 condensationem
887 2499 919 2558 et
941 2494 1197 2560 rar·efacti0nem.

96 2601 133 2668 Si
152 2602 348 2668 adsumitur:
371 2601 647 2667 Anaximandrum
663 2608 771 2667 autem
786 2608 884 2684 negat
906 2601 967 2668 hac
978 2604 1197 2686 generationis

97 2709 199 2777 forma
219 2713 275 2794 uti,
298 2731 355 2795 por
371 2731 405 2777 se
429 2710 558 2793 quidem
580 2732 645 2776 non
667 2717 772 2795 potest
788 2710 945 2790 concludi,
968 2711 1009 2776 ab
1023 2712 1197 2778 Aristotele

98 2819 372 2888 Anaximandrum
396 2841 459 2886 non
482 2820 548 2887 diei
572 2821 607 2886 id
628 2816 717 2904 quod
738 2827 788 2888 est
814 2841 912 2888 unum
935 2841 1054 2906 corpus
1077 2820 1199 2888 infinite

99 2928 217 2995 dietum
248 2949 382 3014 ponerc;
420 2931 447 2994 is
478 2933 561 2996 enim
594 2929 804 3014 physicorum
836 2949 933 2996 unum
969 2935 1066 3013 atquo
1100 2952 1199 2999 uuum

99 3038 226 3120 quidem
257 3059 375 3123 corpus
406 3040 595 3122 ponentium
628 3041 731 3106 altera
760 3060 837 3125 pars
871 3059 942 3106 esse
969 3047 1083 3124 potest.
1132 3041 1198 3108 Sed

100 3147 268 3233 Porphyrii
300 3150 454 3234 opinione
476 3149 667 3217 Aristoteles
704 3149 982 3216 Anaximandrum
1013 3150 1092 3217 dicit
1125 3170 1198 3215 eum

101 3277 180 3341 csse,
212 3259 267 3342 qui
288 3259 324 3324 id
346 3259 432 3342 quod
455 3267 504 3326 est
527 3280 625 3326 unum
648 3276 763 3343 corpus
787 3259 912 3327 infinite
945 3259 1067 3326 dictum
1089 3264 1199 3342 ponat,

102 3367 148 3434 ita
168 3377 201 3438 ut
214 3370 275 3436 hoc
294 3369 529 3436 Anaximandri
549 3371 714 3453 proprium
737 3372 785 3436 sit.
829 3369 922 3436 Hanc
935 3368 1107 3453 Porphyrii
1131 3369 1198 3452 opi-

109 3554 301 3564 —--.—.—-.

105 3659 224 3731 gnificat,
253 3667 281 3718 et
304 3663 354 3717 illa
372 3661 427 3716 duo
451 3663 590 3720 vocabula
608 3681 658 3732 per
682 3681 761 3717 seeo
786 3663 876 3717 solum
904 3661 1047 3732 differunt,
1072 3662 1147 3731 quod
1170 3662 1200 3716 in

105 3759 250 3824 posteriore
268 3760 338 3814 haec
355 3759 494 3828 generalis
514 3759 682 3829 significatio
702 3760 854 3832 separatim
873 3759 1022 3814 indicatur.
1055 3757 1095 3813 cf.
1115 3776 1200 3828 supra

107 3869 132 3921 p.
151 3857 199 3910 178
216 3861 274 3911 not.
295 3859 319 3910 1.
1090 3851 1091 3856 ¹

199 3954 225 4024 1)
246 3954 322 4023 „noir
339 3944 400 4016 orio,
425 3955 449 4006 ei
467 3952 565 4006 τοῦτον
587 3953 680 4024 ἔλεγεν
704 3952 772 4008 εἶναι,
793 3956 867 4007 κτλ.“
904 3953 974 4007 Vide
1000 3953 1091 4008 locum
1115 3969 1200 4022 supra

109 4063 134 4114 p.
152 4051 207 4104 183.
243 4050 332 4106 Liitze
351 4055 390 4120 (p.
408 4053 442 4105 ot
462 4054 491 4105 et
507 4051 545 4104 ib.
565 4055 623 4104 not.
643 4051 688 4118 20)
711 4051 780 4106 haec
799 4051 892 4118 verba,
916 4067 987 4120 quae
1011 4050 1100 4120 ipsam
1119 4069 1201 4121 argu·

110 4149 277 4204 mediationis
296 4149 500 4204 absolutionem
519 4149 672 4210 continent,
691 4148 913 4204 additamentum
932 4165 990 4202 osse
1009 4148 1166 4203 arbitratur
1184 4165 1199 4201 e

110 4245 224 4314 margine
241 4247 392 4301 invectum.

968 4343 1000 4393 13
