2882 4902
215 1885 266 1952 De
287 1883 532 1951 Anaximandro
566 1883 693 1951 Milesio
726 1885 925 1971 scripserunt
956 1884 1086 1970 quidem
1113 1884 1215 1968 multi,

99 2016 219 2079 neque
241 2007 349 2059 tamen
371 1994 432 2073 ita,
455 2001 490 2060 ut
516 2015 567 2060 res
588 1993 693 2060 videri
716 1995 820 2079 possit
841 1995 991 2061 absoluta
1012 2014 1092 2060 esse.
1128 1993 1214 2060 Non·

100 2105 205 2170 nulla
227 2103 313 2168 enim
333 2103 529 2188 perobscura
550 2109 636 2186 sunt;
660 2103 727 2168 alia
743 2102 912 2186 eiusmodi,
934 2111 970 2170 ut
989 2103 1118 2169 facilius
1133 2103 1217 2168 falsa

103 2232 185 2279 esse
209 2213 390 2295 intellegas,
425 2231 521 2294 quam
541 2232 625 2295 quae
648 2232 758 2279 eorum
781 2213 851 2278 loco
879 2234 937 2298 pro
958 2212 1043 2279 veris
1066 2211 1216 2278 habenda

104 2323 194 2401 sint;
226 2321 266 2386 de
298 2321 381 2405 ipsis
417 2328 521 2386 autem
556 2322 758 2405 gravissimis
785 2322 951 2388 doetrinae
974 2322 1119 2408 partibus
1143 2343 1215 2389 sen·

105 2432 236 2498 tentiae
259 2430 388 2496 omnino
409 2430 589 2497 contrariae
612 2439 701 2508 sunt,
734 2431 781 2498 ita
812 2438 848 2498 ut
882 2431 966 2498 inter·
988 2452 1023 2498 se
1047 2432 1229 2501 conciliari„

108 2561 177 2606 non
202 2539 329 2624 possint
350 2545 457 2622 utque,
480 2546 584 2605 utram
606 2540 763 2622 sequaris,
786 2540 923 2606 nescias.
955 2541 993 2606 In
1008 2547 1098 2606 tanta
1110 2561 1216 2606 rerum

109 2646 346 2716 incertitudine
368 2667 432 2714 non
454 2649 552 2714 facile
575 2650 753 2732 'quisquam
775 2648 993 2732 acquieverit,
1025 2650 1216 2734 praesertim

109 2780 205 2837 eum,
228 2777 312 2840 quae
334 2758 374 2824 de
395 2757 491 2824 huius
512 2759 575 2839 riri
602 2756 749 2824 doctrina
777 2760 952 2826 memoriae
982 2759 1111 2843 prodita
1134 2767 1217 2844 sunt,

109 2875 239 2933 tantam
262 2866 387 2950 ingenii
408 2867 475 2933 vim
498 2875 595 2951 atque
616 2867 804 2948 audaciam,
833 2875 956 2934 tantam
984 2868 1089 2934 aciem
1120 2876 1217 2952 atque

109 2977 330 3044 subtilitatem
353 2997 432 3061 prae
454 2997 489 3043 sc
512 2977 625 3062 lerant,
648 2985 684 3044 ut
708 2977 855 3044 dubitare
878 2999 941 3044 non
960 2979 1064 3059 possis
1086 2997 1158 3043 eum
1183 2977 1216 3043 in

110 3105 250 3153 numero
272 3104 382 3150 eorum
403 3106 532 3171 ponere,
554 3086 610 3169 qui
633 3086 865 3152 sententiarum
880 3095 913 3153 et
929 3087 1073 3152 novitate
1089 3093 1121 3152 et
1141 3107 1217 3170 gra·

110 3196 218 3261 vitate
241 3195 406 3261 hominum
427 3196 560 3280 ingenia
582 3197 723 3262 maximo
753 3216 848 3279 opere
877 3196 1108 3280 commoverint
1129 3203 1161 3262 et
1183 3196 1215 3261 in

110 3325 217 3371 novas
249 3301 413 3388 cogitandi
442 3302 514 3368 vias
548 3301 750 3368 deduxerint.
795 3301 920 3369 Caussa
947 3310 1056 3369 autem
1078 3323 1215 3387 magnae

112 3413 205 3479 illius
229 3411 441 3480 dissensionis
465 3411 499 3476 in
519 3431 557 3477 eo
580 3411 785 3495 potissimum
804 3411 912 3495 posita
927 3417 985 3490 est,
1009 3411 1096 3494 quod
1115 3413 1218 3478 multa

113 3544 243 3602 corum,
266 3522 411 3605 quaeda
433 3520 676 3586 Anaximandro
700 3520 859 3605 dicuntur,
887 3541 952 3586 non
975 3521 1217 3588 demonstratio·

113 3634 212 3699 nibus
235 3631 296 3699 sed
316 3630 511 3697 coniecturis
533 3630 686 3708 nituntur,
715 3649 799 3714 quae
822 3629 1040 3714 persuadendi
1064 3631 1097 3696 vi
1119 3631 1217 3697 desti·

113 3749 205 3809 tutae
227 3746 310 3808 sunt.
354 3740 413 3806 Est
433 3746 541 3806 autem
565 3739 599 3804 in
619 3738 709 3804 hisce
731 3739 827 3805 rebus
853 3759 918 3804 una
940 3741 1042 3805 solum
1065 3761 1141 3806 vera
1163 3741 1217 3807 de·

115 3849 318 3934 monstratio,
341 3869 394 3934 ea,
421 3869 504 3934 quae
526 3848 567 3913 ab
589 3848 745 3914 historiae
767 3848 961 3914 testimoniis
984 3849 1217 3934 proficiscitur3

114 3983 200 4047 qnae
233 3981 274 4028 ex
306 3959 381 4025 aliis
416 3959 497 4025 locis
530 3964 682 4043 petuntur
703 3965 906 4043 argumenta,
939 3959 1027 4025 velut
1048 3979 1066 4025 e
1084 3979 1217 4044 genera-

114 4072 202 4137 libus
225 4068 420 4153 quibusdam
441 4067 578 4152 legibus,
602 4066 719 4150 quibus
741 4067 936 4150 cognitionis
962 4066 1122 4134 humanae
1145 4089 1219 4153 pro·

113 4180 243 4266 gressio
266 4177 457 4244 naturaliter
479 4183 619 4261 regatur,
652 4196 691 4242 ea
722 4174 878 4242 historiae
900 4176 1087 4244 testimonia
1107 4177 1220 4244 iuvare

113 4288 248 4374 quidem
270 4295 366 4371 atque
390 4287 550 4371 supplere,
572 4305 676 4369 neque
692 4291 799 4351 autem
815 4306 873 4371 per
888 4305 923 4352 se
939 4286 1008 4352 sola
1022 4306 1131 4353 eorum
1147 4287 1218 4354 loco

1021 4402 1035 4451 r
