2860 4906
768 379 821 434 272

242 559 436 638 excepturus
463 553 580 619 fuisset
603 575 657 632 ——3
684 573 762 637 ergo
783 552 868 618 hunc
890 571 1019 634 quoque
1047 556 1141 636 putat
1167 570 1238 616 eam
1263 569 1330 630 rem,

243 682 339 745 quam
371 682 478 728 rerum
512 662 704 747 principium
737 668 851 746 ponat,
886 661 1026 727 animam
1059 679 1190 744 ponere.
1244 659 1331 722 Porro

242 771 484 838 Anaximander
512 770 625 838 eodem
648 771 821 836 Aristotele
851 776 934 836 teste
962 770 1158 853 principium
1186 767 1329 833 infinitum

241 881 371 946 volebat
403 901 586 947 summum
619 900 760 946 numen
792 879 968 945 divinum
1001 873 1052 960 (cd
1078 877 1190 961 ector)
1222 877 1329 960 esee¹);

241 990 323 1056 nihil
345 996 453 1057 autem
472 989 514 1055 ab
537 987 760 1072 antiquissimu
783 987 1001 1072 philosophia,
1024 989 1144 1072 qnippe
1166 1007 1260 1069 quam
1281 1005 1330 1070 par

242 1101 283 1165 sit
304 1101 410 1165 minus
436 1099 534 1164 etiam
555 1098 756 1180 areligionis
769 1096 896 1181 patriae
908 1103 1014 1163 mente
1031 1097 1217 1171 recessisse,
1238 1096 1329 1176 magis

241 1207 370 1274 videtur
390 1209 529 1274 alienum
554 1226 635 1290 esee,
666 1225 762 1290 quom
785 1207 910 1273 numini
943 1206 1054 1272 divino
1088 1226 1217 1271 sensum
1244 1211 1328 1286 atquc

242 1318 493 1401 intellegentiam
520 1315 674 1382 adimere.
718 1314 825 1399 Atque
858 1315 919 1381 hoe
945 1313 1151 1381 confirmatur
1172 1315 1266 1380 etiam
1286 1332 1328 1391 eo,

242 1425 328 1508 quod
361 1425 475 1491 eodem
508 1431 591 1492 teste
622 1423 782 1490 infinitum
812 1424 896 1490 dixit
929 1425 1114 1509 amplecti
1148 1425 1273 1489 omnia
1294 1427 1327 1486 et

240 1535 368 1600 omnia
394 1533 612 1618 gubernare
636 1531 861 1617 (antepodium.
905 1532 989 1600 Nam
1010 1533 1044 1598 in
1065 1532 1264 1616 gubernandi
1280 1550 1327 1596 vo·

239 1643 364 1722 cabulo,
386 1632 471 1726 quod
493 1644 624 1728 proprie
649 1643 690 1710 de
712 1642 853 1728 regendo
875 1645 1005 1711 navium
1025 1649 1113 1708 motu
1137 1642 1260 1724 dicitnr,
1278 1659 1326 1705 ra·

239 1754 383 1819 turaliter
394 1753 479 1819 inest
493 1753 655 1836 quaedam
679 1752 930 1839 providentis
951 1753 1114 1819 consilii
1135 1749 1326 1836 significati03

237 1864 294 1929 vix
315 1869 421 1928 autem
444 1861 596 1928 credibile
620 1868 678 1945 est,
701 1864 733 1926 in
753 1861 987 1928 Anaximandri
1009 1867 1116 1927 mente
1140 1860 1222 1926 haue
1241 1858 1327 1942 sigui·

238 1971 422 2038 ficationem
454 1991 526 2038 oum
558 1972 715 2038 vocabulo
747 1991 812 2036 non
848 1973 1052 2038 coniunctam
1093 1971 1212 2046 fuisse3
1239 1986 1325 2052 quare

238 2081 401 2164 putandus
431 2080 661 2166 estprincipio
688 2081 786 2147 etiam
812 2080 974 2164 quandam
1002 2080 1128 2146 consilii
1150 2085 1244 2162 atque
1264 2097 1324 2163 pro-

238 2186 402 2254 videntiae
422 2187 488 2253 vim
509 2188 670 2255 tribuisse.
714 2188 863 2271 Denique
885 2187 1080 2273 principium
1103 2187 1184 2254 dicit
1206 2189 1324 2254 iniuriae

236 2297 403 2365 cuiusdam
426 2318 549 2383 poenas
572 2304 605 2364 et
629 2299 708 2365 dare
730 2303 763 2364 et
784 2298 985 2382 accipere³);
1017 2304 1115 2380 atque
1142 2295 1218 2362 inde
1238 2299 1323 2379 patet

238 2425 311 2472 eum
333 2407 494 2491 principio
522 2407 619 2473 talem
643 2407 805 2490 quandam
829 2407 968 2474 tribucre
994 2412 1154 2490 naturam,
1179 2405 1219 2471 ob
1239 2423 1322 2488 quam

237 2515 279 2580 ad
301 2516 409 2600 ipsum
430 2515 507 2582 iusti
529 2515 706 2599 iniustique
730 2517 818 2583 notio
841 2515 1011 2601 pertineat.

336 2625 406 2689 Iam
428 2626 456 2689 si
478 2624 559 2690 haee
581 2625 690 2692 omnia
712 2646 777 2692 una
798 2627 997 2711 cogitatione
1019 2624 1245 2707 coniungimur,
1268 2641 1322 2688 uon

237 2738 343 2816 potest
355 2731 487 2799 dubium
509 2753 590 2808 esse,
612 2735 691 2817 quin
705 2735 949 2802 Anaximander
959 2734 1119 2802 inlinitum
1130 2732 1321 2820 principium,

236 2844 382 2922 quamvis
418 2843 628 2909 substantiam
659 2863 845 2927 corpoream
870 2864 941 2911 esse
962 2845 1071 2928 vellet,
1099 2851 1207 2909 tumen
1239 2839 1321 2907 simul
1405 2880 1407 2937 A

236 2951 375 3016 animam
399 2959 602 3034 mentemque
635 2973 707 3020 esse
736 2954 908 3038 putaverit.
951 2954 1021 3021 Nec
1043 2953 1078 3018 id
1100 2972 1140 3018 eo
1162 2958 1321 3037 potestte·

236 3058 359 3144 dargui,
372 3062 457 3144 quod
471 3063 664 3128 Aristoteles
681 3064 909 3148 Anaxagoram
922 3063 1010 3130 dieat
1025 3061 1166 3148 primum
1178 3081 1255 3142 esse,
1274 3056 1321 3141 qui

236 3178 373 3237 mentem
385 3174 538 3238 materiae
554 3173 742 3255 opposuerit
758 3174 800 3239 ab
814 3193 918 3256 eaque
930 3193 1055 3240 omnem
1073 3191 1180 3240 rerum
1192 3169 1321 3236 ordinem

118 3361 121 3366 Ι
235 3278 444 3361 repetierit4).
467 3279 551 3344 Nam
562 3279 643 3346 hacc
657 3281 873 3363 Anaxagorae
892 3299 983 3346 meus
997 3279 1039 3344 ab
1054 3279 1228 3347 Aristotele
1241 3276 1320 3343 intel·

235 3386 353 3468 legitur
375 3406 465 3452 mens
487 3387 558 3452 sine
580 3386 716 3454 materia
738 3408 796 3471 per
818 3408 853 3455 se
867 3395 1026 3472 constans,
1048 3408 1142 3470 quae,
1163 3389 1253 3455 nullis
1267 3384 1319 3451 uisi
1405 3423 1406 3486 ἦ

234 3513 312 3560 suae
334 3497 436 3581 ipsius
459 3503 592 3563 naturae
624 3496 750 3580 legibus
772 3497 914 3580 addicta,
941 3498 1009 3563 eolo
1038 3498 1203 3564 intellectu
1228 3512 1317 3560 rerum

334 3700 361 3769 1)
379 3699 442 3754 Vid.
461 3717 546 3770 supra
562 3719 589 3770 p.
610 3701 645 3755 80
662 3718 703 3771 sp.

332 3796 358 3861 2)
377 3797 439 3852 Vid.
458 3816 543 3867 supra
560 3817 587 3868 p.
606 3798 675 3852 ibid.
695 3803 724 3853 et
742 3799 785 3853 59.

333 3894 360 3961 3)
379 3893 502 3964 Simplie.
522 3895 604 3964 Phys.
622 3913 650 3964 p.
670 3897 696 3964 6,
715 3897 735 3951 b
753 3900 817 3965 post
835 3913 880 3964 m.,
903 3895 939 3949 de
963 3911 1018 3964 quo
1040 3895 1103 3949 loco
1122 3895 1197 3949 iufra
1215 3894 1318 3948 dicetur.

231 3989 285 4042 Illa
303 3990 407 4043 iniuris
434 3995 463 4045 61
480 3992 516 4046 ad
535 3992 705 4061 principium
729 3996 757 4046 61
775 3991 812 4046 od
830 4009 874 4046 ree
893 4009 928 4044 ex
946 4008 978 4045 eo
997 3995 1074 4046 ortas
1100 3993 1232 4060 pertinet,
1249 3994 1275 4045 et
1296 3989 1320 4041 in

232 4102 264 4138 eo
282 4085 375 4154 posita
394 4090 444 4155 est,
463 4087 538 4156 quod
555 4089 725 4158 principium
748 4106 792 4142 res
818 4106 852 4142 ex
877 4105 935 4142 sese
954 4087 1080 4155 secrevit,
1104 4091 1133 4140 et
1158 4088 1232 4156 quod
1253 4101 1321 4140 rese

230 4182 371 4252 principio
389 4190 570 4239 secesserunt.

330 4279 360 4348 4)
376 4279 494 4334 Aristot.
513 4281 637 4350 Metaph.
656 4282 679 4348 Ι,
697 4284 723 4336 3.
742 4281 816 4336 9341>
832 4284 864 4336 15
883 4299 924 4350 sq.
