2864 4904
631 325 666 378 87

75 493 141 558 ‘ri
179 492 325 576 μεταξὺ
357 494 470 580 ἀέρος
502 496 564 560 καὶ
596 486 742 580 πυρός’
772 497 922 563 dicuntur
952 517 1078 582 ponere.
1133 499 1212 565 Gur·

78 610 204 670 autem
220 603 412 671 Aristoteles
426 604 537 672 horum
560 607 661 672 solum
677 607 870 686 sententiam
888 606 1036 674 hocloco
1059 607 1198 690 refellat,

79 713 126 780 de
157 713 202 780 iis
217 735 305 793 vero,
330 716 387 797 qui
401 735 500 782 unum
523 737 564 782 ex
585 717 752 782 elementis
767 722 901 800 ponant,
925 717 1055 784 omnino
1077 723 1196 800 taceat,

80 821 191 888 facile
213 825 429 908 cognoscitur.
465 825 546 892 Oum
569 825 735 892 animiam
756 825 914 908 incasit,
938 831 1077 894 utsuam
1092 827 1197 912 ipsius

82 931 128 1000 de
164 932 305 998 materia
326 937 519 1000 sententiam
540 941 709 1020 proponat,
741 955 814 1001 cum
843 941 951 1002 autern
974 937 1046 1020 ipsa
1070 956 1202 1020 quoque

83 1043 262 1108 materiam
283 1063 355 1109 esse
373 1043 450 1109 velit
462 1049 608 1110 naturam
628 1043 793 1111 diversam
815 1043 944 1127 quidem
965 1046 1007 1111 ab
1021 1047 1197 1130 elementis,

83 1171 289 1234 aequavero
308 1145 410 1233 ‘aspri
424 1146 465 1216 τὰ
481 1155 656 1235 στοιχεῑα’,
680 1154 789 1236 idest,
816 1173 960 1220 seorsum
976 1155 1018 1221 ab
1032 1156 1197 1222 elementis
1298 1199 1301 1204 ι

15 1303 18 1310 .
84 1281 148 1344 per
172 1282 210 1328 se
233 1269 442 1347 constantem,
465 1266 572 1330 statim
594 1265 684 1342 initio
706 1262 815 1329 studet
835 1263 1038 1347 patefacere„
1062 1284 1128 1347 qua
1147 1288 1198 1332 ra-

84 1370 182 1442 tione
206 1392 266 1438 sua
287 1372 328 1438 de
349 1375 485 1439 materia
513 1372 659 1440 doctrina
689 1372 818 1439 differat
840 1372 882 1438 ab
905 1393 1015 1439 eorum
1038 1376 1197 1458 opinione,

86 1481 146 1562 q‘ui
168 1474 210 1544 τὸ
233 1475 324 1564 παρὰ
344 1475 385 1546 τὰ
408 1485 554 1562 στοιχεῖα
580 1484 718 1549 omnium
739 1502 845 1548 rerum
871 1483 1039 1548 materiam
1061 1469 1196 1567 ponant;

86 1609 177 1672 quae
201 1590 331 1674 quidem
350 1591 544 1667 differentia,
566 1597 601 1658 ut
623 1612 719 1674 quam
738 1590 938 1658 brevissimis
964 1591 1079 1672 dicam,
1101 1593 1135 1658 in
1159 1613 1197 1660 eo

87 1701 204 1782 posita
235 1709 293 1784 est,
321 1700 408 1784 quod
428 1700 613 1768 Aristotelis
637 1702 771 1768 materia
792 1721 857 1767 non
879 1706 929 1768 est
956 1698 1082 1783 aliquid
1104 1701 1196 1783 παρ’
1270 1727 1274 1734 ·

88 1801 189 1872 αὐτὰ
213 1806 471 1891 τὰστοιχεῖα,
495 1810 620 1878 sedin
643 1812 742 1896 ipsis
765 1810 973 1877 elementis
1002 1815 1051 1876 est
1074 1810 1198 1892 aliquid

89 1911 202 2000 παρὰ
223 1913 294 2007 τὴν
319 1915 477 2006 μορφὴν
501 1921 580 1983 τῶν
606 1917 822 1999 στοιχείων.
865 1919 971 2003 Atque
1000 1938 1070 1985 eam
1093 1920 1196 2002 ipsam

91 2029 132 2094 ob
157 2049 320 2113 caussam,
347 2029 482 2096 uthaec
504 2029 687 2109 differentia
714 2030 799 2116 clare
818 2033 986 2112 appareat,
1013 2028 1056 2094 ad
1077 2021 1116 2092 ad
1138 2051 1197 2110 με·

90 2133 171 2218 rogii
196 2140 443 2224 explicationem
462 2131 578 2222 ίσῶμά
599 2161 634 2204 τε
658 2131 697 2203 ib
717 2135 771 2202 καὶ
785 2131 947 2219 χωριστόν
955 2127 975 2218 ³,
996 2132 1089 2204 adad
1103 2133 1196 2220 παρά
1241 2215 1244 2222 Ι

91 2241 132 2310 τὰ
165 2250 315 2328 στοιχεῖα
341 2243 551 2330 ‘caprotinis
582 2245 635 2312 καὶ
656 2237 839 2329 χωριστὸν’
864 2245 994 2313 videtur
1015 2245 1196 2330 adponam

93 2358 225 2440 proprie
249 2359 333 2423 enim
355 2355 417 2423 hac
438 2356 640 2442 adpositione
664 2377 729 2422 non
757 2375 838 2440 opus
862 2360 920 2432 est,
949 2355 1102 2437 quoniam
1125 2357 1198 2440 ipsa

93 2470 226 2534 notione
248 2465 329 2549 eius,
346 2466 436 2550 uuod
457 2469 499 2532 sit
524 2461 617 2549 παρὰ
645 2460 686 2530 τὰ
714 2467 862 2546 στοιχεῖα
893 2471 926 2534 st
946 2460 1069 2546 μεταξύ
1104 2465 1197 2532 δυοῖν

94 2575 281 2661 στοιχείων,
307 2575 396 2642 notio
418 2577 559 2661 corporis
580 2595 638 2660 per
658 2594 693 2642 so
718 2575 893 2641 constantis
922 2576 985 2640 iam
1010 2575 1196 2642 continetur.

93 2686 210 2770 ltaque
231 2707 273 2754 ex
296 2685 410 2754 horum
432 2686 568 2753 duorum
588 2687 732 2753 locorum
756 2685 995 2768 comparatione
1017 2689 1116 2767 patet,
1146 2679 1196 2749 τὸ

95 2790 200 2882 παρὰ
219 2790 267 2860 τὰ
281 2798 466 2876 στοιχεῖα
486 2795 841 2879 iuem'intellagiatque
862 2787 906 2858 τὸ
921 2789 1064 2874 μεταξύ
1077 2783 1197 2875 ἀέρος

95 2905 158 2972 καὶ
181 2899 317 2991 πυρός.
361 2905 456 2986 Quod
477 2908 505 2972 si
526 2926 599 2972 cum
620 2905 780 2990 prioribus
801 2904 1030 2987 componimus,
1051 2911 1198 2987 apparet,

95 3010 133 3080 τὸ
155 3010 249 3100 παρὰ
280 3009 487 3096 τὰστοιχεῖα
518 3022 550 3081 et
571 3014 657 3082 idom
689 3015 755 3081 diei
778 3020 876 3096 atque
897 3006 936 3076 τὸ
957 3005 1077 3094 μεταξὺ
1100 2999 1197 3093 ἀέρος
1292 3034 1295 3036 ·

95 3122 148 3188 καὶ
168 3118 288 3202 ὕδατος
310 3131 343 3192 et
364 3124 449 3193 idem
470 3131 568 3208 atque
589 3119 628 3190 τὸ
650 3118 770 3206 pasagii
794 3119 890 3206 ἀέρος
911 3119 966 3185 καὶ
988 3119 1115 3204 πυρός,·
1137 3120 1197 3186 sed

96 3235 169 3301 inde
191 3255 258 3302 non
280 3236 434 3318 sequitur,
455 3240 490 3300 ut
512 3235 611 3300 ctiam
631 3233 712 3300 haec
738 3233 802 3299 duo
829 3230 937 3297 media
964 3229 1101 3296 eandem
1128 3248 1196 3294 rem

98 3343 286 3428 significent,
308 3345 462 3428 quoniam
483 3344 527 3412 ad
545 3338 584 3409 τὸ
607 3338 698 3426 παρὰ
717 3339 758 3406 τὰ
780 3345 935 3428 στοιχεῖα,
963 3339 1049 3425 quod
1071 3344 1120 3406 est
1142 3358 1196 3404 ro·
1234 3359 1235 3364 ¹

98 3451 246 3519 rabulum
280 3454 473 3536 generalius,
505 3472 541 3520 se
561 3452 681 3520 habere
711 3457 846 3536 possunt
879 3457 913 3517 ut
946 3450 1030 3518 duae
1050 3449 1197 3516 diversae

100 3562 165 3628 eius
198 3564 333 3646 species.
388 3564 438 3628 De
471 3562 559 3630 hisce
601 3565 698 3646 igitur
733 3564 916 3630 accuratius
953 3563 1050 3628 etiam
1086 3557 1197 3626 viden-

100 3666 172 3736 dum
194 3677 282 3738 est.¹

194 3781 386 3848 Aristoteles
409 3781 552 3848 eiusdem
572 3781 644 3847 libri
657 3783 761 3865 capite
783 3782 903 3863 quinto,
927 3798 1001 3860 quo,
1023 3784 1197 3862 postquam

102 3888 366 3968 praecedentibus
390 3890 463 3957 libri
485 3891 629 3974 partibus
662 3910 752 3956 suam
779 3889 820 3955 de
847 3887 983 3954 materia
1004 3887 1197 3954 sententiam

103 4000 255 4082 exposuit,
286 4000 483 4083 generaliter
515 3998 663 4083 ostendit,
696 3997 781 4082 quod
804 3984 946 4064 omnium
968 3997 1197 4063 elementorum

103 4111 231 4176 materia
254 4111 304 4190 sit,
326 4110 361 4177 id
383 4129 443 4176 nco
464 4130 563 4177 unum
584 4129 623 4176 cx
646 4110 724 4193 ipsis
746 4109 923 4189 elementia,
945 4127 1004 4172 nec
1025 4093 1140 4170 ‘dito
1162 4128 1198 4170 rr

104 4212 342 4316 οαρὰταῦτο
375 4213 435 4302 (τὰ
469 4207 690 4302 στοιχεῖα)’
724 4237 796 4286 esse
826 4236 931 4302 posse,
964 4215 1115 4282 continuo
1136 4207 1194 4278 ‘ad
