2882 4902
787 341 822 392 3ss

257 520 370 584 sione
392 515 561 598 intellegit,
591 521 627 580 ut
648 532 689 579 ex
712 513 773 578 lrac
798 511 926 578 demum
948 513 1141 596 temporis
1164 512 1353 578 infinitatem
1413 518 1419 564 l

256 628 308 695 vel
323 625 431 712 potius
453 624 728 691 aeternitatem
750 621 969 688 demonstrare
987 622 1123 688 studeat.
1160 621 1312 704 Namque
1330 621 1353 686 si

256 737 346 802 illam
357 735 542 801 Aristotelis
564 733 604 800 de
627 733 751 799 infinito
768 732 1018 816 disputationem
1040 738 1127 798 recte
1142 731 1353 798 iudicavimus

257 845 299 911 ad
315 843 590 910 Anaximandrum
613 843 782 927 pertinere,
806 841 833 907 is
856 841 899 907 ad
916 841 1114 925 probandam
1130 841 1248 908 infiniti
1274 841 1352 925 prin·

259 955 339 1039 cipii
361 954 586 1020 aeternitatem
607 951 669 1018 hac
691 952 757 1017 fere
779 951 1026 1016 ratiocinatione
1048 971 1125 1017 usus
1156 958 1220 1017 est:
1251 951 1352 1017 inlini·

258 1073 325 1132 tum
347 1084 406 1130 nec
417 1064 560 1148 genitum
576 1082 718 1145 unquam
732 1082 792 1126 nec
804 1081 944 1144 unquam
964 1061 1142 1145 periturum
1156 1081 1242 1145 esse;
1265 1060 1351 1145 qnid·
1416 1053 1417 1060 '

257 1174 336 1258 quid
352 1175 437 1240 enim
460 1173 644 1256 gigneretur
663 1180 696 1238 et
710 1172 839 1256 periret,
862 1172 896 1236 id
920 1171 1152 1255 magnitudinis
1175 1171 1306 1238 initium
1325 1177 1352 1236 et

256 1284 352 1350 finem
374 1283 508 1364 habere3
531 1283 692 1349 infinitum
714 1289 820 1348 autem
842 1281 1075 1365 magnitudinis
1093 1281 1210 1348 finibus
1226 1283 1350 1349 omnino

257 1395 410 1474 carere1).
435 1428 474 1438 -
497 1392 674 1459 Memorato
694 1399 800 1458 autem
818 1391 1046 1475 dignissimum
1068 1398 1117 1458 θεῖ
1130 1397 1162 1458 οῖ
1180 1391 1223 1456 ad
1235 1390 1349 1458 Anaxi-

148 1541 158 1554 =
230 1503 234 1510 “
257 1502 384 1570 mandri
404 1503 584 1569 doctrinam
606 1501 862 1586 cognoscendam
885 1502 918 1566 in
940 1501 1055 1586 primis
1076 1519 1185 1585 grave,
1207 1501 1302 1585 quod,
1324 1501 1349 1566 si

256 1633 367 1680 verum
384 1619 575 1698 spectamus,
600 1613 641 1678 ab
663 1612 788 1677 infinito
811 1611 997 1696 temporis
1019 1611 1085 1676 vim
1103 1610 1232 1677 omnino
1249 1631 1348 1694 segre·

257 1725 348 1808 gavit
360 1723 494 1804 eiusque
506 1723 577 1788 loeo
588 1722 693 1806 ipsam
709 1722 1008 1788 aeternitatem
1030 1722 1061 1787 ei
1076 1721 1199 1787 tribuit.
1228 1720 1348 1787 Etenim

257 1833 286 1898 si
308 1832 469 1897 infinitum
490 1852 551 1897 nec
572 1831 716 1914 genitum
735 1850 950 1913 necunquam
967 1832 1145 1913 peritumm
1167 1850 1239 1896 esse
1261 1829 1346 1905 dixit,

256 1943 285 2008 si
301 1949 465 2007 aeternum
482 1939 566 2006 dixit
581 1948 613 2006 et
626 1959 789 2022 nunquam
806 1959 975 2006 senescens
987 1929 1109 2017 (ἀΐδιον
1123 1939 1178 2005 καὶ
1191 1932 1347 2028 ἀγήρων),

257 2053 285 2117 si
308 2051 488 2116 immortale
511 2056 544 2116 et
565 2070 682 2135 expers
710 2051 813 2116 omnis
847 2050 1061 2134 corruptionis
1097 2039 1279 2126 (ἀθάνατον
1298 2046 1347 2110 καὶ

255 2151 516 2243 εἷνώλεθρωνν),
539 2161 568 2225 si
585 2160 685 2244 igitur
699 2179 762 2225 non
773 2160 877 2225 solum
889 2166 992 2225 ortum
1007 2167 1038 2226 ct
1049 2159 1222 2237 interitum,
1242 2179 1346 2224 verum

256 2272 353 2337 etiarn
377 2270 512 2354 quodvis
534 2270 720 2336 mutationis
743 2289 844 2354 genus
864 2271 905 2336 ab
921 2271 1116 2349 commovit,
1138 2269 1199 2336 hoc
1219 2255 1286 2354 ipso
1308 2268 1346 2332 ab

256 2401 294 2447 eo
317 2380 351 2446 id
376 2383 520 2464 removit,
544 2399 606 2463 quo
630 2380 699 2447 solo
722 2382 875 2465 temporis
902 2381 990 2447 notio
1013 2381 1189 2448 coniicitur.
1231 2383 1345 2462 ltaque,

255 2491 284 2555 si
306 2489 431 2555 infinito
454 2491 676 2556 aeternitatem
700 2489 821 2572 tribuit,
843 2497 971 2576 tempus
993 2498 1100 2557 autem
1122 2492 1165 2559 ab
1188 2511 1225 2557 eo
1246 2508 1345 2572 segre·-

255 2599 353 2683 gavit
375 2598 482 2682 ipsum
504 2605 629 2683 tempus
652 2619 771 2683 ponere
787 2620 850 2664 non
863 2601 968 2683 potuit
984 2600 1047 2665 nisi
1065 2601 1099 2666 in
1114 2607 1229 2667 natura
1248 2617 1343 2664 rerum

256 2708 418 2773 finitarum
435 2715 466 2772 et
481 2707 683 2786 caducarum,
707 2707 741 2773 id
757 2715 814 2792 est,
830 2709 863 2773 in
876 2717 1022 2775 natura
1043 2708 1272 2782 mundorum,
1291 2708 1343 2789 qui

256 2817 406 2883 continuo
428 2815 567 2900 quodam
589 2823 677 2883 motu
707 2837 748 2882 ex
774 2816 899 2884 infinito
928 2819 984 2884 illo
1012 2818 1171 2885 orirentur
1194 2825 1225 2885 et
1244 2835 1343 2882 rursus

256 2926 433 2992 interirent
477 2926 547 2991 Hoc
578 2932 684 2992 autem
706 2927 982 2993 Anaximandrum
1003 2949 1072 2993 ,non
1095 2948 1130 2994 re
1151 2935 1272 2994 tantum
1291 2923 1342 2990 sed

256 3034 344 3099 clara
367 3035 564 3118 cogitatione
588 3034 714 3113 recisse,
737 3035 915 3100 luculenter
936 3035 1090 3119 probatur
1109 3035 1219 3118 aliquo
1233 3036 1342 3120 Hippo

227 3167 232 3174 ·
255 3143 315 3224 lyti
338 3142 417 3220 loco,
441 3161 504 3225 quo
526 3142 769 3210 Anaximander
786 3142 904 3209 dicitur
925 3144 1113 3228 temporis
1135 3144 1293 3211 notionem
1312 3143 1341 3206 in

255 3253 477 3334 seposuisse,
501 3251 587 3333 quod
614 3271 719 3316 rerum
750 3253 915 3335 generatio
942 3260 978 3320 et
1000 3251 1129 3318 duratio
1152 3261 1184 3320 et
1206 3254 1340 3319 interitus

254 3359 350 3425 certis
366 3361 511 3426 terminis
534 3359 667 3426 definita
687 3363 837 3441 essent4).
881 3361 944 3440 Qui
966 3361 1097 3445 quidem
1111 3363 1211 3441 locus,
1234 3370 1268 3428 ut
1289 3361 1340 3425 hoo

255 3467 359 3533 obiter
374 3487 530 3547 moneam,
552 3490 661 3536 rursus
685 3470 874 3536 documento
888 3491 959 3537 esse
974 3478 1088 3555 potest,
1111 3478 1198 3538 recte
1219 3493 1239 3537 a
1261 3468 1339 3536 nobis

254 3583 354 3643 totam
376 3578 466 3644 illam
485 3580 667 3646 Aristotelis
690 3580 729 3645 de
748 3579 874 3646 infinito
897 3580 1147 3665 disputationem
1168 3581 1212 3647 ad
1232 3578 1339 3647 Anaxi·

254 3686 423 3752 mandram
443 3707 513 3753 esse
533 3689 676 3754 relatam.
717 3690 841 3772 ltaque,
863 3689 1131 3786 quemadmodum
1156 3691 1338 3758 Anaximan·
1418 3723 1419 3764 r

355 3854 381 3923 1)
402 3853 463 3908 Vid.
486 3871 570 3924 supra
588 3873 616 3924 p.
635 3857 669 3910 27
689 3873 730 3924 sq.
749 3861 777 3909 θῖ
795 3858 838 3909 31.

353 3950 381 4020 2)
401 3949 512 4020 Hippoi.
532 3951 626 4006 uelut.
645 3951 666 4019 1,
683 3954 708 4006 6.

354 4045 381 4114 3)
400 4046 518 4102 Aristot.
537 4047 586 4117 111,
606 4051 631 4102 4.
649 4046 786 4116 203b133
803 4049 859 4104 vid.
878 4067 963 4120 supra
982 4069 1008 4120 p.
1030 4053 1072 4105 30.

352 4141 381 4212 4)
395 4129 507 4212 Hippol.
526 4143 586 4198 l.l.:
619 4147 708 4215 „leym
738 4146 770 4200 δὲ
778 4141 908 4219 χρόνον
937 4147 977 4208 ὡς
1002 4147 1194 4221 ὡρισμένης
1220 4150 1274 4216 τῆς
1296 4161 1336 4215 7⁶·

258 4240 384 4298 νέσεως
398 4241 452 4292 καὶ
469 4239 524 4306 τῆς
544 4235 657 4302 οὐσίας
670 4247 723 4295 καὶ
736 4244 967 4316 τῆςφθορᾶς.“
