2860 4906
751 324 806 377 248

228 506 325 582 atque
347 517 388 564 ex
409 517 485 564 aere
506 496 583 562 oriri
612 503 736 578 ventos,
767 495 883 579 hisque
915 489 974 571 τας
1000 496 1129 578 τροπὰς
1162 496 1253 583 ἡλίου
1281 498 1328 562 καί

229 606 372 694 σελήνης,
395 605 512 688 idest,
535 611 570 672 ut
593 611 708 688 postea
729 604 926 687 ostendetur,
946 606 1024 672 solis
1047 613 1080 671 et
1097 609 1328 674 lunaeoonver-

230 718 338 784 siones
360 738 381 782 a
406 715 517 781 bruma
539 714 581 781 ad
604 715 776 780 solstitium
799 722 831 780 et
853 735 873 779 a
895 716 1036 782 solstitio
1056 716 1099 783 ad
1124 717 1268 784 brumam
1289 719 1328 783 ef-

230 827 298 900 finis
326 827 484 909 reliquam
507 831 614 891 autem
646 831 780 890 naturae
807 823 960 891 humidae
988 833 1114 909 partem
1146 848 1235 893 mare
1256 847 1329 908 esse,

232 935 318 1020 quod
339 935 444 1020 ipsum
476 953 603 1017 quoque
633 941 789 1018 perpetua
816 933 991 1000 siccatione
1025 933 1194 1001 decrescat
1226 945 1258 1002 et
1278 937 1329 1000 ali-

232 1044 362 1129 quando
399 1049 500 1111 totum
534 1043 675 1109 futurum
710 1043 753 1108 sit
786 1043 984 1108 exsiceatum
993 1043 1025 1123 ¹).
1071 1043 1176 1123 Quam
1209 1045 1328 1128 quidem

231 1155 415 1240 opinionem
431 1151 666 1219 Anaximandri
690 1172 771 1230 esse,
794 1150 980 1218 Alexandro
1002 1157 1086 1218 teste
1108 1154 1212 1235 ipsius
1234 1154 1329 1220 Theo-

232 1264 357 1351 phrasti
376 1259 568 1329 auctoritate
590 1262 756 1340 ooustat²)‚
778 1267 810 1326 et
832 1281 871 1326 eo
892 1263 989 1326 etiam
1011 1263 1228 1338 confirmatur,
1250 1262 1328 1346 qnod

232 1370 568 1441 Pseudo-Plutarchus
589 1370 864 1437 Anaximandrum
887 1372 988 1438 refert
1010 1392 1098 1438 mare
1125 1373 1247 1440 dixisse
1267 1368 1330 1459 ιτης

235 1476 368 1566 πρώτης
390 1475 544 1565 ὑγρασίας
566 1477 778 1562 nepetam).
821 1482 937 1564 Itaque
966 1482 1142 1549 seeundum
1166 1483 1247 1549 hano
1267 1484 1328 1548 Ari·

235 1592 360 1659 stotelis
382 1592 599 1658 narrationem
613 1590 848 1657 Anaximandri
865 1594 1025 1658 sententia
1039 1594 1066 1658 is
1079 1613 1145 1676 aer,
1169 1595 1223 1676 qui
1234 1600 1329 1658 terrae

235 1703 446 1770 circumfusus
469 1721 572 1784 usque
593 1700 636 1766 ad
652 1703 776 1768 eoelum
791 1699 983 1784 extenditur,
1006 1722 1070 1766 uon
1092 1701 1212 1786 inipso
1227 1701 1330 1768 mundi

234 1813 324 1879 initio
346 1812 414 1891 fuit,
445 1811 503 1878 sed
525 1818 641 1896 postea
666 1810 804 1890 douram,
839 1832 911 1877 oum
932 1813 1058 1878 eoelum
1087 1817 1119 1877 et
1142 1814 1250 1878 stellae
1271 1814 1328 1876 iam

235 1923 444 2004 exstitissent,
467 1921 545 1988 solis
568 1922 724 1987 effeetus
752 1927 914 1987 naturae
942 1920 1102 1987 humida
1125 1929 1202 1988 tum
1223 1927 1329 1988 totum

236 2034 356 2100 etiam
378 2031 541 2098 medium
557 2031 686 2097 mundi
707 2033 832 2098 loeum
861 2032 1036 2116 replenti
1063 2039 1154 2098 ortus
1173 2040 1228 2098 est.
1268 2031 1329 2095 Iam
1406 2117 1407 2142 η

237 2241 434 2250 .—-—-.-—

345 2391 371 2460 1)
391 2389 477 2445 Arist.
498 2389 615 2446 Meteon.
634 2391 670 2458 11,
693 2392 715 2442 l.
736 2391 808 2444 35311
822 2391 852 2444 5:
878 2392 921 2458 ,οἱ
939 2388 970 2442 di
995 2382 1151 2460 σοφώτεροι
1169 2385 1217 2456 τὴν
1232 2385 1329 2455 ἀννροι

238 2495 321 2555 πίνην
341 2493 446 2560 σοφίαν
465 2488 592 2542 ποιοῦσιν
619 2483 700 2555 aduris
723 2487 779 2555 (τῆς
799 2482 943 2554 θαλάττης)
971 2490 1095 2556 γένεσιν·
1120 2487 1206 2540 εἶναι
1227 2483 1281 2555 γὰρ
1298 2479 1329 2536 τὸ

239 2586 374 2653 πρῶτον
399 2581 507 2654 ὑγρὸν
528 2580 662 2638 ἅπαντα
685 2581 743 2639 τὸν
766 2587 841 2653 περὶ
864 2581 921 2649 τὴν
947 2584 1009 2652 γῆν
1028 2578 1141 2650 τόπον,
1166 2581 1219 2636 ὑπὸ
1240 2581 1267 2634 δὲ
1290 2578 1330 2631 τοῐΙ

237 2680 313 2748 ἡλίου
330 2675 527 2750 ξηραινομένον
545 2679 579 2734 τὸ
598 2680 663 2751 μὲν
680 2681 872 2751 ιλιατμίσαν
890 2674 1067 2750 πνεύματα
1086 2683 1131 2732 καὶ
1150 2677 1250 2750 τροπὰς
1264 2675 1330 2742 ἡλίου

239 2783 284 2832 καλ
303 2773 415 2843 σελήνης
433 2781 505 2849 ιρασλ
523 2784 622 2845 ποιεῖν,
640 2774 671 2830 τὸ
691 2777 723 2829 di
742 2776 860 2847 λειφθὲν
875 2769 1013 2828 θάλατταν
1031 2775 1110 2844 εἶναι,
1130 2773 1175 2829 διὸ
1189 2767 1329 2828 nortatus

238 2881 367 2944 γίνεσθαι
385 2876 582 2944 ξηραινομένην
608 2879 710 2927 οἴονται
737 2876 782 2925 καλ
801 2875 876 2931 τέλος
893 2873 1013 2926 ἔσεσθαί
1033 2889 1101 2924 ποτε
1125 2873 1220 2926 πᾶσαν
1235 2863 1328 2938 ξηράν.“

240 2971 311 3026 Ibid.
331 2975 357 3024 2.
378 2971 509 3024 355221:
536 2966 582 3039 „ud
603 2965 696 3022 ιλάὐτὸ
717 2975 861 3040 συμβαίνει
881 3011 886 3024 .
907 3010 913 3022 .
933 2962 1036 3040 ιλλογον
1060 2972 1107 3021 καλ
1131 2975 1187 3028 τοῖς
1205 2963 1328 3040 φάσκουσι

240 3064 275 3120 τὸ
296 3066 430 3134 πρῶτον
449 3060 668 3136 ὑγρτῖςοῦσης
687 3070 742 3118 καλ
762 3065 815 3132 τῆς
834 3065 892 3134 γῆς
910 3069 965 3118 καλ
983 3061 1330 3136 τοῦκόσμουτοῡπιρὶ

241 3159 298 3229 τὴν
316 3163 380 3232 γῆν
399 3160 453 3216 ὑπὸ
472 3163 519 3215 τοῦ
528 3159 602 3228 ἡλίου
615 3164 846 3232 θερμαινομένου,
860 3155 943 3230 ἀέρα
961 3165 1131 3230 γενέσθαι
1151 3164 1197 3214 καὶ
1215 3156 1259 3213 τὸν
1274 3153 1330 3209 ὅλον

242 3256 359 3329 οὐρανὸν
377 3255 534 3328 αὐξηθῆναι,
558 3261 603 3311 καλ
622 3257 717 3312 τοῦτον
736 3251 880 3329 πνεύματά
905 3275 932 3310 τε
952 3261 1126 3328 παρέχεσθαι
1154 3260 1200 3310 καὶ
1221 3253 1264 3315 τὰς
1280 3273 1329 3320 τρο·
1405 3295 1406 3301 .

243 3354 297 3417 πὰς
315 3353 397 3410 αὐτοῦ
417 3362 531 3410 ποιεῖν.“

343 3455 369 3524 2)
387 3454 467 3508 Alex.
488 3454 516 3507 iu
527 3452 642 3506 Meteon.
662 3471 689 3522 p.
700 3453 743 3521 91,
758 3471 783 3520 a,
800 3471 827 3522 p.
847 3450 898 3506 ini.
920 3451 962 3520 (in
975 3451 1094 3506 Aristot.
1108 3452 1199 3506 looum
1212 3449 1329 3522 priorem)

205 3601 208 3609 .
243 3557 391 3623 postquam
410 3551 526 3606 eandem
555 3568 615 3604 rem
640 3550 740 3604 iisdem
760 3549 819 3604 iere
838 3549 931 3603 vorbis
960 3549 1081 3618 rettulit,
1110 3549 1141 3602 iu
1170 3548 1223 3604 fine
1251 3545 1328 3602 addit:

244 3644 356 3720 ,ταύτης
375 3649 419 3714 τῆς
442 3643 521 3714 δόξης
547 3648 683 3716 ἐγένοντο,
709 3645 745 3705 ὠς
768 3649 871 3716 ἱστορεῖ
895 3645 909 3700 ὁ
937 3640 1127 3717 Θεόφραστος,
1148 3648 1328 3716 Ἀναξίμαν-

244 3742 322 3816 ιλρός
350 3762 378 3798 τε
405 3747 449 3797 καλ
478 3747 635 3812 Διογένηςέ*
673 3743 744 3798 Ibid.
770 3761 798 3812 p.
818 3745 862 3804 93,
889 3743 916 3812 b,
947 3761 975 3812 p.
1002 3761 1062 3812 sup.
1093 3743 1134 3810 (in
1162 3742 1329 3812 posteriorem

246 3843 364 3898 Aristot.
384 3842 487 3910 locum)
506 3840 610 3910 repetit
629 3839 726 3908 solum,
746 3839 818 3894 haue
832 3839 1152 3894 esseAnaximandri
1171 3844 1200 3894 et
1212 3833 1329 3907 Diogenis

244 3941 412 4011 opinionem.

346 4037 374 4105 3)
392 4036 467 4090 Plut.
486 4036 561 4090 Plau.
580 4035 629 4103 ΙΙΙ,
650 4038 683 4089 16
704 4031 997 4104 ,Ἀναξίμανδροςτὴν
1014 4029 1160 4088 θάλασσαν
1179 4051 1262 4106 φησιν
1273 4030 1327 4084 εἶναι

245 4135 299 4203 τῆς
317 4127 448 4204 πρώτης
466 4127 632 4202 ιἰγρασίας
650 4133 829 4199 λείψανον,
860 4114 890 4195 ἧς
914 4128 945 4182 τὸ
963 4128 1020 4200 μὲν
1042 4131 1138 4183 πλεῖον
1155 4134 1238 4201 μέρος
1254 4116 1330 4187 dreini

246 4249 310 4303 ρανε
330 4227 360 4284 τὸ
380 4230 443 4299 πῦρ,
461 4224 491 4284 τὸ
512 4226 542 4281 δὲ
564 4225 735 4299 ὑπολειφθὲν
752 4224 797 4280 duci
815 4224 868 4293 τήν
886 4227 1015 4281 ἔκκαυσιν
1033 4227 1210 4298 μετέβαλεν.“
