2882 4902
794 405 831 466 68

266 587 368 648 morat
388 587 420 648 et
446 579 564 648 refellit
591 583 625 648 in
653 583 749 650 tertio
771 581 985 666 Physicomm
1006 581 1102 663 libro,
1133 601 1174 647 eo
1196 580 1279 650 loro,
1303 599 1353 663 qno

267 691 308 758 de
330 691 484 758 infiniti
512 691 641 758 notione
671 692 825 776 disputat.
869 693 1012 758 Primum
1044 693 1132 756 enim
1164 699 1292 756 veteres
1322 689 1353 754 de

268 799 392 868 infinito
414 799 583 886 opiniones
605 821 787 883 recensens,
812 807 985 885 postquam
1006 821 1064 868 eos
1087 803 1288 878 memorarit
1309 801 1353 881 qui

267 909 372 996 ipsam
396 907 586 976 intinitatem
617 917 781 994 tamquam
803 931 872 976 rem
903 911 974 976 sine
996 912 1066 976 ulla
1085 931 1122 976 re
1144 911 1293 976 subiecta
1308 929 1355 992 per

267 1037 303 1084 se
327 1025 524 1086 oonstantem
553 1019 586 1084 in
615 1019 788 1104 principiis
810 1027 975 1103 ponerent,
1010 1019 1063 1085 his
1095 1021 1234 1105 opponit
1256 1019 1354 1103 physi-

268 1127 563 1210 oorumdoorrims,
585 1129 708 1210 disens,
731 1130 886 1213 physicos
909 1150 1020 1196 omnes
1041 1129 1197 1195 infinitati
1221 1128 1354 1193 subieere

267 1239 366 1306 aliam
388 1235 548 1322 quandam
572 1245 728 1323 naturam,
764 1259 848 1323 qnae
877 1240 921 1306 sit
946 1239 1083 1321 infinita,
1115 1247 1216 1323 atque
1237 1237 1354 1322 quiden

270 1353 326 1414 aut
348 1367 445 1412 unum
468 1367 508 1414 ex
530 1347 706 1431 elementis,
730 1349 831 1414 veluti
861 1369 979 1432 aquam
1006 1355 1064 1414 aut
1084 1369 1204 1430 aerem,
1233 1355 1288 1414 aut
1306 1367 1354 1411 na·

270 1461 390 1522 turam
414 1455 516 1522 inter
540 1455 635 1522 haee
655 1456 817 1522 mediam
843 1452 894 1535 (τὸ
921 1452 1043 1540 μεταξὺ
1069 1451 1211 1542 τούτων)
1224 1461 1243 1522 ¹.
1285 1457 1354 1521 'lum

271 1565 449 1648 posteriore
462 1565 607 1632 eiusdem
623 1565 853 1650 disputationis
869 1574 972 1652 parte,
998 1589 1063 1650 qna
1073 1567 1225 1650 ostendit,
1246 1567 1354 1632 nullum

271 1693 398 1760 eorpus,
417 1694 478 1742 neo
500 1677 712 1762 oompositum
734 1697 794 1742 nee
817 1677 966 1762 simplex,
988 1698 1084 1762 posse
1105 1677 1265 1744 infinitum
1286 1695 1355 1754 esse,

271 1803 390 1868 eorum,
412 1783 467 1868 qui
490 1785 654 1869 simplex
676 1792 797 1870 ponant
818 1807 945 1870 eorpus,
971 1806 1083 1853 rursus
1110 1787 1174 1853 duo
1198 1785 1356 1868 distinguit

273 1913 403 1978 genera,
426 1912 490 1978 eos,
522 1895 579 1978 qni
611 1915 750 1979 eorpus
784 1896 829 1962 ab
852 1897 1058 1964 elementis
1091 1897 1283 1963 diversum
1313 1888 1355 1971 (ni

272 1995 363 2086 παρὰ
384 1997 424 2068 τὰ
445 2005 613 2088 στοιχεῖα),
634 2013 667 2071 et
681 2025 747 2080 eos,
770 2006 828 2089 qui
843 2026 942 2072 uuum
964 2027 1006 2072 ex
1018 2007 1187 2073 elementis
1209 2001 1355 2090 panone).

226 2193 233 2208 ἡ
272 2113 378 2196 Atque
399 2111 459 2179 hoe
471 2113 541 2180 loeo
563 2111 669 2180 adfert
690 2113 969 2194 edomationem,
993 2135 1058 2198 qua
1073 2116 1225 2181 commoti
1239 2113 1356 2197 quidam

273 2221 457 2308 philosophi
489 2221 533 2300 id,
562 2224 649 2308 quod
677 2223 832 2290 infinitum
856 2228 905 2305 sit,
934 2245 999 2290 non
1023 2245 1121 2290 unum
1143 2245 1185 2290 ex
1207 2223 1356 2290 elementis

272 2330 332 2398 sed
355 2351 491 2416 eorpus
515 2333 703 2416 quoddam
727 2336 771 2401 ab
795 2336 999 2402 elementis
1021 2334 1355 2401 diversumesseve·

273 2440 342 2520 lint,
365 2459 445 2526 eam,
468 2441 564 2528 quod,
587 2463 658 2508 oum
681 2445 910 2510 elementorum
932 2446 1108 2529 qualitates
1132 2447 1216 2510 inter
1243 2463 1276 2510 se
1296 2461 1356 2507 oon-

273 2549 391 2618 trariae
414 2551 487 2629 sint,
512 2553 538 2618 si
561 2571 658 2618 unum
680 2572 720 2617 ex
742 2553 908 2618 elementis
922 2560 1095 2638 poneretur
1115 2573 1188 2620 esse
1203 2552 1356 2628 infinitum,

273 2657 306 2728 id
331 2659 403 2744 ipsa
426 2679 485 2726 sua
509 2659 667 2728 infinitate
681 2661 877 2745 reliquorum
892 2664 1122 2730 elementorum
1145 2669 1250 2729 ortum
1271 2662 1356 2742 impe·

275 2767 417 2836 diturum
441 2771 566 2850 essen).
609 2770 681 2849 Qua
716 2772 841 2839 ratione
867 2771 1011 2838 indieata
1042 2773 1195 2839 nontinuo
1224 2767 1356 2845 ostendit,

275 2929 472 2940 ——-n—-—

376 3040 402 3108 1)
422 3035 503 3110 Phys.
524 3037 617 3106 111,4.
637 3039 763 3098 203216:
784 3043 829 3110 „ot
847 3041 879 3094 di
898 3044 961 3112 περὶ
981 3033 1092 3112 φύσεως
1100 3035 1227 3106 ,ἅπαντες
1245 3034 1285 3090 ἀεὶ
1303 3033 1356 3089 imo·

273 3137 399 3189 τιθέασιν
417 3133 512 3206 ἑτέραν
530 3132 588 3190 τινὰ
608 3128 694 3208 φύσιν
712 3137 749 3208 τῷ
767 3133 871 3206 ἀπείρῳ
889 3137 944 3191 τῶν
966 3139 1125 3210 λεγομένων
1145 3140 1292 3207 στοιχείων,
1308 3127 1357 3185 οἷον

273 3225 350 3304 ὕδωρ
371 3225 386 3298 ἢ
404 3225 482 3302 ἀέρα,
500 3225 516 3300 ἢ
535 3229 565 3288 τὸ
584 3229 684 3304 μεταξὺ
703 3229 830 3289 ιούιωνί.
866 3233 1024 3290 Verborum
1042 3235 1118 3288 ratio
1136 3230 1314 3305 grammatica
1330 3244 1356 3282 es
1417 3253 1418 3316 ι

275 3331 325 3398 est,
354 3332 386 3383 ut
413 3329 487 3384 inter
512 3347 540 3386 se
564 3335 743 3400 opponantur
769 3328 822 3390 ‘alr
840 3326 923 3405 φύσις
941 3333 995 3387 τῶν
1014 3335 1069 3402 try.
1099 3325 1251 3401 στοιχείων
1272 3331 1297 3382 et
1314 3319 1355 3375 ‘ui
1417 3323 1418 3392 l

272 3419 393 3498 prrutd’.
413 3423 555 3481 Particula
575 3422 634 3482 οἷον
654 3445 748 3482 rursus
768 3429 928 3497 explioandi
947 3429 1004 3483 vim
1023 3428 1116 3496 habet,
1134 3431 1167 3482 nt
1180 3429 1259 3497 patet
1276 3441 1290 3478 e
1305 3422 1355 3476 100⁰
1417 3405 1418 3480 i

274 3521 347 3579 2050
362 3523 406 3577 ns.
1083 3497 1094 3510 '
1417 3517 1418 3526 ¹

374 3621 402 3690 2)
421 3619 492 3675 Ibid.
512 3638 534 3676 c.
554 3621 579 3676 5.
598 3619 667 3674 2041>
682 3623 727 3680 222
750 3617 832 3689 „ttici
852 3619 910 3694 μὴν
927 3621 992 3676 οὐδὲ
1012 3621 1043 3676 ἓν
1062 3624 1108 3675 καὶ
1120 3620 1228 3676 ἁπλοῦν
1246 3620 1307 3673 εἶναι
1324 3615 1356 3668 ἐν·

276 3717 383 3788 δέχεται
404 3715 434 3772 τὸ
454 3711 569 3789 ἄπειρον
587 3719 678 3792 σῶμα,
707 3713 767 3774 οὔτε
786 3717 822 3780 ὥς
844 3723 957 3790 λέγουσί
973 3737 1043 3779 τινες
1064 3717 1098 3773 τὸ
1122 3715 1210 3789 παρὰ
1234 3714 1269 3771 τὰ
1288 3732 1356 3768 σινι-

274 3819 365 3884 χεῖα,
385 3815 413 3875 ἐξ
429 3800 461 3868 οὗ
480 3815 561 3869 rodan
578 3816 722 3885 γεννῶσιν,
741 3809 802 3871 οὔθ’
821 3814 939 3877 ἁπλῶς.“
977 3816 1070 3872 Verba
1087 3809 1163 3868 ‘odo’
1176 3810 1286 3878 duleis',
1303 3815 1355 3864 uit

277 3912 404 3981 sequenti
417 3893 607 3983 disputatione
627 3917 753 3982 apparet,
773 3913 932 3984 significant
950 3898 1011 3969 ‘nee
1029 3915 1058 3968 in
1070 3913 1232 3968 universnm
1243 3911 1297 3966 ulla
1313 3903 1356 3960 alia

276 4005 408 4073 ratione,
428 4009 456 4065 id
475 4014 526 4080 est,
545 4005 611 4065 ‘neo
631 4009 740 4064 ratione
759 4005 973 4065 elementorum‘
1002 4027 1102 4080 eorpus
1122 4009 1263 4064 infinitum
1279 4004 1356 4078 potest
1417 4073 1418 4078 Ἰ

277 4105 395 4176 simplex
417 4123 482 4161 esse.
509 4106 596 4161 Totus
615 4107 693 4162 loeus
716 4107 746 4161 in
765 4109 821 4162 alie
844 4126 941 4164 caussa
963 4109 1120 4164 accuratius
1143 4103 1356 4162 considerabitur·

379 4205 404 4268 3)
423 4204 494 4258 Ibid.
516 4203 585 4258 204b
598 4206 634 4258 24
662 4205 794 4260 continuo
812 4210 877 4276 post
897 4207 983 4260 verba
1001 4205 1128 4276 proxime
1148 4205 1273 4260 laudata:
1301 4197 1357 4270 „titi
1417 4207 1418 4256 l

275 4295 424 4370 priorarat,
444 4302 471 4352 οἳ
486 4299 582 4352 τοῦτο
601 4299 760 4354 notorious&
780 4294 902 4370 ἔπειρον,
922 4296 980 4353 ἀλλ’
1000 4295 1049 4354 οὐκ
1065 4296 1133 4372 ἀέρα
1152 4293 1263 4369 inridere,
1280 4291 1313 4354 dit
1325 4287 1356 4364 pi
1417 4287 1418 4370 i
