2858 4910
754 356 805 414 1ῦο

226 530 287 598 eile
310 529 378 594 alia
395 528 548 612 principii
565 526 731 594 cuiusdam
748 527 835 594 notio
852 526 1043 608 invenietur,
1066 545 1150 608 quae
1168 524 1331 608 duplicem

227 638 311 704 hano
332 636 629 721 interpretationem
656 635 817 702 admittat.
862 637 931 703 Hoe
953 635 981 702 si
1004 655 1116 702 verum
1144 642 1201 717 est,
1224 634 1332 702 Theo-

226 748 393 832 phrastum
416 747 447 812 in
481 767 540 814 sua
560 745 602 812 de
624 745 866 814 Anaximandro
897 746 1124 830 disputatione,
1156 752 1332 828 antequam

226 859 317 924 illam
339 856 637 940 interpretationem
660 863 864 941 proponeret,
896 856 1059 923 rettulisse
1082 862 1219 940 oportet,
1246 855 1332 922 Ana-

109 1019 112 1022 .
227 966 387 1034 ximandri
410 964 604 1050 prineipium
626 964 728 1048 ipsius
752 965 914 1032 sententia
933 959 1069 1046 ιμεταξύ
1092 965 1139 1030 u'
1165 985 1246 1032 esse.

155 1159 157 1167 y
327 1077 406 1152 Iam,
439 1075 468 1142 si
491 1073 736 1158 Theophrastus
766 1074 1004 1142 Anaximandri
1036 1075 1235 1159 principium
1267 1096 1333 1142 non

227 1189 329 1254 solum
352 1183 382 1250 τί
405 1184 495 1265 παρὰ
515 1177 557 1248 ud
580 1187 726 1264 στοιχεῖα
758 1204 870 1251 verum
899 1185 997 1250 etiam
1018 1177 1142 1266 μεταξύ
1166 1207 1199 1248 τι.
1221 1185 1332 1270 appel-

228 1295 317 1379 lavit,
340 1293 428 1378 apud
447 1313 519 1360 eum
542 1293 672 1360 omnino
694 1280 759 1360 ianr
783 1293 1003 1378 reperiebatur
1024 1293 1082 1359 illa
1096 1293 1332 1361 Anaximandri

228 1402 383 1489 principii
393 1405 489 1482 notio,
505 1423 603 1487 quam
615 1404 656 1470 ab
668 1405 850 1470 Aristotelis
862 1404 1092 1488 interpretibus
1102 1406 1239 1488 proponi
1250 1404 1332 1470 vidi-

228 1534 310 1580 mus.
355 1513 544 1580 Hoeautem
565 1517 593 1580 si
615 1515 661 1580 ita
683 1535 718 1581 se
741 1513 846 1592 babet,
871 1515 927 1580 vix
949 1513 1069 1598 poterit
1080 1511 1231 1594 dubitari,
1254 1514 1334 1596 quin

230 1622 483 1707 Theophrastus,
500 1625 620 1709 quippe
643 1645 661 1690 e
682 1644 744 1707 quo
756 1623 958 1708 Simplicium
974 1625 1131 1707 pleraque
1152 1623 1333 1707 sumpsisse

226 1736 316 1800 'eerto
332 1738 465 1814 oonstet‚
487 1734 608 1815 primus
630 1753 669 1798 ae
684 1733 895 1815 gravissimus
918 1733 1004 1800 illius
1019 1735 1162 1800 notionis
1185 1734 1259 1800 fons
1281 1733 1333 1800 sit.

328 1841 433 1924 Atque
456 1842 517 1908 hoo
533 1863 593 1925 ego
615 1843 746 1925 quidem
769 1863 832 1908 non
856 1844 960 1909 solum
981 1842 1253 1912 verisimillimum
1274 1843 1334 1910 sed
1364 1905 1369 1910 .

229 1950 326 2016 etiam
351 1970 455 2034 paene
477 1958 598 2018 eertum
626 1971 698 2018 esse
721 1952 884 2031 existimo,
921 1973 1115 2035 quamquam
1149 1952 1237 2018 enim
1268 1972 1334 2018 non

229 2059 335 2143 ipsum
357 2060 489 2144 quidem
511 2061 561 2140 ab,
574 2063 639 2128 illis
651 2061 881 2146 interpretibus
902 2068 953 2130 est
972 2062 1136 2146 traditum,
1159 2067 1270 2128 tamen
1293 2082 1334 2128 ex

230 2169 310 2252 ipsis
334 2190 444 2236 eorum
470 2172 664 2238 testimoniis
686 2171 943 2254 ratiocinatione,
970 2177 1006 2237 ut
1027 2170 1107 2237 mihi
1131 2171 1265 2253 quidem
1290 2173 1335 2236 vi-

231 2279 334 2355 detur,
356 2280 540 2347 necessario
562 2281 631 2346 fere
653 2282 838 2348 oonelnsum
862 2288 925 2357 est;
948 2301 987 2346 ae
1008 2299 1123 2348 revera
1144 2300 1185 2346 ea
1203 2279 1334 2348 demum

230 2386 428 2466 eondioione,
451 2389 480 2454 si
501 2387 563 2454 hoe
577 2408 686 2455 verum
709 2409 780 2456 esse
803 2391 942 2473 ponitur,
965 2395 997 2456 et
1011 2391 1086 2474 ipsa
1109 2410 1158 2472 ea,
1185 2409 1270 2472 quae
1293 2391 1335 2455 ab

230 2497 270 2562 iis
297 2497 488 2572 referuntur,
523 2504 555 2564 et
585 2518 703 2582 magna
733 2519 843 2567 eorum
875 2501 906 2565 in
941 2498 990 2565 his
1022 2500 1117 2566 rebus
1151 2498 1335 2566 referendis

230 2605 400 2674 consensio
422 2613 454 2672 et
472 2606 601 2673 dicendi
623 2608 781 2674 sertitudo
802 2611 899 2693 plene
917 2610 1157 2692 intelleguntur.
1200 2609 1337 2675 Possint

230 2715 360 2798 quidem
394 2715 626 2782 dubitationem
660 2738 788 2784 movere
812 2718 1029 2785 Demaseenus
1059 2725 1091 2785 et
1118 2717 1334 2803 Porphyrius,

230 2846 363 2908 quorum
377 2824 442 2906 ille,
465 2825 634 2910 Simplicio
649 2833 739 2909 teste,
760 2826 799 2892 τὸ
820 2825 938 2909 μεταξύ
961 2827 1045 2894 inter
1055 2847 1163 2894 aerem
1179 2834 1212 2892 et
1223 2829 1334 2911 ignem

229 2935 272 3000 ad
294 2935 472 3017 Diogenem
505 2937 742 3019 Apolloniatem
776 2938 907 3020 rettulit,
941 2936 1141 3022 Porphyrius
1166 2942 1276 3003 autem
1300 2937 1335 3003 in

230 3045 291 3110 hae
322 3065 356 3109 re
389 3044 479 3110 illum
499 3050 627 3111 seoutus
663 3052 720 3123 est,
758 3046 992 3113 Anaximandri
1024 3067 1101 3113 vero
1135 3045 1335 3130 principium

230 3173 301 3219 esse
323 3153 489 3219 contendit
508 3151 647 3238 ‘eorpus
659 3155 754 3221 rebus
768 3156 948 3222 subiectum
971 3155 1005 3221 in
1021 3155 1216 3236 universum,
1240 3156 1335 3222 euius

113 3349 115 3354 Ι
229 3263 355 3345 speeies
376 3262 418 3327 ab
440 3263 497 3328 illo
525 3285 589 3331 non
612 3263 819 3332 definiretur‘.
863 3266 1045 3332 Verisimile
1072 3264 1162 3342 enim,
1188 3284 1262 3332 esse
1286 3265 1336 3331 di-

231 3391 294 3453 ees,
317 3371 375 3438 hos
398 3392 525 3455 quoque
547 3373 771 3458 Theophrasto
793 3383 868 3441 usos
891 3396 972 3458 esse,
998 3381 1106 3457 atque,
1132 3373 1161 3440 si
1184 3373 1235 3440 usi
1259 3377 1336 3455 sint,

177 3545 179 3550 ,
231 3501 270 3546 ex
301 3501 339 3548 eo
371 3481 459 3548 iilam
481 3483 713 3549 Anaximandri
748 3485 901 3569 principii
933 3486 1094 3552 notionem
1125 3491 1336 3566 suscepturos

230 3589 341 3673 fuisse,
372 3591 398 3656 si
420 3591 509 3674 apud
538 3613 611 3657 eum
635 3593 843 3660 invenissent.
887 3594 929 3659 At
953 3593 1171 3662 Damaseenus
1199 3593 1336 3676 quidem

129 3725 132 3729 ·
231 3717 272 3762 ea
305 3704 411 3780 parte,
450 3718 514 3781 qua
547 3699 689 3782 Diogeni
722 3701 760 3764 τὸ
792 3698 913 3782 μεταξύ
946 3701 1076 3783 tribuat,
1109 3721 1130 3766 a
1162 3699 1336 3788 Simplieio

232 3806 337 3889 ipsius
353 3806 568 3892 Theophrasti
586 3810 769 3876 testimonio
792 3813 967 3886 refutatum
990 3811 1019 3876 is
1043 3812 1139 3895 igitur
1160 3810 1223 3878 hae
1245 3820 1336 3880 eerte

230 3919 321 3998 parte
342 3920 399 3979 aut
420 3934 484 4002 non
506 3936 583 3982 usus
607 3925 657 3983 est
678 3918 903 4001 Theophrasto
930 3925 986 3985 aut
1009 3918 1080 3985 eius
1104 3921 1335 3988 austeritatem

231 4024 362 4109 sprevit.
405 4024 602 4109 Porphyrius
637 4033 743 4092 autern
772 4047 812 4092 ea
833 4035 933 4110 parte,
968 4035 1126 4110 quatenus
1147 4023 1186 4092 τὸ
1209 4026 1334 4112 μεταξὺ

231 4134 351 4199 referat
373 4133 416 4200 ad
438 4135 627 4218 Diogenem,
650 4159 670 4203 a
692 4137 859 4222 Simplicio
878 4137 997 4204 dieitur
1019 4144 1148 4205 seeutus
1171 4158 1244 4206 esse
1266 4140 1334 4207 Da·

220 4264 430 4320 massenum
463 4264 539 4328 ergo
563 4247 590 4311 is
611 4267 738 4331 quoque
761 4247 822 4314 hae
856 4256 942 4314 uerte
964 4254 1056 4331 parte
1089 4253 1230 4314 autnon
1254 4269 1334 4316 usus
