2862 4910
614 375 666 426 315

67 539 111 604 Si
140 545 303 625 posterior
328 545 467 628 ponitur,
491 546 721 612 contrariorum
750 549 921 629 qualitates
947 547 1078 614 notione
1101 555 1187 614 certe

67 652 209 732 priores
222 661 297 717 sunt
313 655 563 720 condensatione
585 662 617 720 et
628 657 848 738 rarefactionc,
871 659 1026 739 ipsaeque
1039 661 1186 722 naturam

69 761 250 840 quandam
283 762 404 829 habent
434 784 525 829 suam
558 785 596 830 ac
625 766 800 848 propriam,
828 765 870 830 ad
903 766 1187 832 condensationem

68 876 193 935 autem
226 880 258 937 et
292 873 540 938 rarefactionem
571 873 618 938 ita
653 895 687 940 se
722 874 857 956 habeut,
891 883 925 939 ut
957 895 1067 940 earum
1100 883 1187 940 ortus

69 979 248 1074 quandam
284 982 433 1066 principii
468 982 752 1050 condensationem
787 991 819 1050 et
850 985 1098 1050 rarefactionem
1132 985 1187 1048 ha-

69 1089 159 1154 beat
190 1073 384 1156 adiunctam
430 1095 532 1174 Atque
572 1092 654 1158 haee
685 1093 813 1175 quidem
838 1093 931 1158 nobis
965 1093 1108 1176 putanda
1138 1105 1187 1158 est

69 1198 319 1264 Anaximandri
343 1202 504 1266 sententia
527 1221 608 1284 esre,
644 1203 672 1266 si
699 1209 882 1286 pugnantes
909 1203 980 1266 illas
1008 1202 1088 1267 duas
1116 1223 1187 1268 sen·

70 1308 203 1374 tentiae
226 1311 372 1374 volumus
395 1312 492 1394 plane
511 1313 594 1376 inter
616 1331 651 1376 se
673 1312 849 1378 conciliari.

184 1419 310 1502 Itaque,
334 1427 368 1484 ut
385 1434 488 1502 'quam
501 1421 711 1503 brevissimis
734 1443 816 1504 quae
834 1420 1078 1505 disputavimus,
1102 1442 1186 1485 oom-

71 1525 273 1608 plectamur,
296 1526 527 1592 Anaximandri
558 1529 719 1592 sententia
745 1548 850 1593 rerum
878 1531 1043 1610 generatio
1069 1541 1127 1612 per
1150 1551 1184 1594 se

71 1655 146 1699 non
171 1635 204 1698 in
226 1634 381 1718 principii
414 1636 666 1702 condensatione
693 1645 725 1702 et
753 1638 978 1720 patefactione,
1010 1657 1119 1703 verum
1153 1641 1185 1702 in

73 1745 315 1808 contrariorum
342 1748 518 1811 secretione
546 1748 703 1826 consistit,
732 1746 791 1812 sed
817 1753 926 1811 tamen
952 1767 1009 1830 per
1036 1746 1185 1811 accidens

74 1859 130 1916 est
153 1850 366 1918 condensatio
393 1860 425 1918 et
448 1855 630 1935 rarefactio,
655 1860 835 1938 propterea,
861 1853 948 1936 quod
975 1855 1033 1919 illa
1061 1862 1185 1920 contra-

74 1962 201 2026 riorum
223 1963 359 2025 secretio
379 1959 543 2044 quandam
566 1959 720 2043 principii
742 1959 1023 2026 condensationcm
1047 1968 1078 2025 et
1100 1982 1184 2027 rare·
1279 1980 1285 1991 ·

74 2071 257 2137 factionem
279 2071 466 2137 adiunctam
488 2070 627 2146 habct¹).

183 2182 212 2245 7.
240 2180 477 2245 Anaximander
497 2181 605 2262 atiquo
622 2181 697 2246 libri
719 2182 768 2246 sui
791 2182 872 2263 loco,
896 2183 988 2249 cuius
1004 2181 1098 2246 unius
1112 2182 1185 2262 ipsa

74 2293 324 2357 verbaservata
346 2297 428 2364 sunt,
452 2291 507 2366 ait,
532 2310 549 2356 e
572 2311 644 2373 quo
668 2310 728 2356 res
751 2293 956 2366 ortaesint,
980 2292 1017 2355 in
1040 2289 1081 2354 id
1098 2311 1184 2374 per·

74 2400 250 2466 eundum
284 2400 401 2464 etiam
433 2401 482 2465 iis
516 2419 616 2482 osse,
646 2399 869 2468 secundum
903 2401 1093 2482 temporis
1127 2421 1183 2464 or-

75 2509 255 2588 dinam‘2).
299 2510 403 2574 Docet
423 2509 532 2591 igitur,
553 2528 663 2574 omnes
686 2529 747 2590 res,
772 2509 807 2574 id
830 2515 891 2590 est,
913 2515 944 2573 et
966 2510 1071 2592 ipsum
1094 2529 1183 2574 mun-

76 2619 155 2685 dum
177 2625 211 2684 et
233 2638 344 2683 omnes
356 2619 426 2684 eius
440 2627 557 2702 partae,
582 2625 616 2684 ut
634 2625 724 2683 ortae
740 2619 806 2683 sint
818 2638 859 2683 ex
875 2618 998 2684 infinito
1013 2618 1183 2702 principio,

76 2727 125 2792 ita
149 2727 251 2792 etiam
273 2732 417 2810 tempore
439 2725 579 2808 quodam
603 2732 735 2809 peracto
759 2726 792 2790 in
815 2725 973 2790 infinitum
989 2727 1185 2810 principium

75 2837 208 2900 resolvi.
252 2834 352 2899 Simul
374 2841 482 2899 autem
504 2834 706 2918 docetpost
723 2831 867 2899 aliarum
890 2855 995 2899 rerum
1019 2836 1184 2901 interitum

75 2964 209 3027 semper
230 2944 310 3008 alias
334 2963 373 3008 cx
396 2943 510 3008 eodem
533 2945 692 3026 principio
704 2945 841 3008 renasci.
866 2944 962 3008 Putat
981 2944 1077 3027 enim,
1101 2964 1183 3009 con-

76 3054 292 3119 trariorum
314 3073 332 3118 e
354 3053 552 3136 principio
580 3053 841 3118 secretionem
869 3053 915 3118 ab
940 3055 1038 3117 omni
1060 3060 1181 3119 aeter-

75 3165 213 3229 nitate
237 3163 512 3246 sempiternam
538 3169 659 3244 atquc
686 3163 909 3228 continuam
937 3182 1032 3245 esse,
1065 3170 1182 3242 otoo,

77 3273 181 3354 quod
215 3272 523 3337 innumerabiles
558 3271 743 3354 deinceps
777 3271 907 3336 mundi
943 3274 1182 3355 aprincipio

76 3385 260 3448 oriantur
288 3387 324 3446 et
355 3381 393 3445 in
426 3381 661 3464 principium
694 3383 903 3463 intereant,
937 3389 973 3446 ct
996 3402 1048 3463 eo,
1081 3382 1183 3464 quod

75 3593 278 3602 ———.---

75 3698 139 3769 γὰρ
160 3692 279 3752 τούτου
296 3693 407 3770 μόνον
419 3694 596 3770 Θεόφραστος
615 3701 645 3752 ἐν
663 3701 694 3773 τῇ
712 3703 818 3770 ἱστορίᾳ
836 3695 1022 3772 τὴνμάνωσιν
1036 3705 1124 3770 εἴρηκε
1137 3705 1182 3753 καὶ

75 3796 127 3864 τὴν
145 3789 313 3849 πὺκνωσιν.“
406 3825 410 3836 ·

183 3892 207 3958 l)
227 3891 256 3944 Si
275 3891 395 3960 quadam
405 3892 566 3945 Aristotelis
585 3893 696 3946 dicendi
715 3893 824 3946 ratione
843 3895 886 3948 uti
898 3894 1027 3948 volumus
1041 3895 1070 3946 in
1083 3895 1181 3962 primis

77 3991 163 4055 clara,
183 3988 260 4042 illam
280 3989 448 4046 sententiam
466 3990 507 4042 ita
533 3990 690 4057 exprimere
708 4007 855 4058 possumus
874 3995 907 4043 ut
925 3991 1061 4046 dicamus:
1086 3989 1117 4056 ‘⁷¹1
1136 3995 1180 4061 γέ-

77 4089 153 4144 νεσίς
172 4085 230 4138 ἔστι
248 4085 303 4155 μὲν
325 4082 463 4144 πύκνωσις
486 4090 532 4138 καὶ
549 4079 682 4157 priamum,
710 4083 768 4138 ἀλλ’
794 4083 845 4157 οὐχ
869 4083 952 4156 ὅπερ
980 4081 1118 4144 πύκνωσις
1136 4091 1181 4140 καὶ

76 4178 220 4254 priamum·
240 4179 307 4234 κατὰ
328 4179 501 4252 συμβεβηκὸς
519 4177 687 4252 γάρ·ἒσιιν’.

179 4279 208 4346 2)
227 4276 350 4346 Simplic.
369 4277 450 4346 Phys.
471 4282 497 4346 6,
516 4297 540 4332 a.
579 4280 672 4348 Ipsum
691 4282 782 4334 locum
802 4281 918 4336 inferius
938 4282 1133 4340 adscribamus.
