2860 4906
656 373 709 428 227

110 547 245 630 cipium
273 565 331 631 per
359 566 394 612 se
416 543 499 612 nihil
526 551 576 610 est
605 546 668 611 nisi
694 551 830 614 materia
851 547 1008 630 informis,
1036 557 1068 618 et
1090 552 1132 617 ab
1161 552 1229 617 Ari·

111 656 251 721 stotelis
268 655 406 721 materia
428 675 467 720 eo
483 656 585 720 solum
598 655 715 738 differt,
739 657 836 740 quod,
860 665 895 726 ut
910 663 1024 743 postea
1036 659 1230 742 videbimus,

108 766 229 851 ipsum
257 770 290 832 in
318 789 390 835 sese
423 765 521 832 habet
554 772 720 832 aeternum
748 770 910 854 quendam
937 777 1067 848 motum,
1100 791 1163 853 quo
1189 789 1230 835 ex

109 874 195 958 ipso
219 895 326 942 rerum
347 877 519 956 multitudo
534 885 716 962 generatur.
760 879 844 946 Sunt
865 885 971 970 autem
993 879 1042 946 illi
1057 881 1230 962 scriptores

110 983 234 1069 iidem,
258 987 323 1070 qui,
355 1008 425 1054 cum
454 988 689 1054 Anaximandri
725 989 915 1075 principium
949 988 1050 1056 velint
1082 995 1237 1054 naturam-

109 1095 287 1178 quandam
316 1098 494 1182 simplicem
526 1119 585 1164 nec
616 1118 693 1164 vcro
716 1098 907 1165 mixtionem
927 1119 1009 1176 esse,
1043 1097 1077 1163 id
1110 1103 1229 1181 negant

109 1214 271 1273 naturam
287 1228 357 1274 esse
380 1210 465 1276 iuter
487 1209 552 1274 duo
565 1209 887 1286 elementamediam.
918 1211 1025 1292 Atque
1047 1208 1080 1274 id
1101 1209 1230 1273 omuino

110 1325 374 1385 consentaneum
408 1326 470 1400 est3
505 1341 579 1386 nam
617 1324 645 1386 si
680 1320 915 1386 Anaximandri
956 1318 1152 1404 principium
1181 1322 1231 1382 est

110 1435 240 1494 natura
255 1429 413 1511 quaedam
426 1432 564 1514 simplex
586 1451 647 1497 nec
658 1449 732 1496 vero
756 1433 841 1497 iuter
856 1431 920 1496 duc
933 1431 1094 1496 elementa
1109 1427 1228 1508 media,

108 1539 216 1604 facile
240 1545 337 1622 patet,
360 1559 433 1606 eam
463 1561 535 1606 csse
564 1561 626 1606 non
655 1561 750 1626 posse
777 1541 841 1607 nisi
871 1549 1018 1608 naturam
1041 1539 1155 1623 quavis
1175 1535 1228 1602 de·
1284 1532 1290 1540 ’

108 1647 213 1712 linita
235 1649 389 1730 qualitate
420 1657 591 1716 carentem.
635 1651 804 1736 Principes
834 1671 945 1717 corum
974 1658 1048 1716 suut
1069 1645 1227 1716 Schleicr-

110 1756 302 1838 macherus,
317 1760 408 1823 cuius
420 1758 624 1844 potissimum
641 1763 833 1826 auctoritate
846 1761 901 1826 illa
914 1759 1074 1826 sententia
1090 1757 1228 1842 primum

111 1866 317 1932 invaluit-
351 1885 425 1932 nam
458 1871 513 1952 qui
548 1876 623 1935 ante
659 1891 730 1936 eum
765 1870 851 1935 idem
884 1869 1044 1950 dixerunt,
1078 1869 1228 1950 quoniam

110 1982 328 2060 sunrpserunt
349 1979 454 2061 magis
478 1997 573 2061 quam
598 1977 724 2046 idoneis
746 1979 944 2064 argumentis
964 1979 1140 2054 firmarunt,
1164 1996 1228 2041 non

110 2089 184 2151 iam
209 2086 401 2152 nominandi
429 2095 564 2177 sunt-
589 2087 788 2174 Braudisius,
824 2089 978 2171 Zellerus‚
1012 2107 1093 2170 quos
1125 2087 1228 2153 secuti

110 2195 174 2260 alii
201 2196 477 2263 Anaximandrum
501 2199 597 2262 etiam
617 2198 762 2272 laudant,
785 2198 873 2281 quod
895 2199 1015 2281 primus
1036 2197 1142 2281 ipsam
1163 2216 1228 2260 ma-

110 2309 221 2372 teriae
246 2308 410 2373 notionem
435 2307 606 2399 invenerit,
632 2313 664 2373 ct
687 2307 955 2392 philosophantur
977 2306 1017 2372 de
1040 2325 1080 2372 ea
1095 2307 1226 2402 ratione,

110 2435 184 2499 qua
207 2417 310 2481 menti
332 2417 375 2483 ad
396 2417 481 2482 hanc
503 2417 667 2483 notionem
692 2418 790 2482 fucrit
811 2413 1105 2502 perveniendum2).

221 2525 288 2591 Sed
310 2526 365 2591 illa
388 2529 549 2592 sententia
573 2527 671 2592 nullis
699 2533 843 2592 veterum
875 2520 1069 2592 testimoniis
1096 2523 1226 2608 probari

112 2641 240 2718 potest,
262 2656 322 2701 nec
344 2637 474 2708 talibus,
499 2638 616 2720 quibus
638 2644 750 2722 aperte
773 2639 985 2717 contineatur,
1012 2655 1073 2701 nec
1095 2634 1226 2713 talibus,

110 2764 130 2809 e
147 2743 273 2827 quibus
284 2745 532 2812 ratiocinatione
545 2747 686 2829 quadam
702 2747 819 2838 colligi
830 2745 948 2831 possit3
972 2744 1102 2810 omnino
1117 2748 1224 2808 autem

110 2855 282 2919 refellitur
307 2875 355 2937 co,
389 2856 473 2938 quod
497 2856 658 2922 sententia
684 2858 747 2941 ipsi
771 2857 932 2922 contraria
953 2853 1095 2923 indubiis
1130 2871 1227 2934 argu-

110 2963 239 3028 mentis
262 2965 425 3047 probatur.
470 2965 576 3031 Nullis
610 2971 717 3030 autem
749 2985 819 3031 eam
855 2971 998 3030 veterum
1024 2957 1225 3027 ¹testimoniis

110 3073 253 3156 probari
276 3091 379 3156 posse,
404 3074 585 3158 apparebit,
606 3074 635 3138 si
656 3075 966 3140 consideraverimus
994 3069 1225 3150 cessationes,
1328 3108 1329 3112 =

112 3182 331 3263 quibusoam
355 3181 543 3248 defendunt.
587 3183 623 3248 ln
645 3202 709 3264 qua
734 3202 768 3247 re
791 3182 954 3264 amiserit,
977 3181 1092 3246 Zelleri
1115 3178 1226 3260 dispu-

111 3292 275 3355 tationem
309 3292 490 3357 accuratius
520 3295 681 3376 persequi,
713 3294 865 3375 quoniam
900 3292 928 3357 is
963 3297 995 3356 ct
1016 3287 1226 3355 subtilissime

112 3402 261 3466 omnium
285 3406 385 3466 totam
412 3421 559 3467 caussam
584 3408 701 3468 tractat
734 3409 766 3468 et
789 3409 917 3488 practer
944 3401 1087 3466 rationes
1109 3418 1130 3463 a
1152 3397 1226 3462 reli-

116 3512 194 3592 quis
218 3509 385 3576 adhibitus
408 3512 557 3595 plurimis
579 3513 672 3577 novis
695 3512 795 3578 utitur
816 3533 855 3578 ac
877 3513 954 3578 suis.

220 3619 364 3686 Zellerus
396 3622 495 3705 igitur
529 3623 562 3686 in
596 3621 822 3706 disputationis
861 3621 957 3701 finc2)
999 3625 1119 3684 certum
1153 3635 1226 3682 esse

112 3727 293 3825 contendit,
315 3730 551 3796 Anaximandri
574 3731 767 3816 principium
790 3751 853 3797 uon
882 3749 954 3796 csse
981 3723 1129 3794 naturam
1150 3726 1225 3792 ullis

112 3837 331 3920 qualitatibus
356 3821 531 3919 delinitam,
568 3841 666 3924 idque
694 3844 797 3907 solum
825 3861 921 3925 posse
944 3838 1095 3916 dubitari,
1118 3843 1225 3901 utrum

113 4049 319 4060 ——-.

222 4173 250 4242 1)
268 4175 309 4230 cf.
328 4175 419 4242 Thilo,
439 4177 652 4247 Pragmatischc
674 4177 770 4232 Geseh.
790 4178 841 4232 der
858 4195 964 4232 neuern
982 4175 1085 4229 Philos.
1103 4191 1130 4243 p.
1150 4174 1175 4226 6.

220 4270 250 4341 2)
269 4271 366 4328 (leuch.
385 4277 436 4328 etc.
455 4273 477 4341 1,
495 4292 523 4343 p.
545 4276 602 4330 192.
