2864 4910
636 403 690 458 363

97 574 304 642 incredibile
338 583 401 659 est,
434 578 710 646 Anaximandrum
746 599 820 670 eam
859 578 1011 644 statuisse
1046 579 1212 644 stellarum

96 684 403 767 circumactionem,
434 707 531 769 quam
560 687 701 770 priorem
724 689 899 780 posuimus,
931 687 995 752 iam
1021 707 1092 753 eam
1114 709 1212 752 unam
1313 735 1314 738 ,

98 795 143 858 ob
169 815 334 875 caussam,
358 798 558 878 quianullus
581 797 742 862 eiusmodi
764 797 928 862 stellarum
952 804 1056 862 motus
1074 797 1106 860 in
1122 798 1211 862 coelo

97 905 317 986 conspicitur.
377 907 462 988 Ergo
506 908 561 971 illa
593 907 758 972 stellarum
791 908 998 973 circumactio
1034 907 1211 988 posteriore

97 1013 203 1078 modo
227 1014 445 1097 intellegenda
457 1023 520 1093 est3
544 1016 641 1098 idque
653 1037 691 1081 eo
703 1018 938 1100 comprobatur,
964 1016 1050 1099 quod
1064 1015 1211 1080 omuibus
1296 1047 1307 1058 ‘

98 1123 141 1186 iis
165 1123 260 1204 locis,
284 1124 399 1204 quibus
431 1132 526 1190 antea
548 1126 597 1190 usi
622 1145 741 1206 sumus,
774 1146 837 1190 non
860 1126 923 1190 nisi
945 1126 985 1190 dc
1008 1124 1212 1207 quotidi-

97 1252 118 1295 a
133 1253 154 1295 n
170 1233 212 1295 is
249 1233 414 1298 stellarum
451 1234 716 1300 conversionibus
755 1233 872 1316 agitur.
932 1233 1210 1299 Anaximandrum

98 1348 214 1406 autem
245 1362 360 1406 revere
393 1344 559 1408 stellarum
593 1345 821 1408 conversiones
854 1345 941 1408 circa
976 1343 1086 1408 mundi
1116 1363 1210 1408 axem

99 1449 269 1532 docuisse,
293 1457 407 1532 postea
426 1455 609 1518 accuratius
633 1452 828 1518 ostendetur.

208 1560 297 1625 Haec
320 1563 448 1626 sirecte
465 1560 714 1644 disputavimus,
738 1563 831 1627 simul
850 1561 914 1626 duc
937 1568 1124 1646 sequuntur,
1145 1561 1210 1644 pri-

99 1689 204 1751 mum,
229 1675 262 1733 ut
286 1670 335 1734 illi
367 1671 570 1735 stellarum
596 1651 732 1742 annuli
755 1681 834 1754 'per
865 1678 982 1737 toturn
1010 1671 1110 1736 coeli
1138 1692 1210 1736 am-

100 1777 230 1844 bitum
264 1779 516 1857 circumeant,
549 1779 675 1853 deinde,
713 1788 747 1846 ut
770 1780 984 1859 foramina,
1015 1800 1086 1863 per
1108 1800 1210 1862 quae

101 1887 214 1970 ignis
237 1890 396 1953 annulis
421 1890 504 1954 illis
537 1890 716 1954 inclusus
748 1889 795 1953 ad
827 1910 896 1954 nos
923 1889 1103 1972 effulget,
1127 1890 1211 1954 sive

101 1996 255 2061 stellae
277 2005 518 2080 apparentes
542 1999 580 2062 in
603 1999 797 2063 interiore
826 2000 1056 2064 annulorum
1081 2019 1209 2064 curva·

103 2091 194 2170 tura
217 2107 305 2188 sint,
330 2127 381 2184 ea,
405 2128 503 2189 quae
526 2107 640 2173 nobis
663 2107 835 2175 adversa
857 2114 927 2173 est.

211 2215 277 2280 Sed
306 2216 452 2299 deipsis
476 2216 525 2282 bis
559 2217 769 2283 foraminibus
790 2218 888 2282 etiam
920 2219 1029 2299 aliqua
1062 2217 1208 2300 quaestio

103 2330 218 2390 restat.
262 2325 388 2390 Etenim
411 2327 456 2390 illi
479 2328 642 2391 stellarum
667 2327 760 2391 orbes
784 2327 852 2392 sive
875 2326 1105 2408 annuliigncm
1127 2327 1209 2409 ipsis

103 2435 267 2499 inclusum
299 2434 342 2498 ad
364 2454 422 2499 nos
449 2437 594 2500 emittere
617 2435 767 2500 dicuntur
787 2429 860 2498 ‘dud
882 2427 1039 2516 cropiov'
1071 2437 1142 2518 (per
1164 2435 1179 2498 f
1197 2474 1208 2484 -

102 2544 232 2623 tamen)
256 2551 418 2624 tamquam
439 2538 511 2607 ‘dud
536 2545 724 2632 πρηστῆρος
739 2536 863 2608 αὐλοῦ).
907 2545 1015 2609 Verba
1035 2538 1111 2608 ‘ded
1127 2568 1208 2626 πρη-

103 2654 225 2738 στῆρος
247 2642 365 2715 αὐλοῦ1
399 2653 477 2734 quid
503 2654 563 2718 sibi
586 2655 694 2732 velint,
718 2654 823 2720 adhuc
848 2675 868 2717 a
895 2656 1022 2719 nemine
1046 2655 1208 2736 cognitum

104 2768 164 2843 est,
190 2762 336 2844 plerique
360 2769 467 2826 autem
490 2764 594 2846 ipsum
619 2765 808 2848 πρηστῆρος
830 2764 1031 2843 vccabulum,
1055 2764 1206 2845 quoniam

105 2871 260 2936 hocloco
284 2873 414 2950 omnino
437 2893 500 2936 non
529 2879 640 2955 posset
666 2873 833 2956 explicari,
866 2873 1021 2956 suspicati
1044 2878 1118 2936 sunt
1141 2891 1207 2935 cor-

105 2987 234 3064 ruptum
259 3000 340 3046 esse.
385 2979 477 3058 Quod
494 3001 564 3045 cum
582 2988 713 3064 propter
729 3002 886 3046 summam
903 2984 1042 3047 omnium
1064 2983 1207 3046 locorum

105 3089 353 3155 consensionem
375 3089 502 3155 admitti
525 3111 589 3155 non
610 3091 723 3173 possit,
746 3091 852 3157 denuo
875 3090 1053 3157 videndum
1075 3097 1134 3174 est,
1158 3111 1207 3155 ec-

104 3219 170 3281 qua
193 3205 270 3282 apta
303 3200 430 3265 illorum
454 3201 625 3266 verborum
657 3201 833 3284 explicatio
867 3202 919 3266 sit.
963 3201 1001 3264 In
1029 3221 1093 3284 qua
1116 3221 1150 3266 re
1174 3206 1208 3265 ut

103 3333 124 3376 a
148 3314 246 3377 certis
269 3314 368 3378 initiis
392 3313 643 3397 proficiscamur,
676 3315 810 3397 primum
838 3313 900 3377 loci
922 3311 985 3376 buo
1008 3311 1205 3394 pertinentes

103 3429 255 3488 accurate
279 3423 476 3506 inspiciendi
498 3423 725 3504 quaedamque
747 3422 901 3486 orationis
924 3420 1129 3486 differentiae
1152 3439 1206 3484 no·

103 3528 223 3594 taudac
248 3538 329 3594 sunt.

205 3638 317 3720 ltaque
333 3638 535 3722 Plutarchus,
558 3640 727 3714 Stobaeus
750 3637 909 3704 Eusebius
933 3639 970 3702 iis
985 3637 1073 3719 loeis,
1093 3637 1208 3718 quibus

105 3746 145 3811 de
169 3749 245 3832 solis
269 3748 346 3812 orbe
369 3749 552 3830 loquuntur,
585 3747 680 3812 buius
717 3748 804 3812 orbis
836 3752 1039 3810 curvaturam
1072 3738 1208 3826 (ἁψῖδα,
1246 3811 1249 3818 ,

105 3852 330 3938 περιφέρειαν)
362 3856 468 3938 ignem
504 3855 546 3920 ad
576 3876 634 3920 uos
668 3857 813 3920 emittere
836 3855 945 3919 dicunt
976 3846 1046 3916 ‘dud
1068 3851 1207 3933 στομίου

105 3957 218 4044 ὥσπερ
243 3955 739 4052 διὰπρηστῆροςαύλοῦἿ).
763 3963 851 4028 idem
863 3963 1030 4039 Stobaeus,
1055 3961 1095 4027 de
1113 3961 1208 4026 lunae

110 4071 309 4078 -....--..-.-.

206 4113 231 4175 l)
252 4108 321 4162 Vide
345 4109 419 4162 locos
440 4127 524 4176 supra
543 4127 570 4177 p.
591 4112 642 4161 358
662 4113 719 4162 not.
743 4111 754 4160 l
780 4112 809 4162 et
827 4126 853 4176 p.
872 4109 926 4161 459
953 4111 1010 4160 not.
1035 4112 1043 4158 l
1066 4111 1094 4160 et
1112 4108 1138 4173 2,
1157 4107 1207 4159 ubi

105 4206 187 4260 ctiam
210 4206 340 4272 vidimus,
364 4206 393 4258 in
413 4205 526 4270 Stcbaei
546 4206 606 4258 loco
626 4209 689 4273 post
707 4204 887 4274 ‘npqurqqur'
907 4204 1071 4258 vccabulum
1089 4197 1207 4269 ‘rublou',

106 4300 178 4368 quod
204 4300 333 4354 inlibris
352 4300 438 4367 deest,
457 4300 615 4354 addendum
633 4317 700 4354 esse.
