<?xml version="1.0" encoding="UTF-8"?>
<!DOCTYPE html PUBLIC "-//W3C//DTD XHTML 1.0 Transitional//EN"
    "http://www.w3.org/TR/xhtml1/DTD/xhtml1-transitional.dtd">
<html xmlns="http://www.w3.org/1999/xhtml" xml:lang="en" lang="en">
 <head>
  <title>
</title>
<meta http-equiv="Content-Type" content="text/html;charset=utf-8" />
  <meta name='ocr-system' content='tesseract 3.04.00' />
  <meta name='ocr-capabilities' content='ocr_page ocr_carea ocr_par ocr_line ocrx_word'/>
</head>
<body>
  <div class='ocr_page' id='page_1' title='image "./anaximandermile00neuhgoog_0224.png"; bbox 0 0 2850 4904; ppageno 0'>
   <div class='ocr_carea' id='block_1_1' title="bbox 632 360 681 412">
    <p class='ocr_par' dir='ltr' id='par_1_1' title="bbox 632 360 681 412">
     <span class='ocr_line' id='line_1_1' title="bbox 632 360 681 412; baseline 0 -1"><span class='ocrx_word' id='word_1_1' title='bbox 632 360 681 412; x_wconf 80' lang='lat'><strong>199</strong></span> 
     </span>
    </p>
   </div>
   <div class='ocr_carea' id='block_1_2' title="bbox 86 527 1211 3772">
    <p class='ocr_par' dir='ltr' id='par_1_2' title="bbox 86 527 1211 2144">
     <span class='ocr_line' id='line_1_2' title="bbox 194 527 1209 614; baseline 0.007 -22"><span class='ocrx_word' id='word_1_2' title='bbox 194 529 376 611; x_wconf 88' lang='lat' dir='ltr'><strong>Postquam</strong></span> <span class='ocrx_word' id='word_1_3' title='bbox 407 528 551 612; x_wconf 85' lang='lat' dir='ltr'><strong>singulas</strong></span> <span class='ocrx_word' id='word_1_4' title='bbox 584 527 814 613; x_wconf 84' lang='lat' dir='ltr'><strong>disputationis</strong></span> <span class='ocrx_word' id='word_1_5' title='bbox 846 538 953 614; x_wconf 85' lang='lat' dir='ltr'><strong>partes</strong></span> <span class='ocrx_word' id='word_1_6' title='bbox 990 533 1209 614; x_wconf 86' lang='lat' dir='ltr'><strong>exposuimus,</strong></span> 
     </span>
     <span class='ocr_line' id='line_1_3' title="bbox 86 638 1209 724; baseline 0.006 -25"><span class='ocrx_word' id='word_1_7' title='bbox 86 638 154 702; x_wconf 87' lang='lat' dir='ltr'><strong>iam</strong></span> <span class='ocrx_word' id='word_1_8' title='bbox 182 644 284 714; x_wconf 85' lang='lat' dir='ltr'><strong>certo,</strong></span> <span class='ocrx_word' id='word_1_9' title='bbox 313 639 436 721; x_wconf 86' lang='lat' dir='ltr'><strong>opinor,</strong></span> <span class='ocrx_word' id='word_1_10' title='bbox 459 640 578 722; x_wconf 90' lang='lat' dir='ltr'><strong>poterit</strong></span> <span class='ocrx_word' id='word_1_11' title='bbox 601 639 765 722; x_wconf 78' lang='lat' dir='ltr'><strong>cognosci,</strong></span> <span class='ocrx_word' id='word_1_12' title='bbox 789 660 854 722; x_wconf 89' lang='lat' dir='ltr'><strong>qua</strong></span> <span class='ocrx_word' id='word_1_13' title='bbox 874 639 999 706; x_wconf 87' lang='lat' dir='ltr'><strong>ratione</strong></span> <span class='ocrx_word' id='word_1_14' title='bbox 1028 641 1209 724; x_wconf 78' lang='lat' dir='ltr'><strong>Simplicius</strong></span> 
     </span>
     <span class='ocr_line' id='line_1_4' title="bbox 86 747 1209 828; baseline 0.005 -18"><span class='ocrx_word' id='word_1_15' title='bbox 86 747 283 812; x_wconf 84' lang='lat' dir='ltr'><strong>Aristotelis</strong></span> <span class='ocrx_word' id='word_1_16' title='bbox 304 749 410 813; x_wconf 90' lang='lat' dir='ltr'><strong>locum</strong></span> <span class='ocrx_word' id='word_1_17' title='bbox 433 747 640 814; x_wconf 81' lang='lat' dir='ltr'><strong>intellexerit.</strong></span> <span class='ocrx_word' id='word_1_18' title='bbox 683 749 828 814; x_wconf 90' lang='lat' dir='ltr'><strong>Primum</strong></span> <span class='ocrx_word' id='word_1_19' title='bbox 861 749 957 827; x_wconf 80' lang='lat' dir='ltr'><strong>enim,</strong></span> <span class='ocrx_word' id='word_1_20' title='bbox 993 756 1027 814; x_wconf 91' lang='lat' dir='ltr'><strong>ut</strong></span> <span class='ocrx_word' id='word_1_21' title='bbox 1058 748 1209 828; x_wconf 84' lang='lat' dir='ltr'><strong>vidimus,</strong></span> 
     </span>
     <span class='ocr_line' id='line_1_5' title="bbox 86 850 1208 942; baseline 0 -22"><span class='ocrx_word' id='word_1_22' title='bbox 86 854 325 938; x_wconf 84' lang='lat' dir='ltr'><strong>disputationis</strong></span> <span class='ocrx_word' id='word_1_23' title='bbox 351 855 446 922; x_wconf 89' lang='lat' dir='ltr'><strong>initio</strong></span> <span class='ocrx_word' id='word_1_24' title='bbox 467 855 654 922; x_wconf 85' lang='lat' dir='ltr'><strong>Aristotelis</strong></span> <span class='ocrx_word' id='word_1_25' title='bbox 688 859 788 923; x_wconf 87' lang='lat' dir='ltr'><strong>verba</strong></span> <span class='ocrx_word' id='word_1_26' title='bbox 816 851 868 922; x_wconf 71' lang='lat' dir='ltr'><strong>“dv</strong></span> <span class='ocrx_word' id='word_1_27' title='bbox 889 850 1087 942; x_wconf 75' lang='grc' dir='ltr'><strong><em>ποιήσαντες</em></strong></span> <span class='ocrx_word' id='word_1_28' title='bbox 1109 858 1147 922; x_wconf 78' lang='grc' dir='ltr'><strong>τὸ</strong></span> <span class='ocrx_word' id='word_1_29' title='bbox 1171 851 1208 921; x_wconf 78' lang='lat' dir='ltr'><strong>dv</strong></span> 
     </span>
     <span class='ocr_line' id='line_1_6' title="bbox 86 955 1211 1052; baseline 0.005 -24"><span class='ocrx_word' id='word_1_30' title='bbox 86 966 192 1046; x_wconf 81' lang='grc' dir='ltr'><strong><em>σῶμα</em></strong></span> <span class='ocrx_word' id='word_1_31' title='bbox 224 966 264 1030; x_wconf 83' lang='grc' dir='ltr'><strong>τὸ</strong></span> <span class='ocrx_word' id='word_1_32' title='bbox 298 963 404 1042; x_wconf 71' lang='lat' dir='ltr'><strong>daca,</strong></span> <span class='ocrx_word' id='word_1_33' title='bbox 434 957 454 1052; x_wconf 79' lang='grc' dir='ltr'>ἢ</span> <span class='ocrx_word' id='word_1_34' title='bbox 476 965 542 1027; x_wconf 78' lang='grc' dir='ltr'><strong>τῶν</strong></span> <span class='ocrx_word' id='word_1_35' title='bbox 565 967 665 1048; x_wconf 82' lang='grc' dir='ltr'><strong><em>τριῶν</em></strong></span> <span class='ocrx_word' id='word_1_36' title='bbox 687 988 718 1030; x_wconf 83' lang='grc' dir='ltr'><strong><em>τι</em></strong></span> <span class='ocrx_word' id='word_1_37' title='bbox 742 959 762 1050; x_wconf 77' lang='grc' dir='ltr'>ἢ</span> <span class='ocrx_word' id='word_1_38' title='bbox 785 955 883 1030; x_wconf 67' lang='grc' dir='ltr'><strong><em>ἄλλο’</em></strong></span> <span class='ocrx_word' id='word_1_39' title='bbox 915 968 961 1033; x_wconf 86' lang='lat' dir='ltr'><strong>ita</strong></span> <span class='ocrx_word' id='word_1_40' title='bbox 989 967 1140 1051; x_wconf 84' lang='lat' dir='ltr'><strong>explieat,</strong></span> <span class='ocrx_word' id='word_1_41' title='bbox 1176 975 1211 1034; x_wconf 81' lang='lat' dir='ltr'><strong>ut</strong></span> 
     </span>
     <span class='ocr_line' id='line_1_7' title="bbox 88 1074 1209 1160; baseline 0.003 -21"><span class='ocrx_word' id='word_1_42' title='bbox 88 1095 209 1140; x_wconf 92' lang='lat' dir='ltr'><strong>omnes</strong></span> <span class='ocrx_word' id='word_1_43' title='bbox 220 1074 377 1160; x_wconf 88' lang='lat' dir='ltr'><strong>physicos</strong></span> <span class='ocrx_word' id='word_1_44' title='bbox 400 1074 487 1141; x_wconf 88' lang='lat' dir='ltr'><strong>dieat</strong></span> <span class='ocrx_word' id='word_1_45' title='bbox 509 1096 547 1142; x_wconf 91' lang='lat' dir='ltr'><strong>eo</strong></span> <span class='ocrx_word' id='word_1_46' title='bbox 560 1077 751 1158; x_wconf 82' lang='lat' dir='ltr'><strong>consentire,</strong></span> <span class='ocrx_word' id='word_1_47' title='bbox 775 1075 862 1158; x_wconf 91' lang='lat' dir='ltr'><strong>quod</strong></span> <span class='ocrx_word' id='word_1_48' title='bbox 887 1074 921 1140; x_wconf 92' lang='lat' dir='ltr'><strong>id</strong></span> <span class='ocrx_word' id='word_1_49' title='bbox 937 1075 1025 1159; x_wconf 93' lang='lat' dir='ltr'><strong>quod</strong></span> <span class='ocrx_word' id='word_1_50' title='bbox 1048 1083 1209 1143; x_wconf 84' lang='lat' dir='ltr'><strong>estonum</strong></span> 
     </span>
     <span class='ocr_line' id='line_1_8' title="bbox 89 1184 1207 1270; baseline -0.001 -20"><span class='ocrx_word' id='word_1_51' title='bbox 89 1191 122 1250; x_wconf 91' lang='lat' dir='ltr'><strong>et</strong></span> <span class='ocrx_word' id='word_1_52' title='bbox 145 1206 251 1252; x_wconf 90' lang='lat' dir='ltr'><strong>unum</strong></span> <span class='ocrx_word' id='word_1_53' title='bbox 275 1186 407 1268; x_wconf 91' lang='lat' dir='ltr'><strong>quidem</strong></span> <span class='ocrx_word' id='word_1_54' title='bbox 429 1205 545 1270; x_wconf 87' lang='lat' dir='ltr'><strong>eorpus</strong></span> <span class='ocrx_word' id='word_1_55' title='bbox 568 1193 700 1270; x_wconf 83' lang='lat' dir='ltr'><strong>ponant,</strong></span> <span class='ocrx_word' id='word_1_56' title='bbox 721 1206 760 1252; x_wconf 92' lang='lat' dir='ltr'><strong>eo</strong></span> <span class='ocrx_word' id='word_1_57' title='bbox 782 1192 890 1252; x_wconf 91' lang='lat' dir='ltr'><strong>autem</strong></span> <span class='ocrx_word' id='word_1_58' title='bbox 919 1186 1070 1251; x_wconf 88' lang='lat' dir='ltr'><strong>bilariam</strong></span> <span class='ocrx_word' id='word_1_59' title='bbox 1093 1184 1207 1267; x_wconf 90' lang='lat' dir='ltr'><strong>dividi,</strong></span> 
     </span>
     <span class='ocr_line' id='line_1_9' title="bbox 89 1293 1194 1378; baseline 0 -19"><span class='ocrx_word' id='word_1_60' title='bbox 89 1293 181 1377; x_wconf 91' lang='lat' dir='ltr'><strong>quod</strong></span> <span class='ocrx_word' id='word_1_61' title='bbox 208 1295 304 1361; x_wconf 86' lang='lat' dir='ltr'><strong>alteri</strong></span> <span class='ocrx_word' id='word_1_62' title='bbox 327 1295 387 1362; x_wconf 90' lang='lat' dir='ltr'><strong>hoo</strong></span> <span class='ocrx_word' id='word_1_63' title='bbox 409 1315 526 1378; x_wconf 89' lang='lat' dir='ltr'><strong>corpus</strong></span> <span class='ocrx_word' id='word_1_64' title='bbox 548 1316 647 1361; x_wconf 93' lang='lat' dir='ltr'><strong>unum</strong></span> <span class='ocrx_word' id='word_1_65' title='bbox 670 1316 688 1361; x_wconf 89' lang='lat' dir='ltr'><strong>e</strong></span> <span class='ocrx_word' id='word_1_66' title='bbox 709 1297 809 1362; x_wconf 89' lang='lat' dir='ltr'><strong>tribus</strong></span> <span class='ocrx_word' id='word_1_67' title='bbox 825 1296 1006 1374; x_wconf 90' lang='lat' dir='ltr'><strong>elementis,</strong></span> <span class='ocrx_word' id='word_1_68' title='bbox 1031 1294 1124 1358; x_wconf 89' lang='lat' dir='ltr'><strong>alteri</strong></span> <span class='ocrx_word' id='word_1_69' title='bbox 1140 1315 1194 1360; x_wconf 90' lang='lat' dir='ltr'><strong>cor</strong></span> 
     </span>
     <span class='ocr_line' id='line_1_10' title="bbox 90 1402 1207 1488; baseline -0.002 -17"><span class='ocrx_word' id='word_1_70' title='bbox 90 1423 154 1486; x_wconf 89' lang='lat' dir='ltr'><strong>pus</strong></span> <span class='ocrx_word' id='word_1_71' title='bbox 178 1402 347 1488; x_wconf 87' lang='lat' dir='ltr'><strong>quoddam</strong></span> <span class='ocrx_word' id='word_1_72' title='bbox 368 1407 451 1472; x_wconf 88' lang='lat' dir='ltr'><strong>inter</strong></span> <span class='ocrx_word' id='word_1_73' title='bbox 478 1426 587 1472; x_wconf 89' lang='lat' dir='ltr'><strong>aerem</strong></span> <span class='ocrx_word' id='word_1_74' title='bbox 621 1412 653 1471; x_wconf 92' lang='lat' dir='ltr'><strong>et</strong></span> <span class='ocrx_word' id='word_1_75' title='bbox 686 1406 794 1488; x_wconf 84' lang='lat' dir='ltr'><strong>ignem</strong></span> <span class='ocrx_word' id='word_1_76' title='bbox 823 1405 965 1471; x_wconf 89' lang='lat' dir='ltr'><strong>medium</strong></span> <span class='ocrx_word' id='word_1_77' title='bbox 994 1424 1066 1470; x_wconf 88' lang='lat' dir='ltr'><strong>esse</strong></span> <span class='ocrx_word' id='word_1_78' title='bbox 1092 1403 1207 1478; x_wconf 81' lang='lat' dir='ltr'><strong>velint3</strong></span> 
     </span>
     <span class='ocr_line' id='line_1_11' title="bbox 90 1512 1208 1596; baseline 0.002 -20"><span class='ocrx_word' id='word_1_79' title='bbox 90 1519 192 1596; x_wconf 89' lang='lat' dir='ltr'><strong>atque</strong></span> <span class='ocrx_word' id='word_1_80' title='bbox 216 1512 292 1578; x_wconf 90' lang='lat' dir='ltr'><strong>inde</strong></span> <span class='ocrx_word' id='word_1_81' title='bbox 314 1515 467 1596; x_wconf 90' lang='lat' dir='ltr'><strong>seqnitur,</strong></span> <span class='ocrx_word' id='word_1_82' title='bbox 495 1519 530 1580; x_wconf 91' lang='lat' dir='ltr'><strong>ut</strong></span> <span class='ocrx_word' id='word_1_83' title='bbox 554 1513 662 1580; x_wconf 90' lang='lat' dir='ltr'><strong>verbis</strong></span> <span class='ocrx_word' id='word_1_84' title='bbox 684 1514 747 1579; x_wconf 91' lang='lat' dir='ltr'><strong>illis</strong></span> <span class='ocrx_word' id='word_1_85' title='bbox 775 1535 837 1580; x_wconf 92' lang='lat' dir='ltr'><strong>non</strong></span> <span class='ocrx_word' id='word_1_86' title='bbox 865 1513 1083 1580; x_wconf 85' lang='lat' dir='ltr'><strong>differentiam</strong></span> <span class='ocrx_word' id='word_1_87' title='bbox 1106 1533 1208 1595; x_wconf 90' lang='lat' dir='ltr'><strong>quan-</strong></span> 
     </span>
     <span class='ocr_line' id='line_1_12' title="bbox 91 1621 1207 1708; baseline -0.001 -20"><span class='ocrx_word' id='word_1_88' title='bbox 91 1621 170 1688; x_wconf 87' lang='lat' dir='ltr'><strong>dam</strong></span> <span class='ocrx_word' id='word_1_89' title='bbox 215 1623 394 1707; x_wconf 87' lang='lat' dir='ltr'><strong>significari</strong></span> <span class='ocrx_word' id='word_1_90' title='bbox 427 1629 518 1706; x_wconf 91' lang='lat' dir='ltr'><strong>putet</strong></span> <span class='ocrx_word' id='word_1_91' title='bbox 551 1625 712 1707; x_wconf 84' lang='lat' dir='ltr'><strong>prioribus</strong></span> <span class='ocrx_word' id='word_1_92' title='bbox 755 1623 899 1708; x_wconf 86' lang='lat' dir='ltr'><strong>physicis</strong></span> <span class='ocrx_word' id='word_1_93' title='bbox 936 1623 1111 1707; x_wconf 89' lang='lat' dir='ltr'><strong>propriam,</strong></span> <span class='ocrx_word' id='word_1_94' title='bbox 1149 1622 1207 1688; x_wconf 88' lang='lat' dir='ltr'><strong>sed</strong></span> 
     </span>
     <span class='ocr_line' id='line_1_13' title="bbox 93 1728 1208 1817; baseline 0 -21"><span class='ocrx_word' id='word_1_95' title='bbox 93 1732 279 1798; x_wconf 81' lang='lat' dir='ltr'><strong>doctrinam</strong></span> <span class='ocrx_word' id='word_1_96' title='bbox 304 1733 452 1799; x_wconf 88' lang='lat' dir='ltr'><strong>omnibus</strong></span> <span class='ocrx_word' id='word_1_97' title='bbox 468 1733 616 1817; x_wconf 86' lang='lat' dir='ltr'><strong>physicis</strong></span> <span class='ocrx_word' id='word_1_98' title='bbox 639 1753 838 1800; x_wconf 87' lang='lat' dir='ltr'><strong>communem</strong></span> <span class='ocrx_word' id='word_1_99' title='bbox 858 1732 1032 1816; x_wconf 90' lang='lat' dir='ltr'><strong>statimque</strong></span> <span class='ocrx_word' id='word_1_100' title='bbox 1054 1752 1111 1816; x_wconf 89' lang='lat' dir='ltr'><strong>per</strong></span> <span class='ocrx_word' id='word_1_101' title='bbox 1126 1728 1208 1797; x_wconf 89' lang='lat' dir='ltr'><strong>duas</strong></span> 
     </span>
     <span class='ocr_line' id='line_1_14' title="bbox 93 1831 1208 1925; baseline 0 -21"><span class='ocrx_word' id='word_1_102' title='bbox 93 1839 203 1924; x_wconf 88' lang='lat' dir='ltr'><strong>ipsius</strong></span> <span class='ocrx_word' id='word_1_103' title='bbox 226 1841 354 1924; x_wconf 88' lang='lat' dir='ltr'><strong>species</strong></span> <span class='ocrx_word' id='word_1_104' title='bbox 378 1831 582 1924; x_wconf 83' lang='lat' dir='ltr'><strong>explicatam.</strong></span> <span class='ocrx_word' id='word_1_105' title='bbox 625 1843 739 1923; x_wconf 90' lang='lat' dir='ltr'><strong>ltaque</strong></span> <span class='ocrx_word' id='word_1_106' title='bbox 768 1840 829 1906; x_wconf 88' lang='lat' dir='ltr'><strong>hae</strong></span> <span class='ocrx_word' id='word_1_107' title='bbox 860 1849 947 1907; x_wconf 88' lang='lat' dir='ltr'><strong>certe</strong></span> <span class='ocrx_word' id='word_1_108' title='bbox 976 1839 1208 1925; x_wconf 84' lang='lat' dir='ltr'><strong>disputationis</strong></span> 
     </span>
     <span class='ocr_line' id='line_1_15' title="bbox 96 1950 1206 2034; baseline 0.001 -22"><span class='ocrx_word' id='word_1_109' title='bbox 96 1956 190 2031; x_wconf 87' lang='lat' dir='ltr'><strong>parte</strong></span> <span class='ocrx_word' id='word_1_110' title='bbox 220 1969 293 2015; x_wconf 89' lang='lat' dir='ltr'><strong>eam</strong></span> <span class='ocrx_word' id='word_1_111' title='bbox 326 1951 424 2016; x_wconf 90' lang='lat' dir='ltr'><strong>sumit</strong></span> <span class='ocrx_word' id='word_1_112' title='bbox 447 1969 518 2016; x_wconf 87' lang='lat' dir='ltr'><strong>esse</strong></span> <span class='ocrx_word' id='word_1_113' title='bbox 551 1950 614 2016; x_wconf 91' lang='lat' dir='ltr'><strong>loci</strong></span> <span class='ocrx_word' id='word_1_114' title='bbox 638 1950 796 2018; x_wconf 88' lang='lat' dir='ltr'><strong>rationem</strong></span> <span class='ocrx_word' id='word_1_115' title='bbox 821 1950 1076 2034; x_wconf 84' lang='lat' dir='ltr'><strong>grammaticam,</strong></span> <span class='ocrx_word' id='word_1_116' title='bbox 1109 1969 1206 2034; x_wconf 91' lang='lat' dir='ltr'><strong>quam</strong></span> 
     </span>
     <span class='ocr_line' id='line_1_16' title="bbox 96 2057 527 2144; baseline 0.005 -23"><span class='ocrx_word' id='word_1_117' title='bbox 96 2057 162 2141; x_wconf 90' lang='lat' dir='ltr'><strong>ipsi</strong></span> <span class='ocrx_word' id='word_1_118' title='bbox 186 2065 287 2125; x_wconf 89' lang='lat' dir='ltr'><strong>antea</strong></span> <span class='ocrx_word' id='word_1_119' title='bbox 309 2059 527 2144; x_wconf 89' lang='lat' dir='ltr'><strong>probavimus.</strong></span> 
     </span>
    </p>

    <p class='ocr_par' dir='ltr' id='par_1_3' title="bbox 96 2168 1208 3772">
     <span class='ocr_line' id='line_1_17' title="bbox 199 2168 1206 2252; baseline 0.001 -19"><span class='ocrx_word' id='word_1_120' title='bbox 199 2168 266 2234; x_wconf 85' lang='lat' dir='ltr'><strong>Sed</strong></span> <span class='ocrx_word' id='word_1_121' title='bbox 288 2189 373 2235; x_wconf 90' lang='lat' dir='ltr'><strong>nuno</strong></span> <span class='ocrx_word' id='word_1_122' title='bbox 395 2170 572 2251; x_wconf 88' lang='lat' dir='ltr'><strong>quaeritur,</strong></span> <span class='ocrx_word' id='word_1_123' title='bbox 596 2189 676 2252; x_wconf 91' lang='lat' dir='ltr'><strong>quos</strong></span> <span class='ocrx_word' id='word_1_124' title='bbox 698 2169 909 2252; x_wconf 90' lang='lat' dir='ltr'><strong>philosophos</strong></span> <span class='ocrx_word' id='word_1_125' title='bbox 932 2169 975 2234; x_wconf 89' lang='lat' dir='ltr'><strong>ad</strong></span> <span class='ocrx_word' id='word_1_126' title='bbox 997 2189 1093 2234; x_wconf 88' lang='lat' dir='ltr'><strong>unam</strong></span> <span class='ocrx_word' id='word_1_127' title='bbox 1114 2188 1206 2250; x_wconf 91' lang='lat' dir='ltr'><strong>quos-</strong></span> 
     </span>
     <span class='ocr_line' id='line_1_18' title="bbox 96 2276 1205 2364; baseline 0.002 -22"><span class='ocrx_word' id='word_1_128' title='bbox 96 2295 158 2358; x_wconf 91' lang='lat' dir='ltr'><strong>que</strong></span> <span class='ocrx_word' id='word_1_129' title='bbox 182 2276 226 2343; x_wconf 87' lang='lat' dir='ltr'><strong>ad</strong></span> <span class='ocrx_word' id='word_1_130' title='bbox 248 2279 383 2344; x_wconf 87' lang='lat' dir='ltr'><strong>alteram</strong></span> <span class='ocrx_word' id='word_1_131' title='bbox 406 2277 542 2344; x_wconf 88' lang='lat' dir='ltr'><strong>duarum</strong></span> <span class='ocrx_word' id='word_1_132' title='bbox 571 2279 697 2344; x_wconf 88' lang='lat' dir='ltr'><strong>illarum</strong></span> <span class='ocrx_word' id='word_1_133' title='bbox 731 2279 871 2364; x_wconf 89' lang='lat' dir='ltr'><strong>partium</strong></span> <span class='ocrx_word' id='word_1_134' title='bbox 905 2278 1068 2362; x_wconf 88' lang='lat' dir='ltr'><strong>pertinere</strong></span> <span class='ocrx_word' id='word_1_135' title='bbox 1100 2283 1205 2360; x_wconf 79' lang='lat' dir='ltr'><strong>putet3</strong></span> 
     </span>
     <span class='ocr_line' id='line_1_19' title="bbox 99 2382 1207 2471; baseline 0.001 -22"><span class='ocrx_word' id='word_1_136' title='bbox 99 2382 132 2449; x_wconf 91' lang='lat' dir='ltr'><strong>id</strong></span> <span class='ocrx_word' id='word_1_137' title='bbox 156 2383 245 2467; x_wconf 89' lang='lat' dir='ltr'><strong>quod</strong></span> <span class='ocrx_word' id='word_1_138' title='bbox 268 2405 308 2450; x_wconf 86' lang='lat' dir='ltr'><strong>ex</strong></span> <span class='ocrx_word' id='word_1_139' title='bbox 330 2387 403 2469; x_wconf 88' lang='lat' dir='ltr'><strong>ipsa</strong></span> <span class='ocrx_word' id='word_1_140' title='bbox 429 2387 497 2452; x_wconf 90' lang='lat' dir='ltr'><strong>eius</strong></span> <span class='ocrx_word' id='word_1_141' title='bbox 524 2385 742 2471; x_wconf 89' lang='lat' dir='ltr'><strong>disputatione</strong></span> <span class='ocrx_word' id='word_1_142' title='bbox 778 2385 839 2452; x_wconf 90' lang='lat' dir='ltr'><strong>hoc</strong></span> <span class='ocrx_word' id='word_1_143' title='bbox 869 2385 963 2452; x_wconf 93' lang='lat' dir='ltr'><strong>modo</strong></span> <span class='ocrx_word' id='word_1_144' title='bbox 995 2386 1207 2469; x_wconf 85' lang='lat' dir='ltr'><strong>cognoscitur.</strong></span> 
     </span>
     <span class='ocr_line' id='line_1_20' title="bbox 98 2493 1207 2580; baseline 0.004 -24"><span class='ocrx_word' id='word_1_145' title='bbox 98 2493 231 2560; x_wconf 85' lang='lat' dir='ltr'><strong>Praeter</strong></span> <span class='ocrx_word' id='word_1_146' title='bbox 254 2493 446 2560; x_wconf 88' lang='lat' dir='ltr'><strong>divisionem</strong></span> <span class='ocrx_word' id='word_1_147' title='bbox 461 2493 668 2578; x_wconf 87' lang='lat' dir='ltr'><strong>physicorum</strong></span> <span class='ocrx_word' id='word_1_148' title='bbox 690 2495 786 2560; x_wconf 91' lang='lat' dir='ltr'><strong>modo</strong></span> <span class='ocrx_word' id='word_1_149' title='bbox 809 2497 1009 2580; x_wconf 87' lang='lat' dir='ltr'><strong>propositam</strong></span> <span class='ocrx_word' id='word_1_150' title='bbox 1021 2495 1207 2578; x_wconf 84' lang='lat' dir='ltr'><strong>Simplicius</strong></span> 
     </span>
     <span class='ocr_line' id='line_1_21' title="bbox 97 2599 1207 2688; baseline 0.004 -22"><span class='ocrx_word' id='word_1_151' title='bbox 97 2599 206 2668; x_wconf 86' lang='lat' dir='ltr'><strong>adfert</strong></span> <span class='ocrx_word' id='word_1_152' title='bbox 233 2602 331 2667; x_wconf 89' lang='lat' dir='ltr'><strong>etiam</strong></span> <span class='ocrx_word' id='word_1_153' title='bbox 348 2604 497 2686; x_wconf 87' lang='lat' dir='ltr'><strong>alteram;</strong></span> <span class='ocrx_word' id='word_1_154' title='bbox 520 2607 615 2670; x_wconf 89' lang='lat' dir='ltr'><strong>tertia</strong></span> <span class='ocrx_word' id='word_1_155' title='bbox 637 2605 723 2670; x_wconf 91' lang='lat' dir='ltr'><strong>enim</strong></span> <span class='ocrx_word' id='word_1_156' title='bbox 738 2604 969 2688; x_wconf 89' lang='lat' dir='ltr'><strong>disputationis</strong></span> <span class='ocrx_word' id='word_1_157' title='bbox 990 2612 1081 2688; x_wconf 86' lang='lat' dir='ltr'><strong>parte</strong></span> <span class='ocrx_word' id='word_1_158' title='bbox 1097 2624 1207 2670; x_wconf 87' lang='lat' dir='ltr'><strong>omnes</strong></span> 
     </span>
     <span class='ocr_line' id='line_1_22' title="bbox 100 2712 1207 2797; baseline 0 -21"><span class='ocrx_word' id='word_1_159' title='bbox 100 2712 252 2796; x_wconf 88' lang='lat' dir='ltr'><strong>physicos</strong></span> <span class='ocrx_word' id='word_1_160' title='bbox 277 2715 322 2778; x_wconf 89' lang='lat' dir='ltr'><strong>ait</strong></span> <span class='ocrx_word' id='word_1_161' title='bbox 344 2733 381 2778; x_wconf 92' lang='lat' dir='ltr'><strong>eo</strong></span> <span class='ocrx_word' id='word_1_162' title='bbox 407 2713 599 2792; x_wconf 80' lang='lat' dir='ltr'><strong>consentire,</strong></span> <span class='ocrx_word' id='word_1_163' title='bbox 623 2714 709 2796; x_wconf 88' lang='lat' dir='ltr'><strong>quod</strong></span> <span class='ocrx_word' id='word_1_164' title='bbox 734 2713 867 2797; x_wconf 91' lang='lat' dir='ltr'><strong>idquod</strong></span> <span class='ocrx_word' id='word_1_165' title='bbox 890 2720 1094 2778; x_wconf 89' lang='lat' dir='ltr'><strong>estunnmet</strong></span> <span class='ocrx_word' id='word_1_166' title='bbox 1109 2733 1207 2779; x_wconf 90' lang='lat' dir='ltr'><strong>unum</strong></span> 
     </span>
     <span class='ocr_line' id='line_1_23' title="bbox 101 2820 1207 2907; baseline 0 -22"><span class='ocrx_word' id='word_1_167' title='bbox 101 2821 230 2902; x_wconf 88' lang='lat' dir='ltr'><strong>quidem</strong></span> <span class='ocrx_word' id='word_1_168' title='bbox 255 2842 372 2906; x_wconf 88' lang='lat' dir='ltr'><strong>corpus</strong></span> <span class='ocrx_word' id='word_1_169' title='bbox 395 2830 527 2907; x_wconf 80' lang='lat' dir='ltr'><strong>ponant,</strong></span> <span class='ocrx_word' id='word_1_170' title='bbox 550 2830 712 2888; x_wconf 51' lang='lat' dir='ltr'><strong>eo‘autem</strong></span> <span class='ocrx_word' id='word_1_171' title='bbox 725 2822 876 2888; x_wconf 83' lang='lat' dir='ltr'><strong>bifariam</strong></span> <span class='ocrx_word' id='word_1_172' title='bbox 892 2821 994 2888; x_wconf 92' lang='lat' dir='ltr'><strong>dividi</strong></span> <span class='ocrx_word' id='word_1_173' title='bbox 1015 2820 1101 2906; x_wconf 91' lang='lat' dir='ltr'><strong>quod</strong></span> <span class='ocrx_word' id='word_1_174' title='bbox 1114 2823 1207 2886; x_wconf 84' lang='lat' dir='ltr'><strong>alteri</strong></span> 
     </span>
     <span class='ocr_line' id='line_1_24' title="bbox 101 2930 1207 3010; baseline -0.001 -14"><span class='ocrx_word' id='word_1_175' title='bbox 101 2951 139 2996; x_wconf 83' lang='lat' dir='ltr'><strong>ex</strong></span> <span class='ocrx_word' id='word_1_176' title='bbox 150 2931 212 2998; x_wconf 91' lang='lat' dir='ltr'><strong>hoc</strong></span> <span class='ocrx_word' id='word_1_177' title='bbox 224 2953 289 2998; x_wconf 90' lang='lat' dir='ltr'><strong>uno</strong></span> <span class='ocrx_word' id='word_1_178' title='bbox 302 2952 408 2999; x_wconf 90' lang='lat' dir='ltr'><strong>rernm</strong></span> <span class='ocrx_word' id='word_1_179' title='bbox 420 2932 659 2998; x_wconf 90' lang='lat' dir='ltr'><strong>multitudinem</strong></span> <span class='ocrx_word' id='word_1_180' title='bbox 673 2932 923 2999; x_wconf 88' lang='lat' dir='ltr'><strong>condensatione</strong></span> <span class='ocrx_word' id='word_1_181' title='bbox 940 2937 971 2996; x_wconf 91' lang='lat' dir='ltr'><strong>et</strong></span> <span class='ocrx_word' id='word_1_182' title='bbox 985 2930 1207 3010; x_wconf 71' lang='lat' dir='ltr'><strong>rarefactum,</strong></span> 
     </span>
     <span class='ocr_line' id='line_1_25' title="bbox 102 3039 1208 3126; baseline 0.002 -24"><span class='ocrx_word' id='word_1_183' title='bbox 102 3039 191 3104; x_wconf 89' lang='lat' dir='ltr'><strong>alteri</strong></span> <span class='ocrx_word' id='word_1_184' title='bbox 228 3043 461 3107; x_wconf 89' lang='lat' dir='ltr'><strong>contrariorum</strong></span> <span class='ocrx_word' id='word_1_185' title='bbox 493 3042 674 3108; x_wconf 87' lang='lat' dir='ltr'><strong>secretione</strong></span> <span class='ocrx_word' id='word_1_186' title='bbox 707 3047 870 3126; x_wconf 83' lang='lat' dir='ltr'><strong>generent.</strong></span> <span class='ocrx_word' id='word_1_187' title='bbox 927 3041 1016 3106; x_wconf 90' lang='lat' dir='ltr'><strong>Haec</strong></span> <span class='ocrx_word' id='word_1_188' title='bbox 1049 3040 1208 3124; x_wconf 87' lang='lat' dir='ltr'><strong>posterior</strong></span> 
     </span>
     <span class='ocr_line' id='line_1_26' title="bbox 102 3145 1205 3234; baseline 0.001 -25"><span class='ocrx_word' id='word_1_189' title='bbox 102 3145 219 3215; x_wconf 89' lang='lat' dir='ltr'><strong>divisio</strong></span> <span class='ocrx_word' id='word_1_190' title='bbox 243 3151 271 3214; x_wconf 86' lang='lat' dir='ltr'><strong>si</strong></span> <span class='ocrx_word' id='word_1_191' title='bbox 298 3171 369 3216; x_wconf 89' lang='lat' dir='ltr'><strong>cum</strong></span> <span class='ocrx_word' id='word_1_192' title='bbox 400 3151 508 3234; x_wconf 90' lang='lat' dir='ltr'><strong>priore</strong></span> <span class='ocrx_word' id='word_1_193' title='bbox 532 3150 746 3234; x_wconf 82' lang='lat' dir='ltr'><strong>coniungitur,</strong></span> <span class='ocrx_word' id='word_1_194' title='bbox 779 3154 835 3214; x_wconf 91' lang='lat' dir='ltr'><strong>aut</strong></span> <span class='ocrx_word' id='word_1_195' title='bbox 867 3155 955 3214; x_wconf 88' lang='lat' dir='ltr'><strong>secat</strong></span> <span class='ocrx_word' id='word_1_196' title='bbox 983 3149 1100 3233; x_wconf 91' lang='lat' dir='ltr'><strong>prioris</strong></span> <span class='ocrx_word' id='word_1_197' title='bbox 1124 3146 1205 3211; x_wconf 91' lang='lat' dir='ltr'><strong>divi-</strong></span> 
     </span>
     <span class='ocr_line' id='line_1_27' title="bbox 103 3255 1206 3342; baseline 0.001 -22"><span class='ocrx_word' id='word_1_198' title='bbox 103 3256 200 3324; x_wconf 89' lang='lat' dir='ltr'><strong>sionis</strong></span> <span class='ocrx_word' id='word_1_199' title='bbox 224 3264 343 3342; x_wconf 88' lang='lat' dir='ltr'><strong>partes‚</strong></span> <span class='ocrx_word' id='word_1_200' title='bbox 368 3259 413 3324; x_wconf 89' lang='lat' dir='ltr'><strong>ita</strong></span> <span class='ocrx_word' id='word_1_201' title='bbox 435 3265 469 3324; x_wconf 92' lang='lat' dir='ltr'><strong>ut</strong></span> <span class='ocrx_word' id='word_1_202' title='bbox 494 3260 607 3326; x_wconf 88' lang='lat' dir='ltr'><strong>harum</strong></span> <span class='ocrx_word' id='word_1_203' title='bbox 618 3265 756 3342; x_wconf 88' lang='lat' dir='ltr'><strong>utraque</strong></span> <span class='ocrx_word' id='word_1_204' title='bbox 779 3258 813 3323; x_wconf 90' lang='lat' dir='ltr'><strong>in</strong></span> <span class='ocrx_word' id='word_1_205' title='bbox 836 3260 917 3326; x_wconf 88' lang='lat' dir='ltr'><strong>duas</strong></span> <span class='ocrx_word' id='word_1_206' title='bbox 932 3265 1040 3342; x_wconf 88' lang='lat' dir='ltr'><strong>partes</strong></span> <span class='ocrx_word' id='word_1_207' title='bbox 1063 3255 1206 3322; x_wconf 89' lang='lat' dir='ltr'><strong>subdivi-</strong></span> 
     </span>
     <span class='ocr_line' id='line_1_28' title="bbox 103 3363 1206 3452; baseline -0.001 -21"><span class='ocrx_word' id='word_1_208' title='bbox 103 3363 203 3449; x_wconf 83' lang='lat' dir='ltr'><strong>datur,</strong></span> <span class='ocrx_word' id='word_1_209' title='bbox 228 3374 285 3432; x_wconf 88' lang='lat' dir='ltr'><strong>aut</strong></span> <span class='ocrx_word' id='word_1_210' title='bbox 308 3369 342 3432; x_wconf 92' lang='lat' dir='ltr'><strong>in</strong></span> <span class='ocrx_word' id='word_1_211' title='bbox 354 3368 488 3434; x_wconf 88' lang='lat' dir='ltr'><strong>easdem</strong></span> <span class='ocrx_word' id='word_1_212' title='bbox 510 3375 608 3450; x_wconf 88' lang='lat' dir='ltr'><strong>atque</strong></span> <span class='ocrx_word' id='word_1_213' title='bbox 625 3368 712 3452; x_wconf 90' lang='lat' dir='ltr'><strong>prior</strong></span> <span class='ocrx_word' id='word_1_214' title='bbox 727 3378 836 3451; x_wconf 88' lang='lat' dir='ltr'><strong>partes</strong></span> <span class='ocrx_word' id='word_1_215' title='bbox 852 3366 976 3434; x_wconf 88' lang='lat' dir='ltr'><strong>incidit.</strong></span> <span class='ocrx_word' id='word_1_216' title='bbox 1006 3366 1043 3432; x_wconf 81' lang='lat' dir='ltr'><strong>si</strong></span> <span class='ocrx_word' id='word_1_217' title='bbox 1058 3365 1206 3446; x_wconf 89' lang='lat' dir='ltr'><strong>ponimus</strong></span> 
     </span>
     <span class='ocr_line' id='line_1_29' title="bbox 104 3476 1206 3559; baseline 0.002 -21"><span class='ocrx_word' id='word_1_218' title='bbox 104 3493 220 3556; x_wconf 85' lang='lat' dir='ltr'><strong>secare,</strong></span> <span class='ocrx_word' id='word_1_219' title='bbox 244 3483 277 3542; x_wconf 90' lang='lat' dir='ltr'><strong>et</strong></span> <span class='ocrx_word' id='word_1_220' title='bbox 299 3496 418 3559; x_wconf 88' lang='lat' dir='ltr'><strong>eorum,</strong></span> <span class='ocrx_word' id='word_1_221' title='bbox 452 3478 508 3559; x_wconf 91' lang='lat' dir='ltr'><strong>qui</strong></span> <span class='ocrx_word' id='word_1_222' title='bbox 536 3497 634 3542; x_wconf 90' lang='lat' dir='ltr'><strong>unum</strong></span> <span class='ocrx_word' id='word_1_223' title='bbox 661 3497 702 3543; x_wconf 86' lang='lat' dir='ltr'><strong>ex</strong></span> <span class='ocrx_word' id='word_1_224' title='bbox 729 3478 903 3556; x_wconf 87' lang='lat' dir='ltr'><strong>elementis,</strong></span> <span class='ocrx_word' id='word_1_225' title='bbox 940 3483 1116 3558; x_wconf 88' lang='lat' dir='ltr'><strong>eteorum,</strong></span> <span class='ocrx_word' id='word_1_226' title='bbox 1150 3476 1206 3557; x_wconf 90' lang='lat' dir='ltr'><strong>qui</strong></span> 
     </span>
     <span class='ocr_line' id='line_1_30' title="bbox 104 3584 1207 3670; baseline 0.001 -23"><span class='ocrx_word' id='word_1_227' title='bbox 104 3602 214 3667; x_wconf 89' lang='lat' dir='ltr'><strong>corpus</strong></span> <span class='ocrx_word' id='word_1_228' title='bbox 249 3584 412 3670; x_wconf 90' lang='lat' dir='ltr'><strong>quoddam</strong></span> <span class='ocrx_word' id='word_1_229' title='bbox 434 3585 577 3652; x_wconf 89' lang='lat' dir='ltr'><strong>medium</strong></span> <span class='ocrx_word' id='word_1_230' title='bbox 599 3595 730 3670; x_wconf 84' lang='lat' dir='ltr'><strong>ponant,</strong></span> <span class='ocrx_word' id='word_1_231' title='bbox 762 3588 855 3653; x_wconf 88' lang='lat' dir='ltr'><strong>alteri</strong></span> <span class='ocrx_word' id='word_1_232' title='bbox 888 3586 1140 3652; x_wconf 88' lang='lat' dir='ltr'><strong>condensatione</strong></span> <span class='ocrx_word' id='word_1_233' title='bbox 1175 3591 1207 3652; x_wconf 89' lang='lat' dir='ltr'><strong>et</strong></span> 
     </span>
     <span class='ocr_line' id='line_1_31' title="bbox 105 3695 1207 3772; baseline 0.004 -18"><span class='ocrx_word' id='word_1_234' title='bbox 105 3696 325 3772; x_wconf 87' lang='lat' dir='ltr'><strong>rarefactione,</strong></span> <span class='ocrx_word' id='word_1_235' title='bbox 358 3696 452 3762; x_wconf 90' lang='lat' dir='ltr'><strong>alteri</strong></span> <span class='ocrx_word' id='word_1_236' title='bbox 479 3697 711 3762; x_wconf 88' lang='lat' dir='ltr'><strong>contrariorum</strong></span> <span class='ocrx_word' id='word_1_237' title='bbox 747 3696 927 3762; x_wconf 89' lang='lat' dir='ltr'><strong>secretione</strong></span> <span class='ocrx_word' id='word_1_238' title='bbox 960 3697 1007 3762; x_wconf 89' lang='lat' dir='ltr'><strong>uti</strong></span> <span class='ocrx_word' id='word_1_239' title='bbox 1041 3695 1207 3767; x_wconf 70' lang='lat' dir='ltr'><strong>dicuntum</strong></span> 
     </span>
    </p>
   </div>
   <div class='ocr_carea' id='block_1_3' title="bbox 112 3866 301 3876">
    <p class='ocr_par' dir='ltr' id='par_1_4' title="bbox 112 3866 301 3876">
     <span class='ocr_line' id='line_1_32' title="bbox 112 3866 301 3876; baseline 0 0"><span class='ocrx_word' id='word_1_240' title='bbox 112 3866 239 3876; x_wconf 44' lang='grc' dir='ltr'><strong>-Φο--ωιο-</strong></span> <span class='ocrx_word' id='word_1_241' title='bbox 247 3869 301 3876; x_wconf 66' lang='grc' dir='ltr'><strong>-η-ι</strong></span> 
     </span>
    </p>
   </div>
   <div class='ocr_carea' id='block_1_4' title="bbox 105 3953 1242 4320">
    <p class='ocr_par' dir='ltr' id='par_1_5' title="bbox 105 3953 1242 4320">
     <span class='ocr_line' id='line_1_33' title="bbox 105 3953 1208 4032; baseline 0.002 -20"><span class='ocrx_word' id='word_1_242' title='bbox 105 3958 148 4021; x_wconf 73' lang='grc' dir='ltr'><strong>τὰς</strong></span> <span class='ocrx_word' id='word_1_243' title='bbox 163 3953 285 4032; x_wconf 76' lang='grc' dir='ltr'><strong><em>γενέόεις</em></strong></span> <span class='ocrx_word' id='word_1_244' title='bbox 303 3958 498 4032; x_wconf 70' lang='grc' dir='ltr'><strong>ἀποδιδόασιν,</strong></span> <span class='ocrx_word' id='word_1_245' title='bbox 518 3960 585 4015; x_wconf 77' lang='grc' dir='ltr'><strong>ἀλλὰ</strong></span> <span class='ocrx_word' id='word_1_246' title='bbox 605 3960 673 4016; x_wconf 78' lang='grc' dir='ltr'><strong><em>κατὰ</em></strong></span> <span class='ocrx_word' id='word_1_247' title='bbox 692 3965 825 4032; x_wconf 77' lang='grc' dir='ltr'><strong><em>ἔκκρισιν·</em></strong></span> <span class='ocrx_word' id='word_1_248' title='bbox 853 3959 968 4021; x_wconf 76' lang='grc' dir='ltr'><strong><em>ἐνούσας</em></strong></span> <span class='ocrx_word' id='word_1_249' title='bbox 985 3959 1038 4031; x_wconf 75' lang='grc' dir='ltr'><strong>γὰρ</strong></span> <span class='ocrx_word' id='word_1_250' title='bbox 1062 3958 1109 4020; x_wconf 76' lang='grc' dir='ltr'><strong>τὰς</strong></span> <span class='ocrx_word' id='word_1_251' title='bbox 1128 3962 1208 4014; x_wconf 73' lang='grc' dir='ltr'><strong><em>ἔναν-</em></strong></span> 
     </span>
     <span class='ocr_line' id='line_1_34' title="bbox 106 4053 1242 4131; baseline 0.002 -21"><span class='ocrx_word' id='word_1_252' title='bbox 106 4056 220 4126; x_wconf 81' lang='grc' dir='ltr'><strong><em>τιότητας</em></strong></span> <span class='ocrx_word' id='word_1_253' title='bbox 238 4062 268 4114; x_wconf 75' lang='grc' dir='ltr'><strong>ἰν</strong></span> <span class='ocrx_word' id='word_1_254' title='bbox 286 4061 324 4129; x_wconf 78' lang='grc' dir='ltr'><strong>τῷ</strong></span> <span class='ocrx_word' id='word_1_255' title='bbox 342 4059 514 4131; x_wconf 80' lang='grc' dir='ltr'><strong><em>ὑποκειμένῳ</em></strong></span> <span class='ocrx_word' id='word_1_256' title='bbox 537 4057 650 4130; x_wconf 61' lang='lat' dir='ltr'><strong>(instem,</strong></span> <span class='ocrx_word' id='word_1_257' title='bbox 679 4055 734 4114; x_wconf 80' lang='grc' dir='ltr'><strong><em>ὅνιι</em></strong></span> <span class='ocrx_word' id='word_1_258' title='bbox 757 4053 907 4130; x_wconf 63' lang='lat' dir='ltr'><strong>[alcaicum</strong></span> <span class='ocrx_word' id='word_1_259' title='bbox 934 4059 981 4128; x_wconf 82' lang='lat' dir='ltr'><strong>(de</strong></span> <span class='ocrx_word' id='word_1_260' title='bbox 1008 4059 1061 4114; x_wconf 83' lang='lat' dir='ltr'><strong>hac</strong></span> <span class='ocrx_word' id='word_1_261' title='bbox 1085 4058 1206 4113; x_wconf 84' lang='lat' dir='ltr'><strong>lectione</strong></span> <span class='ocrx_word' id='word_1_262' title='bbox 1240 4079 1242 4082; x_wconf 91' lang='lat'>·</span> 
     </span>
     <span class='ocr_line' id='line_1_35' title="bbox 107 4153 1208 4228; baseline -0.001 -19"><span class='ocrx_word' id='word_1_263' title='bbox 107 4161 195 4222; x_wconf 84' lang='lat' dir='ltr'><strong>postea</strong></span> <span class='ocrx_word' id='word_1_264' title='bbox 213 4157 424 4227; x_wconf 83' lang='lat' dir='ltr'><strong>disputabitur),</strong></span> <span class='ocrx_word' id='word_1_265' title='bbox 443 4159 622 4227; x_wconf 75' lang='grc' dir='ltr'><strong><em>ἐκκοίνεσθιιί</em></strong></span> <span class='ocrx_word' id='word_1_266' title='bbox 639 4153 957 4228; x_wconf 68' lang='grc' dir='ltr'><strong><em>φησινἈναξίμιινιῗοος</em></strong></span> <span class='ocrx_word' id='word_1_267' title='bbox 977 4197 982 4208; x_wconf 96' lang='grc'>.</span> <span class='ocrx_word' id='word_1_268' title='bbox 1003 4157 1026 4209; x_wconf 86' lang='lat'><strong>.“</strong></span> <span class='ocrx_word' id='word_1_269' title='bbox 1047 4155 1108 4209; x_wconf 90' lang='lat' dir='ltr'><strong>Vid.</strong></span> <span class='ocrx_word' id='word_1_270' title='bbox 1123 4173 1208 4225; x_wconf 87' lang='lat' dir='ltr'><strong>supra</strong></span> 
     </span>
     <span class='ocr_line' id='line_1_36' title="bbox 107 4257 189 4320; baseline 0.024 -14"><span class='ocrx_word' id='word_1_271' title='bbox 107 4269 130 4320; x_wconf 90' lang='lat' dir='ltr'><strong>p.</strong></span> <span class='ocrx_word' id='word_1_272' title='bbox 150 4257 189 4308; x_wconf 85' lang='grc'><strong>14.</strong></span> 
     </span>
    </p>
   </div>
   <div class='ocr_carea' id='block_1_5' title="bbox 0 0 1450 4904">
    <p class='ocr_par' dir='ltr' id='par_1_6' title="bbox 0 0 1450 4904">
     <span class='ocr_line' id='line_1_37' title="bbox 0 0 1450 4904; baseline 0 0"><span class='ocrx_word' id='word_1_273' title='bbox 0 0 1450 4904; x_wconf 95' lang='lat' dir='ltr'><strong> </strong></span> 
     </span>
    </p>
   </div>
  </div>
 </body>
</html>
