2850 4904
625 363 674 416 137

79 530 222 619 ,μωρὸς
244 534 305 618 μὲν
325 529 529 618 πυκνότερον
549 525 645 616 οἷέρος
669 533 706 600 δὲ
727 529 946 615 λεποόϊερον“
978 533 1106 617 reponit
1132 525 1196 594 ‘cd

78 637 232 726 μεταξύ’
260 645 458 730 simpliciter,
488 647 715 712 elementorum
739 643 966 728 designatione
988 663 1052 707 non
1074 641 1197 722 addita,

81 755 220 838 hocque
245 754 486 821 Anaximandro
508 756 630 822 tribuit.
676 754 755 820 Cum
769 760 877 820 autem
897 752 1089 837 simpliciter
1110 750 1199 816 dicat

79 859 121 928 τὸ
147 857 288 946 μεταξύ,
313 863 372 931 hoc
397 865 563 946 vocabulo,
597 863 748 949 quoniam
762 855 920 948 ¹proxime
951 880 1068 944 aquam
1090 878 1199 926 aerem

81 976 203 1058 ignem
228 973 427 1057 memoravit,
449 979 597 1040 naturam
615 972 756 1040 mediam
780 992 906 1040 omnem
921 979 1085 1052 tamquam
1101 988 1197 1035 unam

82 1083 259 1167 quandam
281 1103 348 1150 rem
373 1082 562 1167 intellegere
581 1082 746 1168 putandus
769 1083 840 1148 erit.

194 1195 344 1276 Denique
376 1193 452 1260 huic
474 1193 717 1276 subiungendus
749 1189 878 1257 videtur
912 1192 1001 1256 locus
1034 1210 1052 1255 e
1085 1189 1198 1255 codice

83 1303 172 1385 Reg.
198 1300 399 1366 aBrandisio
425 1301 458 1366 in
481 1300 598 1367 iisdem
620 1299 753 1366 scholiis
769 1298 995 1382 adscriptus¹),
1016 1317 1089 1381 quo,
1112 1298 1199 1382 quod

83 1412 130 1478 ab
154 1411 334 1477 Aristotele
356 1415 549 1476 memoratur
576 1397 690 1492 „ds'pog
717 1405 776 1490 μὲν
797 1400 1000 1489 πυκνότερον
1024 1400 1141 1483 ὕδατος
1163 1404 1198 1470 δὲ

84 1518 328 1601 λεποόιερονί,
350 1519 540 1604 simpliciter
569 1519 611 1585 ad
640 1518 915 1584 Anaximandrum
943 1516 1081 1584 refertur
1105 1516 1197 1582 addi·

86 1639 224 1714 turque,
244 1630 330 1697 hunc
350 1630 392 1696 ah
415 1630 588 1721 Aristotele
611 1631 711 1714 magis
733 1627 860 1696 laudari
882 1628 915 1693 in
937 1627 1030 1694 libris
1042 1625 1198 1710 physicis,

86 1747 279 1826 propterca,
310 1739 394 1822 qnod
428 1739 507 1806 haec
548 1746 683 1805 naturae
714 1736 882 1810 cuiusdam
924 1736 1052 1804 mediae
1088 1736 1198 1819 opinio

88 1848 262 1933 quandam
284 1849 430 1914 informis
454 1849 610 1914 materiae
633 1847 867 1914 divinationem
898 1846 1070 1912 contineat.
1115 1845 1197 1910 Ana-

88 1958 260 2025 ximandri
283 1957 479 2043 principium
502 1959 586 2024 inter
600 1977 706 2024 aerem
734 1962 766 2021 et
790 1955 897 2040 ignem
914 1974 1041 2038 quoque
1056 1953 1199 2020 medium

89 2070 173 2151 dici,
196 2069 258 2134 hoc
279 2069 350 2134 loco
364 2087 429 2132 non
450 2073 662 2141 memoratum
686 2086 725 2132 ex
747 2064 808 2132 hac
822 2070 930 2132 autem
953 2085 988 2130 re
1005 2063 1085 2130 nihil
1103 2082 1199 2147 posse

90 2177 256 2256 concludi,
281 2198 339 2261 per
361 2197 395 2242 se
417 2183 515 2260 patet.

200 2289 249 2352 12.
271 2287 434 2371 Superest,
466 2293 501 2352 ut
524 2285 564 2352 de
587 2306 695 2353 eorum
722 2287 924 2371 scriptorum,
953 2304 1087 2369 quorum
1110 2284 1199 2350 testi·

92 2397 208 2463 monia
228 2396 403 2479 attulimus,
437 2395 500 2462 fide
524 2385 696 2461 dicendum
723 2397 775 2461 sit.
820 2394 915 2473 Quod
949 2401 983 2460 ut
1015 2400 1101 2459 recte
1132 2392 1200 2458 fieri

94 2506 213 2591 possit,
235 2506 383 2572 brevibus
412 2525 537 2570 summa
558 2503 813 2570 testimoniorum
842 2505 1004 2570 sententia
1025 2500 1200 2587 repetenda

94 2623 155 2682 cst.
201 2615 315 2698 ltaque
347 2620 496 2698 quattuor
521 2614 643 2696 priores
677 2613 860 2680 Aristotelis
894 2615 1093 2697 interpretes,
1127 2611 1199 2676 Ale-

94 2725 223 2792 xander
266 2725 462 2792 Themistius
510 2724 694 2808 Simplicius
730 2723 941 2808 Philoponus,
987 2711 1025 2790 co
1068 2741 1199 2788 consen-

94 2839 189 2918 tiunt,
222 2834 309 2916 quod
330 2828 368 2898 cri
392 2828 483 2916 παρὰ
506 2830 714 2912 τὰστοιχεῖα
737 2840 768 2899 et
794 2827 832 2898 τὸ
857 2825 977 2914 μεταξύ
1000 2852 1103 2912 omne,
1131 2829 1199 2896 sive

97 2945 132 3010 id
169 2947 253 3010 inter
290 2964 398 3010 aerem
434 2950 466 3009 et
502 2965 620 3027 aquam
659 2943 728 3010 sive
764 2944 848 3010 inter
883 2962 989 3008 acrem
1026 2947 1058 3006 et
1085 2943 1218 3024 ignem·

97 3053 229 3135 dicitur,
267 3074 363 3118 unam
400 3037 600 3135 eandemque
624 3074 691 3119 rem
713 3058 828 3136 putant
861 3051 1006 3134 hancque
1038 3049 1081 3116 ad
1102 3070 1199 3116 unum

98 3159 337 3227 Anaximandri
367 3160 562 3245 principium
592 3162 743 3244 refemnt,
774 3161 856 3228 adeo
888 3166 922 3227 ut
953 3160 1077 3243 ipsam
1105 3157 1199 3253 huius

98 3270 292 3355 principii
338 3269 535 3337 notionem
580 3291 707 3354 semper
752 3291 815 3336 uno
857 3271 910 3336 vel
954 3271 1054 3336 altero
1089 3269 1199 3334 horum

97 3378 327 3446 vocabulorum
358 3379 408 3445 vel
432 3380 529 3446 etiam
558 3379 654 3446 simul
683 3378 831 3444 omnibus
853 3378 1018 3453 definiant,
1051 3375 1200 3462 quodque

98 3510 139 3556 ne
160 3487 329 3556 levissimo
361 3489 491 3580 quidem
514 3487 631 3556 indicio
666 3490 884 3573 suspicionem
916 3495 1044 3555 movent
1065 3489 1200 3554 aliorum

100 3593 372 3681 philosophorum,
403 3599 459 3680 qui
502 3597 568 3663 tale
609 3596 770 3680 quoddam
802 3598 990 3682 principium
1021 3596 1198 3663 statuerint.

204 3800 229 3867 1)
251 3799 341 3855 Schol.
361 3800 485 3870 Metaph.
508 3803 580 3856 556b
597 3802 630 3854 14
648 3801 687 3871 (in
706 3802 778 3856 989³
793 3804 837 3867 14)
861 3801 897 3856 ad
915 3800 1077 3855 Aristotelis
1101 3799 1196 3854 verba:

106 3891 175 3965 ,οὔτ’
195 3903 276 3956 εἴτις
294 3895 375 3967 ἀέρος
385 3895 440 3967 μὲν
453 3892 620 3967 πυκνότερον
637 3898 715 3950 τοῦτο
734 3903 842 3964 τίθησιν
861 3893 958 3956 ὕδατος
977 3895 1008 3950 δὲ
1021 3891 1199 3965 λεπτότερονα

103 3993 217 4063 legitur:
240 3991 293 4062 ,dr
313 3995 533 4065 Ἀναξίμανδρος
551 4036 557 4048 .
578 4035 583 4048 .
604 4036 610 4048 .
631 3995 739 4048 ἐπαινεῖ
759 3993 916 4064 δὲμᾶλλον
938 3990 1021 4047 αὐτὸν
1044 3993 1075 4046 ἐν
1097 3993 1128 4064 τῇ
1146 3997 1200 4044 ‹Dn-

104 4091 172 4162 σικῇ,
190 4086 232 4143 ὅτι
248 4086 291 4142 Aa
303 4086 335 4143 τὸ
346 4087 531 4144 ὑποτίθεσθαι
548 4089 586 4144 τὸ
604 4088 727 4161 μεταξὺ
746 4087 846 4161 ἀέρος
864 4095 920 4144 καὶ
935 4086 1053 4148 ὕδατος
1066 4094 1202 4158 στοιχεῖον

103 4182 149 4253 τὴν
166 4182 377 4258 ἀσχημάτιστον
404 4190 450 4240 καὶ
477 4183 603 4243 ἀνείδεον
627 4181 781 4254 ὑπενόησεν
810 4183 900 4253 ὕλην.“
938 4185 1098 4256 Respicitur
1116 4183 1199 4252 Phys.

104 4282 298 4352 1‚6.1sebe.
