2862 4910
538 360 542 368 ’
606 397 659 450 aar

77 565 194 644 riam,
226 564 259 628 in
287 584 351 646 qua
382 564 519 630 mundus
543 564 662 630 mundo
693 563 854 647 succedat,
881 563 939 632 sed
968 567 1188 631 innumera·

78 673 192 739 biles
230 675 336 738 tales
370 675 501 740 series
543 675 776 758 intellegere¹).
846 675 912 740 Alii
947 674 1097 759 denique,
1131 675 1188 758 qui

82 873 289 884 -Ἢ

79 1014 208 1064 quarum
221 1015 347 1066 quaeque
361 999 526 1068 singillatim
539 1001 620 1053 unius
632 1001 749 1054 alicuius
762 1001 1008 1054 innumerabilium
1022 999 1188 1053 mundorum

77 1094 255 1164 principium
276 1095 320 1149 sit.
359 1097 451 1164 Atque
473 1097 542 1151 haec
565 1099 704 1152 sententia
729 1098 811 1152 facile
836 1098 921 1152 etiam
940 1097 970 1151 iu
995 1096 1086 1150 verbis
1113 1097 1188 1150 inve·

46 1198 50 1204 '
77 1190 171 1258 nitur,
204 1191 227 1244 si
257 1193 415 1260 statuimus,
443 1194 606 1264 genetivum
636 1189 783 1246 'toronicus'
816 1195 939 1262 pendere
966 1213 982 1247 a
1012 1192 1188 1246 substantivo

76 1288 260 1357 ’στοιχείουζ
288 1289 389 1343 referri
413 1295 505 1344 autem
526 1290 562 1344 ad
584 1291 752 1358 praecedens
781 1289 910 1342 ’ἕκαστον
933 1283 1062 1360 κόσμον’,
1091 1307 1187 1357 quam·

77 1401 169 1451 quam
190 1383 253 1453 lege
271 1386 368 1439 malim
388 1380 506 1438 ‘codron’
529 1386 573 1439 vel
592 1386 686 1455 potius
705 1386 841 1438 ‘soconda
878 1384 955 1454 Ergo
967 1384 1127 1453 Simplicius
1147 1383 1187 1438 di-

78 1481 129 1542 cit,
150 1481 395 1536 Anaximandrum
415 1501 471 1537 non
491 1484 580 1537 solum
599 1484 691 1553 ipsum
711 1500 847 1537 summurn
860 1482 1032 1551 principium
1046 1480 1188 1535 infinitum

77 1595 189 1646 ponere
209 1596 243 1632 ex
263 1597 350 1648 eoque
369 1579 508 1635 infinitam
522 1582 691 1635 mundorum
704 1581 915 1636 multitudinem
927 1597 1070 1650 generare,
1089 1597 1188 1633 verum

78 1675 170 1728 etiam
198 1693 467 1745 unamquamque
496 1695 611 1731 earum
630 1678 702 1732 eius
727 1678 891 1745 partium,
925 1693 1066 1744 quarum
1086 1693 1186 1744 quac·

78 1790 148 1840 que
168 1772 228 1826 uni
253 1772 363 1828 alicui
382 1774 525 1828 illorum
539 1775 740 1828 mundorum
754 1774 912 1828 subiecta
931 1774 986 1842 sit,
1004 1772 1186 1827 velleinfi-

78 1869 192 1922 uitam
217 1886 295 1922 asse.
332 1870 445 1923 Addens
467 1875 561 1924 autem
589 1869 637 1930 'uie
658 1866 747 1923 δοκεῖ’
770 1871 885 1938 fatetur,
908 1888 936 1924 se
961 1870 1034 1924 hanc
1053 1887 1111 1924 rem
1131 1887 1187 1923 non

78 1965 167 2020 certis
182 1965 350 2047 testimoniis
359 1969 501 2038 cognitam
511 1969 614 2023 habere
627 1969 676 2022 sed
687 1969 722 2022 ob
736 1970 871 2038 quasdam
881 1970 1004 2037 rationes
1014 1968 1186 2023 concludere.

79 2063 259 2116 Conclusisse
269 2068 362 2120 autem
374 2065 484 2118 videtur
496 2066 569 2133 inde,
587 2067 661 2136 quod
677 2066 877 2120 Anaximandri
889 2065 1028 2120 sententia
1040 2064 1186 2135 generatio

79 2164 109 2213 et
121 2159 270 2227 corruptio
280 2166 355 2216 recta
367 2163 414 2216 via
426 2163 645 2232 progrederetur
655 2162 781 2230 hancque
793 2162 828 2215 ob
841 2179 975 2223 caussam,
988 2179 1023 2215 ne
1032 2161 1092 2230 ipse
1102 2179 1185 2214 unus·

80 2256 203 2322 quisque
229 2255 349 2310 mundus
371 2257 535 2312 brevissimo
554 2263 680 2326 tempore
704 2277 799 2312 rursus
818 2258 957 2320 interiret,
984 2275 1037 2327 pro
1055 2256 1185 2326 partibus

79 2353 215 2422 deinceps
235 2353 441 2408 intereuntibus
460 2372 549 2409 novae
567 2373 675 2424 semper
694 2359 788 2424 partes
808 2371 842 2408 ex
860 2355 921 2423 ipso
939 2355 1079 2424 principio
1098 2371 1185 2408 secer·

79 2451 192 2504 nendae
211 2455 314 2519 essent;
335 2451 400 2505 huic
419 2453 493 2506 anim
513 2453 660 2506 continuae
679 2470 815 2506 novarum
842 2452 966 2520 partium
986 2452 1133 2506 sacrationi
1154 2457 1186 2504 ut

79 2549 302 2617 uniuscuiusque
321 2549 492 2618 principium
510 2555 605 2619 posset
622 2549 759 2618 sufficere,
785 2550 877 2618 ipsum
896 2567 1006 2618 quoque
1025 2549 1127 2603 debera
1145 2549 1185 2602 in-

79 2644 197 2699 finitum
216 2663 281 2699 esse.
319 2646 393 2700 Num
411 2652 487 2701 recte
500 2647 678 2714 concluserit,
699 2647 729 2700 id
748 2651 798 2708 cst,
816 2665 884 2700 uum
904 2647 963 2715 ipse
976 2646 1186 2700 Anaximander

81 2741 123 2795 ita
143 2743 273 2803 senserit,
292 2742 449 2796 diiudicare
468 2761 523 2798 non
537 2743 634 2797 ausim.
672 2743 739 2797 lnde
753 2743 932 2822 enim,·qucd
942 2761 992 2812 per
1013 2760 1041 2796 se
1051 2742 1186 2798 absonum

79 2844 132 2898 est,
151 2841 183 2892 in
201 2839 340 2908 principio
359 2840 469 2894 infinite
488 2847 601 2895 extenso
621 2841 837 2895 innumerabiles
847 2858 951 2909 ponere
970 2844 1064 2910 partes
1076 2839 1185 2908 pariter

80 2936 219 2990 infinitas.
239 2953 295 2989 non
320 2938 376 2990 iam
395 2937 530 3005 sequitur.
558 2943 590 2991 ut
610 2938 820 2992 Anaximander
847 2955 903 2991 non
930 2937 1017 2991 talem
1045 2936 1185 3005 quandam

79 3033 252 3086 sententiam
270 3032 409 3087 habuerit.
448 3033 528 3088 Certa
556 3035 630 3088 euim
660 3052 716 3088 non
745 3034 835 3104 magis
863 3034 998 3088 absonum
1022 3037 1072 3100 est,
1101 3049 1185 3100 quam

81 3130 159 3198 quod
179 3131 363 3200 Anaxagoras
382 3131 437 3184 alia
456 3132 566 3184 ratione
585 3125 744 3199 ‘circumdare
762 3123 862 3199 ἄπειρα
880 3125 1002 3200 μεγέθη’
1023 3129 1113 3198 ponit.

185 3226 312 3295 Denique
332 3227 398 3280 addi
416 3232 510 3296 potest
533 3229 609 3282 locus
630 3228 783 3298 Augustini
809 3228 838 3281 in
864 3226 921 3280 Giv.
940 3226 972 3279 1).
994 3226 1067 3287 VllI,
1086 3228 1113 3292 2,
1137 3225 1186 3294 qui

80 3324 121 3377 sic
140 3323 258 3394 legitur:
292 3324 519 3392 „Anaximander
539 3362 544 3372 .
567 3363 573 3376 .
595 3366 600 3378 .
628 3342 722 3378 rerum
751 3323 891 3392 principia
921 3323 1094 3394 singularum
1127 3339 1186 3376 essa

79 3420 204 3474 credidit
222 3419 332 3474 infinita
351 3426 379 3474 et
398 3421 678 3475 innumerabiles
696 3421 835 3474 mundos
854 3421 970 3491 gignere
990 3457 995 3468 ·
1016 3460 1023 3474 .
1045 3459 1060 3487 .,
1083 3435 1185 3488 eosque

80 3517 201 3571 mundos
220 3517 303 3571 modo
322 3517 446 3585 dissolvi,
468 3517 550 3572 modo
570 3518 673 3572 iterum
698 3517 778 3587 gigni
802 3517 1000 3571 existimavit.“
1038 3515 1098 3582 Quo
1124 3516 1185 3570 loco

80 3615 155 3676 iude,
176 3614 252 3682 quod
274 3614 397 3682 primum
414 3614 632 3668 innumerabiles
658 3614 756 3667 mundi
780 3631 795 3668 e
813 3614 948 3682 principis
971 3613 1060 3684 gigni,
1084 3613 1185 3668 deinde

81 3711 113 3764 hi
134 3710 240 3764 iidem
254 3710 337 3764 modo
356 3709 472 3764 dissolvi
483 3711 566 3764 modo
585 3712 688 3765 iterum
707 3711 786 3781 gigni
800 3710 941 3778 dicuutur,
961 3713 1087 3779 apparet,
1106 3727 1184 3764 mun-

83 3810 134 3862 dos
147 3808 277 3878 intellegi
286 3808 513 3876 innumerabiles,
532 3809 580 3877 qni
600 3813 752 3863 anteortus
772 3813 800 3862 et
812 3808 943 3862 interitus
963 3807 1185 3862 vicissitudinem

81 3906 136 3958 iarn
156 3905 375 3958 innumerabiles
395 3905 473 3968 sint,
493 3923 543 3960 nec
562 3923 628 3959 vero
650 3906 703 3960 hac
721 3905 833 3959 demum
851 3903 1044 3958 vicissitudine
1058 3904 1183 3958 inunme-

83 4001 188 4056 rabilcs
207 4000 286 4062 fiant,
305 4002 432 4071 intellegi
450 4001 538 4071 igitur
557 4002 674 4056 mundos
693 4003 775 4056 simul
795 4005 962 4056 constantes.

185 4099 211 4166 1)
230 4097 305 4152 Plut.
325 4098 400 4154 Plac.
419 4099 441 4166 Ι,
461 4098 488 4152 3:
515 4095 743 4170 „Dlvatlpmvdpce
762 4100 793 4153 di
816 4143 820 4154 .
842 4141 847 4152 .
874 4097 904 4151 τὸ
929 4093 1051 4166 ἄπειρον.
1076 4097 1106 4150 ἐκ
1131 4095 1185 4167 γὰρ

82 4190 177 4248 τούτου
194 4189 285 4250 πάντα
303 4201 432 4265 γίνεσθαι
453 4200 499 4248 καὶ
518 4199 556 4254 εἰς
573 4197 651 4248 τοῦτο
673 4192 762 4252 πάντα
782 4201 960 4268 φθείρεσθαι.
983 4193 1034 4248 διὸ
1054 4199 1099 4248 καὶ
1124 4213 1185 4264 yar.

82 4294 183 4346 νᾶσθιιι
204 4289 364 4362 ἀπείρους
384 4289 530 4364 κόσμους
558 4298 602 4347 καὶ
631 4291 713 4348 πάλιν
732 4301 900 4365 adelgandus
923 4299 962 4354 εἰς
986 4293 1017 4349 τὸ
1043 4296 1072 4358 ἐξ
1089 4279 1120 4348 cir
1139 4303 1184 4367 γί-
