2882 4902
785 401 819 452 22

254 573 396 642 rationes
426 593 447 638 a
476 572 730 660 generalioribus
761 570 1024 656 quaestionibus
1041 575 1197 659 repetitas
1226 573 1365 646 addere,

256 683 381 768 qulbus,
406 701 488 766 quae
510 679 757 765 disputavimus,
782 702 837 766 per
860 701 895 748 se
917 683 1046 749 omnino
1068 683 1254 769 probabilia
1278 703 1366 760 esse,

257 791 453 860 ostendatur.
492 789 633 856 Primum
667 790 766 876 igitur
794 791 881 874 quod
902 791 1145 857 Anaximander
1173 792 1291 857 referri
1318 791 1366 856 di-

255 903 339 970 citur
362 900 482 988 primus
504 919 614 967 vocem
634 890 779 985 ‘doxain’
808 901 850 966 ad
871 901 1120 984 significandum
1143 921 1249 966 rernm
1274 901 1367 986 prin·

256 1011 375 1099 cipium
388 1008 565 1088 induxisse,
585 1030 688 1096 perse
705 1010 918 1095 improbabile
934 1017 992 1075 est.
1025 1010 1172 1095 Namque
1194 1031 1258 1076 vox
1277 1003 1365 1094 a'pxr]

256 1123 395 1192 naturali
419 1141 480 1188 sua
502 1119 739 1205 significatione
765 1122 811 1186 ita
843 1120 997 1205 principii
1021 1121 1184 1187 notionem
1206 1121 1366 1202 continet,

256 1240 292 1298 ut
315 1233 398 1300 ultro
417 1250 451 1298 se
474 1231 574 1298 menti
592 1229 688 1297 simul
717 1251 789 1295 cum
818 1230 878 1296 hac
905 1231 1036 1296 notione
1063 1229 1161 1296 offere
1192 1230 1366 1311 debuerit;

256 1361 354 1428 quare
369 1341 425 1408 vix
439 1339 595 1408 credibile
609 1347 666 1424 est,
689 1359 880 1425 quemquam
896 1347 1039 1407 veterum
1055 1341 1248 1425 scriptorum
1261 1360 1366 1424 quae·

256 1451 381 1536 sivisse,
403 1457 459 1518 aut
480 1451 509 1516 si
531 1449 754 1533 quaesivisset,
779 1450 981 1515 inventurum
1005 1449 1115 1524 luisse,
1138 1449 1211 1532 quis
1234 1451 1365 1534 primns

257 1559 347 1628 illam
367 1578 476 1627 vocem
499 1559 560 1626 hac
582 1559 820 1643 significatione
845 1559 1056 1626 adhibuisset.
1098 1560 1225 1625 Deinde
1249 1559 1365 1644 opinio

256 1671 373 1738 summi
396 1667 564 1736 cuiusdam
587 1687 692 1734 rerum
714 1669 866 1754 principii
890 1671 1082 1735 necessitate
1104 1669 1245 1752 quadam
1270 1675 1365 1733 natu·

258 1780 318 1848 rali
333 1779 399 1846 iam
416 1785 491 1847 ante
504 1778 730 1864 philosophiae
745 1777 908 1844 doctrinas
923 1777 958 1843 in
975 1778 1132 1844 mentibus
1149 1777 1364 1855 inhaerebam

257 1908 297 1955 ca
318 1888 449 1974 vigebat
470 1889 503 1954 in
527 1889 696 1974 religione,
722 1887 851 1972 vigebet
872 1887 906 1952 in
931 1887 1112 1972 theogoniis
1136 1895 1169 1954 et
1195 1907 1363 1970 cosmogo·

258 1997 330 2064 niis.
388 1997 435 2062 ab
459 1999 520 2064 hac
548 1998 663 2064 summi
691 1997 859 2063 cniusdam
885 2017 990 2064 rerum
1022 1997 1176 2082 principii
1206 1997 1364 2082 opinione

263 2106 524 2194 proficiscebatur
563 2107 660 2174 etiam
694 2105 900 2191 philosophia
931 2105 1067 2190 ipsaque
1094 2108 1129 2171 in
1159 2127 1197 2172 eo
1220 2106 1362 2171 maxime

259 2217 456 2300 versabatur,
479 2224 514 2283 ut
536 2217 576 2283 de
598 2217 654 2282 illo
671 2216 831 2302 principio
852 2224 1028 2300 quaereret,
1052 2216 1146 2299 quale
1168 2221 1254 2282 esset
1277 2221 1311 2280 et
1329 2215 1361 2278 in

258 2347 322 2412 qua
344 2346 378 2392 re
401 2326 600 2394 consisteret.
640 2325 746 2404 Quare
770 2326 820 2409 iis,
846 2326 902 2409 qui
924 2325 964 2391 de
980 2325 1205 2411 philosophiae
1222 2325 1363 2390 historia

259 2437 465 2521 scripserunt,
494 2436 528 2501 in
561 2436 674 2521 primis
697 2455 795 2520 grave
818 2435 921 2501 videri
944 2435 1083 2501 debebat
1104 2435 1232 2512 referre,
1264 2433 1361 2516 qualo

258 2545 394 2630 quisque
428 2565 534 2612 rorum
571 2545 767 2630 principium
804 2565 875 2611 esse
908 2545 1069 2630 putaverit
1099 2551 1131 2610 et
1161 2545 1196 2608 in
1230 2563 1297 2626 qua
1328 2562 1361 2606 re

264 2654 414 2739 posuerit.
458 2654 537 2720 Cum
570 2653 621 2720 his
649 2661 755 2720 antem
784 2674 839 2738 ea,
872 2674 954 2738 quae
987 2661 1084 2720 antea
1116 2652 1361 2737 disputavimus

258 2764 388 2830 omnino
411 2763 623 2829 consentiunt.

360 2873 477 2940 Fusius
491 2872 531 2939 de
551 2872 611 2940 hac
625 2892 660 2940 re
675 2873 920 2958 disputavimus
946 2872 1093 2957 primum,
1118 2892 1158 2937 ne
1174 2869 1361 2954 opinionem

260 2988 384 3046 tantum
401 2978 583 3045 videremur
605 2980 756 3065 prolerre,
782 2979 909 3061 deinde,
933 2980 1018 3062 quia,
1042 2978 1188 3061 quamvis
1210 2977 1292 3043 levis
1316 2979 1361 3044 vi·
1433 2985 1434 3070 ξ

259 3088 373 3155 deatur
393 3108 474 3173 esse,
504 3095 611 3154 tamen
633 3109 784 3172 magnum
806 3088 903 3154 habet
926 3110 1017 3155 usum
1045 3088 1087 3154 ad
1117 3085 1361 3170 cognoscendas

259 3218 310 3264 res
329 3199 508 3282 graviores,
532 3197 566 3263 id
589 3197 674 3278 quod
698 3219 772 3263 mox
794 3199 972 3284 apparebit.

280 3333 288 3379 .·
357 3310 386 3372 3.
431 3305 599 3390 Sequitur,
632 3312 667 3372 ut
693 3307 734 3372 de
761 3308 940 3374 rationibus
963 3308 1111 3374 videatur
1140 3307 1361 3392 quaerendum

260 3435 341 3498 esse,
365 3415 481 3498 quibus
498 3423 673 3482 commotus
688 3415 926 3482 Anaximander
942 3437 1100 3483 summum
1121 3437 1225 3484 rerum
1239 3417 1361 3500 prinoi-

261 3526 348 3611 pium
370 3545 441 3590 esse
457 3524 594 3590 voluerit
616 3523 659 3601 id,
683 3524 768 3607 quod
790 3533 876 3590 esset
898 3526 1066 3592 infinitum.
1084 3528 1206 3609 ‘Atque
1218 3524 1360 3591 Pseudo-

258 3634 451 3700 Plutarchus
492 3643 524 3700 et
558 3634 714 3700 Stobaeus
746 3654 817 3699 eum
847 3635 988 3700 referunt
1025 3656 1128 3704 rerum
1166 3633 1362 3720 principium

260 3743 383 3809 dixisse
406 3746 580 3828 propterea
601 3738 762 3808 infinitum
790 3763 861 3810 esse
884 3752 1045 3829 oportere,
1078 3766 1118 3811 ne
1148 3763 1286 3828 unquam
1311 3763 1361 3825 ea,

263 3873 345 3937 quae
368 3860 462 3938 esset,
484 3873 591 3918 rerum
607 3852 773 3936 generatio
788 3852 984 3932 deficeret1).
1015 3854 1140 3920 Eadem
1157 3853 1239 3919 ratio
1253 3852 1361 3918 verbis

360 4104 387 4173 l)
406 4103 480 4158 Plut.
500 4104 589 4174 Plan,
617 4107 690 4173 1,3:
724 4108 812 4175 ,μέγα
843 4099 900 4175 οὖν,
931 4104 977 4160 διὰ
1001 4112 1028 4161 rt
1048 4101 1164 4177 ἄπειρόν
1192 4107 1278 4159 ἐστιν·
1307 4109 1361 4159 ἵνα

259 4197 368 4273 μηδὲν
386 4199 520 4274 ἐλλείπῃ
543 4200 559 4268 ἡ
576 4205 712 4271 γένεσις
730 4201 746 4269 ἡ
765 4200 1005 4276 ὑφισταμένη.“
1032 4203 1070 4257 m
1082 4203 1180 4260 iisdem
1192 4202 1252 4257 lore
1265 4201 1362 4262 ,verbis

260 4295 337 4352 Stcb.
358 4297 381 4366 1,
402 4299 442 4361 10,
462 4316 489 4367 p.
509 4299 561 4351 292
580 4302 608 4352 et
627 4297 727 4354 Euseb.
746 4299 845 4369 Praep.
866 4299 915 4355 Ev.
935 4299 1007 4364 xlv,
1028 4302 1070 4365 14,
1090 4301 1116 4354 2.
