2864 4910
664 404 716 455 417

144 576 271 658 attinet,
298 576 378 641 nihil
400 575 545 660 impedit,
576 577 744 658 quominus
768 573 958 639 Aristoteles
979 575 1124 640 multos
1155 577 1250 642 illos

145 693 307 752 veteres
329 687 627 768 meteorologos
662 690 774 769 poetas
806 685 1000 749 intellexerit
1032 685 1251 769 cosmogonia·

144 815 281 878 rumque
304 797 486 879 scriptores,
511 816 583 860 cum
605 814 670 876 qua
693 813 727 858 re
750 794 870 877 optime
885 795 1052 874 consentit,
1075 794 1161 876 quod
1176 794 1249 860 Ale-

144 903 271 969 xander
295 906 328 969 in
351 904 446 970 bnius
470 891 532 969 loci
554 902 773 987 explicatione
797 903 919 967 nullum
941 901 1168 986 philosophum
1192 924 1250 967 no·

146 1015 260 1096 minat,
284 1014 375 1078 cuius
400 1013 480 1078 haec
503 1013 664 1078 sententia
687 1014 738 1078 sit.
787 1085 791 1092 ,

248 1121 368 1188 Omnes
402 1122 611 1213 difficultates
645 1122 801 1187 tolluntur
834 1121 994 1203 simulque
1031 1107 1273 1210 Anaximenes

145 1232 299 1316 opinione
322 1233 485 1309 liberatur,
513 1253 596 1314 quae
625 1232 694 1296 eius
720 1231 849 1313 ingenio
872 1231 977 1296 minus
1001 1230 1128 1296 videtur
1150 1230 1250 1314 digna

146 1361 229 1422 esse,
253 1343 280 1405 si
303 1361 374 1406 eum
402 1343 551 1425 ponimns
579 1342 757 1406 omnibus
786 1339 934 1406 stellis
956 1341 1250 1406 conversionem

145 1450 254 1514 circa
277 1449 410 1514 mundi
433 1469 547 1513 axem
570 1449 719 1514 tribuisse
742 1455 774 1514 et
790 1449 832 1514 ad
847 1441 930 1514 hanc
944 1469 1012 1516 rem
1025 1449 1250 1533 explicandam

150 1560 300 1624 similiter
331 1564 430 1641 atque
451 1561 679 1640 Anaxagoram
709 1560 741 1622 in
763 1559 882 1624 mundo
916 1558 1100 1641 generando
1128 1559 1249 1624 vortice

145 1690 239 1734 usum
264 1689 344 1752 esse,
379 1669 470 1733 cuius
505 1669 577 1733 axis
610 1668 702 1732 initio
736 1669 897 1734 interrae
931 1670 1067 1753 planitie
1098 1668 1249 1748 directus,

144 1784 262 1861 postea
284 1784 390 1842 autem
413 1777 454 1841 ad
478 1797 550 1842 eam
565 1779 815 1860 septentrionem
838 1798 949 1843 versus
969 1778 1141 1843 inclinatus
1154 1783 1248 1843 esset.

146 1888 232 1951 Nam
254 1886 287 1950 in
307 1886 439 1969 mundo,
473 1888 527 1968 qui
549 1887 620 1970 ipso
649 1888 705 1952 illo
728 1889 848 1952 vortice
879 1895 966 1967 ortus
992 1894 1051 1970 est,
1085 1889 1249 1953 stellarum

146 2004 252 2061 motus
275 1995 459 2061 necessario
491 1998 535 2060 ita
564 2017 598 2062 se
625 1995 754 2077 habent,
784 2004 819 2061 nt
848 2017 921 2062 non
944 1997 1082 2062 subter
1103 2005 1248 2063 terram

148 2106 215 2171 sed
239 2107 347 2171 circa
369 2105 810 2187 terrarnciroumfe1·antur;
834 2114 865 2172 et
881 2108 1028 2190 quamvis
1051 2127 1109 2172 eae
1125 2108 1247 2185 stellae,

147 2235 231 2296 quae
254 2217 286 2279 in
310 2214 474 2298 superiore
488 2216 597 2280 mundi
612 2215 752 2298 sphaera
767 2223 850 2290 sunt,
873 2219 1000 2283 nonita
1022 2199 1107 2282 circa
1130 2223 1248 2283 terram

147 2329 348 2399 moveantur,
369 2330 404 2388 ut
427 2323 579 2408 planities
602 2326 804 2407 circulorum,
835 2325 953 2407 quibus
975 2333 1149 2404 moventur,
1176 2332 1248 2392 ter·

147 2453 224 2496 ram
248 2455 268 2498 a
289 2435 414 2499 latere
437 2440 582 2513 secent,
605 2442 712 2499 tamen
734 2435 846 2500 horum
869 2442 1011 2501 motuum
1033 2437 1141 2501 ratio
1163 2441 1248 2501 recte

148 2541 263 2606 eodem
279 2541 373 2606 modo
397 2541 604 2625 significatur.
649 2543 767 2608 Verum
779 2544 876 2610 etiam
889 2551 964 2627 post
981 2543 1097 2609 mundi
1113 2545 1248 2609 inclina·

148 2649 268 2714 tionem
290 2650 517 2728 Anaximenes,
546 2651 709 2717 si'stellas
733 2652 862 2718 volebat
899 2655 984 2717 circa
1014 2653 1126 2718 mundi
1154 2674 1248 2718 axem

148 2759 280 2839 moveri,
302 2758 344 2822 ad
366 2757 482 2824 huius
506 2767 634 2826 motus
657 2761 850 2827 rationem
866 2762 1112 2845 significandam
1134 2763 1247 2827 eadem

148 2863 279 2930 dicendi
302 2868 425 2932 ratione
441 2870 488 2933 uti
505 2875 639 2952 poterat,
663 2868 760 2935 etiam
777 2877 853 2948 tum,
878 2872 906 2936 si
922 2870 1003 2936 haec
1018 2870 1145 2937 dicendi
1166 2873 1249 2936 ratio

148 2975 258 3038 nonin
282 2977 428 3041 omnibus
452 2978 553 3044 stellis
576 2978 618 3043 ad
641 2980 772 3044 verbum
794 2986 959 3044 veraerat.
994 2981 1107 3062 Inqua
1129 3000 1163 3044 re
1180 2981 1248 3044 ani·

148 3083 324 3158 madverte,
348 3105 418 3150 eam
437 3089 540 3151 minus
557 3089 654 3153 etiam
677 3109 788 3154 veram
810 3109 891 3167 esse,
914 3091 943 3154 si
960 3091 1071 3154 stellae
1095 3095 1248 3171 putentur

149 3193 236 3257 circa
257 3201 361 3258 terrae
384 3196 561 3278 marginem
585 3197 800 3264 circumflecti.
825 3197 890 3264 Sed
905 3198 986 3263 nibil
1006 3197 1148 3280 impedit,
1170 3217 1247 3278 quc-

149 3303 255 3367 minns
279 3303 311 3366 in
335 3303 436 3368 stellis
458 3305 671 3386 gravissimis,
702 3308 769 3372 sole
793 3314 824 3372 et
846 3309 932 3389 luna,
955 3305 997 3370 ad
1018 3307 1151 3371 verbum
1172 3325 1249 3371 vera

149 3411 205 3476 sit:
230 3409 265 3475 id
280 3413 362 3475 enim
379 3413 497 3496 pendet
512 3414 553 3479 ab
569 3434 608 3479 ea
624 3416 792 3493 sententia,
817 3436 913 3498 quam
929 3415 1145 3480 Anaximenes
1168 3414 1248 3479 forte

150 3519 189 3584 de
213 3525 346 3586 terrae
368 3522 633 3604 amplitudine
656 3523 804 3589 habebat.
849 3524 933 3588 Nam
956 3524 985 3589 si
997 3523 1155 3608 ponimus,
1179 3526 1248 3588 eius

148 3626 309 3702 sententia
331 3635 458 3711 terram,
482 3631 599 3713 quippe
615 3650 697 3713 quae
713 3651 777 3696 non
796 3632 910 3714 globus
933 3631 990 3697 sed
1006 3632 1123 3715 planus
1138 3632 1248 3697 discus

149 3737 197 3812 sit,
216 3737 430 3820 amplitudine
447 3758 518 3804 esse
535 3737 701 3818 mediocri,
724 3741 824 3806 solem
836 3748 943 3806 autem
961 3747 992 3806 et
1006 3741 1116 3805 lunam
1129 3761 1248 3823 magna

148 3851 276 3909 aterra
295 3845 453 3911 distantia
483 3848 515 3911 in
549 3849 637 3913 coelo
661 3848 869 3930 circumferri,
899 3850 994 3915 facile
1028 3849 1097 3914 lieri
1129 3854 1247 3933 potest,

148 3961 183 4018 ut
205 3953 276 4037 ipsa
300 3974 333 4018 re
355 3976 517 4038 nunquam
540 3977 600 4023 nec
622 3964 848 4040 supraterram
871 3960 936 4024 sint
950 3979 1010 4024 nec
1023 3958 1246 4036 infraterram,

147 4061 182 4126 id
206 4069 264 4144 est,
298 4069 331 4128 ut
352 4065 442 4129 nulla
463 4065 551 4131 linea
571 4065 694 4131 directa
721 4068 830 4133 asole
854 4068 994 4133 demissa
1017 4068 1120 4151 ipsius
1144 4073 1248 4132 terrae

149 4172 316 4254 planitiem
339 4175 488 4256 attingat,
522 4174 580 4240 sed
611 4181 739 4258 praeter
771 4197 842 4242 eam
864 4182 1054 4260 praetereat,
1087 4183 1122 4240 ut
1151 4177 1250 4258 igitur

149 4281 246 4346 solis
268 4265 587 4365 radii'nunquam
606 4304 679 4349 neo
702 4284 742 4348 in
764 4286 980 4369 superiore
1002 4306 1071 4351 nec
1091 4285 1129 4349 in
1152 4284 1248 4348 infe·

525 4415 527 4419 ’
1018 4395 1052 4445 27
