2862 4910
762 365 815 423 292

336 540 485 625 Denique
519 542 552 606 in
588 541 702 607 eadem
737 541 777 606 de
798 543 1040 608 Anaximandro
1075 543 1307 610 dissertatione
1319 542 1340 621 ¹)

236 651 420 716 Aristotelis
442 653 546 716 loeum
570 650 685 732 adfert,
711 670 773 733 quo
798 653 1000 734 apertissime
1023 660 1190 718 aeternum
1221 654 1340 718 Anaxi-

236 759 362 825 mandri
394 767 512 825 motum
546 759 612 824 diei
645 766 737 844 putat
761 768 880 826 motum
915 762 1112 828 circularem.
1158 763 1291 846 Legitur
1313 764 1340 827 is

236 870 325 934 loeus
349 868 441 935 initio
462 869 539 936 libri
571 869 705 935 seeundi
737 869 778 936 de
802 869 910 953 Coelo,
943 870 999 937 ubi
1022 873 1219 962 Aristotelea,
1255 879 1340 956 post-

236 998 334 1061 quam
358 979 499 1046 breviter
521 979 659 1063 repetiit,
684 979 768 1062 quod
790 987 886 1045 antea
912 981 1075 1047 subtiliter
1096 981 1340 1057 demonstravit,

234 1087 388 1154 mundum
420 1095 520 1153 totum
552 1109 612 1154 neo
644 1095 747 1155 ortum
781 1109 841 1154 neo
863 1091 1049 1173 periturum,
1081 1091 1139 1155 sed
1172 1099 1339 1158 aeternnm

235 1217 316 1278 esse,
349 1200 395 1262 sie
417 1199 572 1281 pergit²):
606 1199 800 1282 „Propterea
826 1205 912 1264 reete
946 1199 1110 1278 sehabet,
1147 1201 1338 1266 sententiam

234 1307 322 1372 illam
346 1306 510 1388 antiquam
538 1307 697 1389 nobisque
727 1310 865 1372 maxime
898 1309 1037 1392 patriam
1059 1327 1168 1374 veram
1197 1309 1339 1390 eredere,

233 1436 299 1498 qua
330 1416 510 1481 immortale
545 1437 583 1481 ao
618 1415 762 1481 divinum
801 1436 872 1482 esse
905 1416 1022 1483 dieitur
1056 1417 1182 1500 aliquid
1218 1437 1337 1495 eorum,

233 1545 316 1608 quae
339 1533 528 1592 moveantur
551 1525 689 1608 quidem,
715 1525 772 1592 sed
795 1533 983 1592 moveantur
1006 1527 1064 1592 tali
1085 1533 1184 1605 motu,
1201 1529 1339 1610 quinon

232 1635 351 1700 habeat
372 1636 477 1717 finem,
505 1656 615 1701 verum
644 1637 715 1719 ipse
743 1637 851 1719 potius
880 1637 1074 1718 reliquorum
1097 1643 1240 1703 motuum
1266 1637 1339 1702 finis

232 1742 307 1820 sit;“
339 1745 452 1827 hisque
476 1745 570 1810 dietis
593 1745 777 1829 explicandi
805 1765 921 1832 caussa
949 1745 1051 1826 addit,
1077 1739 1132 1811 ‘et
1152 1745 1200 1829 id,
1230 1745 1340 1828 quod

230 1854 398 1919 finiendi
428 1852 502 1918 vim
534 1853 689 1934 habeat,
720 1874 830 1919 eorum
861 1874 942 1933 esse,
981 1874 1065 1936 quae
1097 1855 1165 1920 alia
1194 1855 1339 1938 ample-

231 1971 392 2030 otantur
415 1963 495 2044 (τῶν
507 1963 727 2044 περιεχόντων
739 1954 845 2045 εἶναι),
870 1971 901 2029 et
917 1970 1057 2028 motum
1079 1964 1190 2029 illum
1214 1965 1338 2029 oirou·

228 2075 352 2140 larem
386 2068 518 2157 (ταύτην
550 2069 608 2160 τὴν
638 2071 870 2158 κυκλοφορίαν)
905 2075 1048 2154 reliquos
1080 2080 1185 2139 motus
1217 2076 1338 2156 imper·

230 2184 330 2250 feetos
360 2191 457 2266 atque
482 2184 589 2248 finitos
622 2184 811 2267 ampleoti
846 2173 1056 2264 (aeordxrwl'.
1111 2182 1204 2247 Illam
1234 2181 1339 2264 igitur

230 2297 419 2360 sententiam
454 2295 630 2376 antiquam,
663 2314 746 2376 quae
774 2292 1028 2358 Atheniensibus
1059 2293 1164 2376 patria
1196 2289 1338 2371 dicatur,

229 2403 502 2468 Teiohmuellerus
525 2409 634 2468 censet
655 2401 890 2468 Anaximandri
911 2421 999 2479 esse3
1022 2407 1212 2483 putansque,
1236 2396 1338 2462 ‘vari-

227 2536 285 2596 rqv
306 2513 363 2599 τὴν
385 2502 630 2596 κυκλοφορίαν’,
654 2531 737 2592 quae
760 2512 794 2576 in
817 2511 1078 2592 posteriore‘loei
1100 2515 1191 2594 parte
1213 2527 1336 2572 memo

226 2628 323 2698 ratur,
348 2621 482 2688 eandem
504 2641 576 2687 esse
599 2628 696 2702 atque
719 2627 839 2685 motum
862 2620 962 2699 illum,
984 2618 1040 2701 qui
1062 2621 1094 2682 in
1118 2619 1335 2702 prioreparte

227 2730 353 2812 dieitur,
376 2730 439 2795 tine
462 2736 625 2796 earentem
646 2729 854 2811 reliquosque
866 2735 971 2792 motus
986 2727 1161 2810 finientem,
1183 2726 1241 2790 hoe
1257 2729 1337 2793 loeo

226 2839 388 2906 contendit
422 2847 532 2922 aperte
556 2837 672 2911 doeeri,
699 2836 974 2903 Anaximandrum
1008 2836 1135 2902 infinito
1168 2836 1337 2920 principio

225 2957 390 3015 aeternum
424 2953 543 3012 motum
578 2950 766 3014 circularem
800 2947 963 3028 tribuisse,
999 2946 1137 3011 similem
1161 2947 1200 3026 ei,
1232 2965 1335 3027 quem

192 3104 197 3112 -
225 3060 415 3124 Aristoteles
451 3064 581 3122 statuat.
638 3055 740 3134 Quam
774 3056 959 3140 opinionem
1000 3075 1037 3122 eo
1070 3061 1164 3138 putat
1197 3056 1335 3122 omnino

225 3167 362 3252 probari,
397 3167 484 3248 quod
524 3173 608 3231 totus
653 3168 742 3232 loeus
785 3165 865 3230 nihil
909 3168 1085 3244 contineat,
1130 3164 1215 3246 quod
1251 3185 1332 3230 oum

225 3277 460 3342 Anaximandri
497 3276 644 3342 doetrina
676 3274 807 3340 aliunde
836 3281 914 3340 nota
936 3281 1070 3359 pugnet;
1108 3275 1194 3356 quod
1226 3275 1259 3340 in
1295 3295 1335 3339 eo

224 3388 317 3468 plura
358 3386 423 3450 sint
456 3385 622 3466 voeabula,
666 3388 754 3450 velut
793 3378 852 3448 ‘rb
885 3373 1056 3464 naordxov'
1092 3389 1125 3447 et
1159 3376 1213 3446 ‘ed
1236 3371 1334 3446 ἄπει-

224 3485 307 3576 ρον.’,
343 3514 424 3577 quae
448 3501 568 3560 eertum
602 3495 645 3560 sit
675 3493 717 3560 ad
744 3493 1017 3560 Anaximandrum
1040 3492 1216 3576 pertinere3
1240 3494 1332 3574 quod

127 3828 129 3832 .
222 3799 368 3853 tendere
387 3803 508 3866 autem,
528 3815 573 3864 eo,
592 3798 632 3851 de
652 3815 716 3866 qno
737 3798 881 3868 agimus,
908 3796 1123 3850 Aristotelis
1143 3796 1222 3848 loeo
1242 3797 1332 3848 Ana-

220 3893 433 3948 ximandrum
452 3911 586 3964 quoque
611 3895 792 3965 intellegi,
821 3901 855 3948 et
873 3895 975 3948 simul
1001 3893 1221 3959 contendere,
1245 3893 1333 3946 Ana-

220 3991 400 4044 ximandri
418 3993 631 4060 principium
650 4009 725 4046 ease
744 3994 955 4060 mixtionem,
978 3993 1061 4045 haec
1088 3994 1209 4058 aperte
1229 4005 1331 4057 qnam

222 4087 363 4140 maxime
383 4085 465 4140 fieri
482 4093 602 4156 potest
621 4089 714 4142 inter
733 4107 767 4142 se
786 4094 948 4158 pugnant.

321 4184 347 4250 1)
366 4183 483 4238 Studien
511 4189 562 4239 ete·
582 4203 609 4254 p.
630 4187 682 4238 576
700 4203 741 4253 sq.

322 4281 349 4348 2)
369 4281 466 4347 Ipsum
484 4282 576 4334 locum
594 4287 687 4335 totum
706 4283 734 4334 in
754 4281 934 4336 adnotatione
952 4281 1081 4348 proxima
1100 4279 1299 4334 adsoribemus.
