2850 4904
772 371 827 424 204

249 543 363 611 eodem
386 543 481 611 modo
505 551 601 627 atque
629 565 688 610 nos
711 547 776 628 ipsi
798 545 1001 628 intellegit1),
1022 565 1137 611 verum
1162 548 1260 610 etiam
1283 564 1353 610 nnus

250 653 391 718 omnium
427 653 638 736 interpretum
675 653 781 737 ipsam
817 653 881 718 looi
914 653 1076 719 rationem
1116 655 1353 736 grammatioam

250 764 347 828 certis
368 761 477 828 verbis
499 763 631 839 indioat,
658 782 723 846 qua
744 762 802 827 illa
827 763 991 828 sententia
1013 764 1210 829 continetur.
1257 762 1353 842 Quare

251 872 331 937 satis
355 872 429 953 orit,
464 871 543 938 haee
565 874 636 956 ipsa
658 873 729 937 eius
751 872 852 937 verba
874 874 1031 938 attulisse.
1078 873 1283 958 Philoponus
1305 871 1353 954 igi-

251 979 358 1045 turin
382 981 610 1046 commentario
634 979 716 1044 inlr.
740 979 839 1045 Arist.
864 983 894 1063 l.,
929 986 1102 1064 postquam
1125 983 1260 1058 monuit,
1294 980 1353 1044 Ari-

252 1092 399 1157 stotelem
434 1089 604 1156 divisionis
638 1090 781 1155 membra
807 1091 915 1156 minus
939 1096 1014 1174 apte
1037 1089 1294 1172 collocavisse²)‚
1316 1091 1353 1154 sio

254 1199 378 1283 pergit:
412 1197 483 1280 „dei
505 1185 562 1262 σύν
581 1193 699 1281 μικρόν
719 1196 985 1283 μεταῤῥοθμίσαι
1014 1192 1072 1282 τὴν
1094 1195 1192 1278 λέξιν,
1223 1197 1276 1262 ἵνα
1305 1191 1354 1279 τὴν

251 1299 439 1372 ἀκόλουθον
464 1299 687 1372 ἀνταπόδοσιν
713 1300 853 1390 ἴδοιμεν·
881 1301 991 1384 οὕτως
1019 1293 1077 1370 οὖν
1101 1301 1354 1390 ύπερβιβαστὲον

252 1411 311 1504 τὴν
329 1417 428 1500 λέξιν·
453 1413 500 1494 τός
525 1415 562 1482 δὲ
588 1409 619 1482 oi
646 1415 783 1502 φυσικοὶ
809 1415 950 1500 λέγουσι,
980 1409 1039 1480 δύο
1066 1409 1191 1498 τρόποι
1214 1414 1304 1481 ἐισίν·
1325 1409 1354 1479 ἓν

253 1520 311 1611 yde
335 1521 531 1616 ποιήσαντες
563 1520 602 1592 τό
636 1519 673 1590 liv
706 1529 802 1608 σῶμα
834 1520 873 1590 τό
904 1524 1123 1607 ὑποκείμενον
1144 1525 1200 1590 καὶ
1220 1520 1261 1590 τὰ
1278 1521 1353 1608 ἑξῆς,

253 1639 294 1700 τὰ
314 1625 396 1700 dila
417 1639 554 1720 γεννῶσι
575 1630 611 1700 oi
634 1633 703 1718 μὲν
725 1629 905 1719 πυκνότητι
925 1635 980 1700 καὶ
1000 1629 1178 1720 μανότητι,
1215 1629 1352 1698 oiddia

256 1747 320 1812 τού
343 1742 416 1825 ἑνός
436 1741 571 1824 ἐνούσας
591 1741 650 1823 τὰς
673 1739 899 1830 ἐναντιότητας
921 1743 1133 1828 ἑκκρίνεσθαι
1154 1743 1324 1829 λέγουσιν’.

356 1858 505 1940 Denique
526 1861 581 1925 vix
603 1859 723 1942 poterit
745 1857 898 1940 dubitari,
926 1857 1005 1940 quin
1028 1855 1216 1923 Alexander
1237 1873 1353 1939 quoque

256 1969 361 2033 looum
395 1967 508 2034 eodem
543 1967 636 2032 modo
660 1965 866 2032 intellexerit.
909 1965 1059 2049 Namque
1082 1965 1144 2032 hae
1166 1967 1267 2031 solum
1288 1985 1352 2030 oon·

258 2075 386 2144 dioione
409 2084 522 2161 putare
545 2077 659 2161 potuit,
685 2095 766 2153 eum,
790 2077 845 2157 qui
868 2075 910 2140 ab
926 2073 1101 2142 Aristotele
1117 2081 1265 2140 naturam
1280 2073 1353 2137 inter

259 2207 367 2252 aerem
389 2195 421 2253 et
440 2191 547 2272 ignem
569 2185 709 2251 mediam
727 2204 847 2269 ponere
870 2183 1039 2262 diceretur,
1073 2203 1147 2250 esse
1169 2183 1352 2248 Anaximan-

259 2296 366 2379 drum3
390 2299 552 2381 quoniam,
575 2297 604 2362 si
625 2297 732 2361 loounr
750 2293 806 2360 illo
829 2295 931 2358 altero
946 2292 1042 2359 modo
1060 2293 1282 2373 intellexisset,
1295 2311 1351 2356 non

259 2409 420 2490 potuisset
446 2427 511 2474 non
540 2405 811 2481 animadvertere,
844 2403 928 2469 hano
955 2423 1046 2470 suam
1075 2401 1262 2486 opinionem
1290 2419 1352 2466 oum

258 2519 330 2604 ipso
352 2519 422 2583 looo
445 2536 598 2602 pugnare.

358 2639 408 2700 21.
451 2636 643 2717 Priusquam
665 2632 851 2698 Aristotelis
884 2632 989 2696 looum
1021 2628 1219 2712 linquamus,
1255 2648 1353 2694 reeen-

259 2747 376 2814 tiorum
408 2746 506 2812 etiam
538 2743 579 2810 de
612 2743 724 2808 eadem
756 2742 944 2824 quaestione
966 2741 1146 2805 sententiae
1167 2735 1349 2805 indicandae

260 2866 342 2924 sunt.
386 2856 430 2921 Hi
452 2855 552 2939 igitur
579 2853 612 2918 in
636 2851 830 2936 explicanda
851 2850 1035 2916 Aristotelis
1059 2849 1293 2934 propositione:
1310 2836 1350 2907 ‘oi

259 2966 318 3050 μὲν
340 2959 398 3050 γὰρ
421 2959 456 3029 ἓν
478 2955 678 3046 ποιήσαντες
699 2955 737 3024 τό
762 2952 801 3026 όν
821 2995 859 3004 -
882 2995 923 3004 -
948 2943 1048 3022 τᾶλλα
1064 2958 1201 3042 γεννῶσι
1230 2947 1307 3020 κτλ.’
1334 2975 1352 3018 a

261 3179 459 3190 ....—..-—--

263 3330 342 3366 snam
361 3310 395 3365 de
414 3306 626 3362 Anaximandro
640 3305 800 3375 opinionem
817 3303 960 3373 proponit.
989 3302 1033 3356 Ob
1046 3302 1121 3356 huno
1139 3302 1231 3357 locum
1240 3299 1351 3355 Zellerus

264 3408 372 3479 (Geeoh.
391 3406 442 3462 der
461 3404 564 3458 Philoe.
583 3404 605 3472 Ι,
623 3421 651 3472 p.
672 3402 733 3471 189)
762 3400 936 3470 Simplicium
959 3397 1102 3454 existimat
1125 3398 1159 3452 de
1184 3399 1244 3467 ipsa
1261 3391 1350 3450 Anaxi·

262 3505 373 3561 mandri
391 3501 520 3558 doctrina
539 3519 597 3556 esso
617 3502 766 3566 incertum3
796 3503 824 3553 et
842 3497 919 3565 haee,
943 3497 1052 3566 opinor,
1077 3513 1174 3550 oanssa
1193 3499 1242 3562 est,
1268 3488 1350 3548 curin

263 3600 426 3673 exponenda
446 3598 649 3653 Anaximandri
669 3597 797 3651 doctrina
810 3594 948 3663 Simplicii
967 3593 1131 3647 testimonia
1149 3610 1206 3647 non
1225 3587 1349 3659 respiciat.

264 3701 297 3754 ln
322 3699 484 3753 universum
512 3699 606 3750 antem
638 3695 697 3748 sine
724 3694 806 3747 huius
826 3691 963 3761 Simplicii
986 3691 1041 3746 looi
1072 3693 1149 3744 certe
1175 3682 1351 3756 intellegentia
1411 3673 1412 3760 J

264 3815 321 3867 eae,
341 3811 413 3866 quse
426 3793 460 3849 de
470 3792 674 3848 Anaximandri
692 3790 833 3861 principio
852 3793 925 3851 sunt,
945 3789 1008 3843 lites
1027 3805 1083 3842 non
1096 3790 1213 3857 possunt
1230 3777 1349 3851 componi·

367 3895 394 3964 1)
413 3892 475 3947 Vid.
495 3907 579 3960 supra
597 3907 624 3960 p.
647 3891 696 3942 127
715 3892 774 3943 not.
795 3888 819 3940 l.

364 3991 392 4060 2)
412 3983 460 4060 „ori
480 3989 558 4041 δοκεῖ.
575 3990 679 4046 οἰκείως
696 3985 727 4059 τῇ
746 3978 934 4039 ἀνταποδόσει
954 3983 1120 4054 κεχρῆσθαι·
1148 3977 1236 4036 εἰπών
1253 3997 1301 4048 γαρ
1318 3973 1350 4026 ὀἱ
1411 3977 1412 4032 ἶ

265 4084 392 4160 μὲνγὰρ
410 4085 442 4140 ἓν
459 4079 622 4151 ποιήσαντες
638 4081 670 4137 τὸ
689 4076 734 4137 ὂν’
762 4073 934 4140 ἀνταποδούς
953 4095 1023 4152 φησι
1042 4075 1113 4148 πρὸς
1131 4077 1210 4131 τοῦτο
1228 4075 1267 4129 ‘ot
1283 4073 1306 4126 δ’
1326 4070 1350 4123 ἐν
1411 4067 1412 4148 J

266 4185 314 4238 τοῦ
338 4179 399 4242 ἑνὸς
425 4177 539 4240 ἐνούσας
557 4185 602 4235 καὶ
620 4177 653 4234 τὰ
672 4180 752 4247 ἑξῆς.’
775 4172 930 4232 ἀκόλουθον
955 4175 987 4230 di
1013 4165 1047 4240 ἦν
1065 4176 1103 4246 τῷ
1131 4169 1234 4228 εἰπόντι
1256 4173 1292 4225 ‘oi
1307 4166 1351 4240 μὲν
1411 4199 1412 4250 3

266 4277 319 4352 γὰρ
338 4279 369 4334 ἓν
387 4274 559 4347 ποιήσαντις’
583 4273 795 4334 ἀνταποδίδοντι
815 4276 904 4328 εἰπεῖν
921 4275 961 4326 ‘ot
979 4272 1010 4327 δὲ
1030 4267 1117 4325 πολλὰ
1137 4265 1326 4338 ποιήσοντες’“.
1411 4255 1412 4338 J
