2850 4904
773 349 827 404 210

238 525 311 592 dem
328 523 513 592 differentia
534 523 577 588 ab
599 524 671 606 ipso
686 522 863 588 Aristotele
885 526 996 604 aperte
1009 519 1209 604 significatur
1218 520 1251 600 ¹).
1272 519 1331 584 llco

239 635 273 700 in
294 634 481 699 universum
504 651 544 696 ea
574 650 640 713 qua
660 629 852 696 Aristoteles
886 629 987 694 utitur
1020 629 1227 712 physicorum
1259 628 1332 693 diri·

238 746 328 810 sione
352 743 401 807 illi
422 741 487 808 duo
510 739 638 824 physici
662 759 733 805 cum
746 738 987 805 Anaximandro
1010 745 1146 822 possunt
1157 739 1250 804 unius
1272 756 1332 820 spe-

239 854 300 919 ciei
332 853 463 918 notione
496 848 726 934 comprehendi
734 851 770 929 ²).
822 847 913 926 Quae
948 869 1019 914 cum
1050 849 1095 913 ita
1128 868 1163 913 se
1195 847 1332 924 habeant,

238 961 445 1028 statuendum
467 966 527 1038 est,
559 959 766 1025 Aristotelem
800 978 847 1040 co,
881 956 968 1040 quod
991 960 1099 1024 stetim
1130 963 1204 1041 po'st
1225 957 1333 1022 Anaxi-

241 1071 411 1137 mandrum
433 1071 661 1154 Anaxagoram
691 1088 819 1152 quoque
852 1075 884 1134 et
907 1067 1133 1150 Empedoclem
1165 1065 1334 1136 secretione

238 1182 472 1248 contrariorum
505 1181 553 1246 uti
589 1178 675 1261 dicit,
709 1199 774 1244 nou
818 1179 914 1245 hosce
948 1198 1019 1244 oum
1056 1178 1110 1242 illo
1144 1179 1239 1242 unius
1271 1195 1333 1258 spc-

239 1290 301 1356 oiei
338 1290 469 1354 notione
502 1285 774 1372 comprehendere
807 1286 959 1353 voluisse.
1003 1288 1110 1352 Antea
1142 1293 1251 1350 autem
1281 1285 1334 1348 iam

237 1398 422 1477 diximum).
455 1397 662 1462 Aristotelem
694 1403 866 1480 propterea
889 1397 992 1461 solum
1016 1396 1114 1460 hosce
1140 1395 1249 1460 statim
1272 1413 1335 1458 cum

239 1508 295 1572 illo
334 1507 550 1586 coniunxisse,
584 1504 673 1588 quod
707 1505 797 1570 notio
833 1506 1021 1570 secretionis
1056 1505 1282 1569 contrariorum
1311 1501 1335 1564 ci

234 1597 427 1682 'facillimum
449 1615 621 1700 praeberet
642 1614 684 1681 ab
707 1635 769 1680 uno
797 1634 916 1696 genere
945 1613 988 1680 ed
1010 1615 1146 1680 alterum
1168 1614 1335 1678 transitum.

238 1726 332 1792 Nune
365 1731 474 1792 eutem
507 1732 606 1790 totam
640 1745 707 1791 rem
732 1727 940 1808 exposuimus
970 1726 1162 1804 accuratius,
1195 1730 1230 1789 ut
1250 1723 1336 1806 plane

238 1841 375 1920 pateret,
421 1835 462 1900 ab
498 1834 675 1902 Aristotele
718 1837 823 1918 ipsum
869 1835 1102 1900 Anaximandri
1154 1832 1335 1918 principium

239 1944 368 2010 omnino
392 1965 456 2010 non
479 1945 628 2028 componi
652 1965 724 2010 cum
743 1944 903 2028 principio
931 1947 1154 2028 Anaxagorae.

339 2055 389 2118 22.
413 2054 675 2118 Demonstratum
709 2053 808 2136 igitur
829 2054 956 2118 videtur
989 2073 1071 2128 esse,
1106 2054 1148 2118 ab
1171 2050 1336 2117 Aristotele

240 2184 278 2228 eo
303 2164 384 2244 loco,
409 2161 449 2227 de
483 2180 546 2244 quo
568 2161 733 2244 hucusque
764 2163 899 2244 egimus,
932 2160 1210 2228 Anaximandrum
1231 2159 1337 2226 norni-

239 2273 363 2338 nutim
392 2291 465 2336 eum
487 2269 561 2353 dici,
592 2271 648 2353 qui
671 2277 848 2338 naturam
875 2271 981 2336 inter
1003 2290 1131 2336 aerem
1161 2277 1198 2335 ot
1222 2273 1337 2352 ignem

239 2380 403 2446 mediam
425 2400 583 2444 summum
605 2399 711 2446 rerum
735 2380 931 2465 principium
960 2387 1068 2464 ponat.
1112 2381 1218 2445 Antea
1239 2385 1336 2444 auteur

239 2489 447 2565 ostendimus,
470 2488 512 2554 ab
536 2488 710 2555 Aristotele
738 2489 896 2556 vocabula
921 2484 977 2554 ‘cd
1000 2484 1091 2572 παρὰ
1112 2488 1154 2552 cd
1176 2475 1337 2568 ccccxcio',

236 2597 290 2664 ‘ud
313 2597 433 2680 μεταξὺ
455 2596 552 2679 ἀέρος
574 2596 627 2661 καὶ
650 2592 766 2680 πυρός,
791 2592 846 2662 ‘cd
869 2593 992 2680 μεταξὺ
1015 2590 1114 2682 α’έρος
1135 2597 1190 2662 καὶ
1212 2591 1338 2669 ὕδατος’

239 2711 307 2774 sine
331 2709 396 2772 ullo
421 2707 549 2772 delectu
576 2706 618 2772 ad
641 2706 889 2790 significandum
921 2727 1020 2772 unum
1043 2707 1194 2791 idemque
1228 2704 1337 2791 princi·

239 2820 326 2902 pium
348 2817 499 2883 adhiberi
507 2815 550 2900 4);
585 2837 685 2900 quare
720 2817 777 2882 illa
798 2817 1074 2883 demonstratione
1098 2818 1229 2902 proprio
1250 2813 1337 2882 simul

240 2926 491 2993 demonstratum
514 2933 573 3008 est,
595 2927 636 2992 ab
660 2927 841 2992 Aristotele
855 2946 911 2991 eos
930 2926 1038 3004 etiam,
1062 2929 1118 3009 qui
1142 2921 1182 2990 cd
1204 2917 1337 3008 μεταξύ

239 3027 357 3116 α’έρος
379 3034 443 3098 καὶ
464 3028 608 3110 ὕδατος
641 3041 672 3100 et
694 3037 749 3117 qui
781 3030 826 3099 τὸ
852 3031 957 3115 παρὰ
977 3030 1026 3098 τὰ
1048 3040 1230 3116 στοιχεῖα
1262 3034 1337 3117 prin-

240 3144 358 3227 cipium
371 3148 502 3226 ponant,
526 3163 588 3207 non
600 3141 683 3207 alios
699 3141 845 3225 intellegi
864 3141 927 3208 nisi
949 3162 1047 3207 unum
1059 3143 1338 3210 Anaximandrum.

239 3249 303 3316 Sed
326 3256 434 3314 tamen
465 3249 566 3314 tutius
589 3269 661 3314 esse
684 3247 834 3327 diximus,
875 3249 907 3314 id
943 3251 1048 3333 ipsum
1072 3248 1112 3314 de
1136 3251 1226 3318 hisce
1248 3253 1338 3318 etiam

341 3485 368 3554 1)
386 3484 469 3552 Phys.
484 3483 505 3550 I,
525 3486 550 3538 4.
571 3486 621 3537 187
631 3487 702 3538 ²23:
721 3485 776 3553 „ix
794 3479 850 3537 iod
869 3490 1047 3557 μίγματος
1063 3481 1117 3556 γὰρ
1129 3485 1198 3556 [καὶ]
1219 3471 1288 3539 oium
1302 3485 1338 3537 ἐκ·
1409 3555 1410 3560 1

240 3588 361 3652 κρίνουσι
380 3573 490 3635 stillost
519 3580 562 3634 uf.
581 3581 616 3634 de
635 3581 687 3636 hoc
706 3582 767 3635 loco
787 3599 870 3650 supro
890 3599 918 3650 p.
938 3583 972 3635 57
991 3586 1020 3636 et
1039 3585 1083 3651 58,
1106 3583 1156 3637 ubi
1174 3583 1337 3638 ostendimus

241 3677 334 3744 etiam,
353 3678 578 3732 coniunctionem
597 3675 668 3731 ‘nol’
694 3684 761 3732 ante
778 3662 878 3731 ‘oium'
901 3697 956 3732 non
976 3696 1035 3732 esse
1052 3680 1225 3734 Aristotelis.

346 3774 375 3843 2)
394 3775 487 3828 Aliter
506 3791 550 3828 res
570 3774 735 3842 sehaberet,
754 3775 776 3828 si
797 3775 1097 3844 Aristotelcsprimnm
1116 3776 1261 3830 divisionis
1271 3775 1338 3845 prin·

241 3869 346 3938 oipinm
365 3888 422 3924 non
440 3888 458 3924 a
476 3889 593 3925 numero
611 3873 816 3942 principiorum
834 3873 883 3925 sed
905 3889 921 3924 a
940 3873 1186 3926 multitudinis
1205 3889 1337 3944 genera·
1409 3883 1410 3900 ¹

241 3959 340 4013 tione
358 3959 527 4028 repetiisset3
557 3961 605 4014 sed
624 3960 678 4014 hoc
696 3961 836 4030 principio
862 3977 919 4014 non
938 3961 1028 4014 utitur
1055 3961 1110 4014 nisi
1134 3961 1164 4016 iu
1189 3962 1337 4030 primorum

240 4072 374 4124 generum
393 4055 591 4111 subdivisione.

341 4151 370 4220 3)
388 4150 452 4204 Vid.
472 4169 556 4222 supra
574 4171 601 4222 p.
624 4155 684 4208 153.

341 4249 368 4313 4)
388 4247 450 4300 Vid.
470 4266 554 4317 supra
568 4266 594 4316 p.
616 4251 677 4302 103.
