2864 4904
540 443 543 448 .
616 388 665 442 121

85 557 231 639 μεταξὺ
253 559 382 643 πυρὸς
403 556 467 624 καὶ
486 551 601 641 ἀέρος
620 549 818 646 appellat¹).'
851 562 897 627 Iis
918 561 1095 638 verolocis,
1119 561 1188 644 qui·

86 668 148 733 bns
162 669 383 751 generaliores
399 670 584 736 Aristotelis
605 671 784 738 sententias
807 692 825 737 e
840 671 1065 756 philosophiae
1089 670 1188 737 histo·

82 775 139 842 riu
159 777 300 843 illustrat
321 784 354 843 et
375 778 409 844 in
444 777 505 844 hac
535 800 570 846 re
592 779 824 846 Anaximandri
846 799 973 864 quoque
994 782 1187 846 mentionem

84 885 176 967 facit,
199 885 295 952 huius
317 886 513 972 principium
545 888 737 972 simpliciter
769 889 850 956 dicit
875 889 919 954 τὸ
939 889 1093 972 μεταξὺ,
1124 891 1187 954 ele·

82 1003 265 1062 mentorum
289 995 518 1080 designatione
540 1017 603 1062 non
625 997 784 1081 addita¹).

83 1186 287 1195 ———

190 1292 216 1362 Ι)
236 1292 360 1362 Simplic.
378 1293 459 1363 Phys.
482 1295 541 1362 107,
562 1313 587 1364 ιι,
613 1294 661 1350 fin.
690 1295 732 1362 (in
750 1294 869 1350 Aristot.
893 1294 973 1363 Phys.
993 1295 1042 1359 111,
1067 1296 1092 1350 4.
1110 1295 1188 1350 2031>
1214 1287 1216 1294 ’

84 1395 101 1444 7
124 1389 191 1459 sq.):
212 1396 307 1460 ,θεῖον
326 1389 357 1442 dl
376 1387 406 1443 τὸ
426 1395 515 1444 αἴτιον
532 1394 579 1444 καὶ
596 1388 633 1450 oie
656 1386 745 1462 ἀρχὴν
762 1393 871 1460 λέγουσι
890 1394 936 1443 καλ
955 1388 991 1450 ὡς
1008 1385 1143 1461 ἀγένητόν
1159 1409 1188 1445 ιε

83 1480 301 1560 καὶάφδαριον
321 1487 443 1540 τοιοῦτον
460 1483 514 1558 γὰρ
524 1483 798 1559 Ἀναξίμανδρος
813 1485 849 1542 τὸ
868 1486 990 1559 μεταξὺ
1009 1486 1114 1558 πυρὸς
1134 1491 1188 1540 καλ

81 1577 223 1652 ἀέρος’
204 1600 353 1653 απειρον
371 1579 477 1655 ἀρχὴν
495 1585 628 1638 ένίέλειέ*

189 1678 359 1749 2)Βὶιιιη)Ιίο.
388 1679 600 1735 00e1.251·25
628 1681 671 1736 ed.
697 1681 811 1736 Carsten
836 1682 877 1748 (iu
903 1681 1021 1737 Aristot
1045 1682 1119 1736 Coel.
1139 1641 1188 1749 ΙΙΙ,

85 1779 107 1828 l
129 1773 206 1829 2981>
220 1777 264 1845 29,
283 1777 375 1831 ubire
393 1777 564 1848 generaliter
582 1777 616 1832 de
634 1777 755 1847 physicis
774 1777 865 1847 loquit
866 1795 907 1842 ur,
928 1778 976 1847 qui
994 1796 1028 1833 ex
1047 1795 1103 1832 une
1121 1795 1188 1846 qua·
1236 1851 1237 1855 Ἰ

83 1873 151 1926 dam
170 1876 274 1928 natura
293 1873 422 1928 omnibus
434 1874 560 1929 subiecto
581 1874 691 1944 reliqua
702 1875 830 1944 generari
844 1875 964 1944 diceutl:
985 1878 1091 1944 ,ιρέιον
1101 1888 1186 1942 προσ·

81 1974 178 2032 τίθησι
206 1966 257 2033 την
282 1970 339 2026 τῶν
354 1976 453 2040 κυρίως
474 1972 602 2042 φυσικῶν
623 1974 783 2042 λεγομένων
804 1966 896 2040 δόξαν,
919 1975 1015 2031 οἵτινες
1034 1963 1124 2024 πάντα
1145 1973 1187 2038 γέ-

83 2071 184 2118 νισθαι
203 2068 329 2136 λέγοντες
346 2065 378 2121 ἓν
393 2062 485 2138 μόνον
496 2068 624 2139 ἔφασκον
640 2064 776 2138 ἀγένητον
794 2065 953 2138 ὑπομένειν,
972 2069 1001 2127 έξ
1018 2053 1050 2120 οὗ
1068 2064 1100 2119 τὰ
1118 2060 1186 2118 ἀλλα

83 2166 189 2229 γίνεται
219 2165 266 2214 καὶ
288 2159 365 2222 εἰςι
350 2184 365 2217 ο
388 2157 538 2228 ἀναλύεται,
564 2163 652 2230 Θαλῆς
672 2163 729 2236 μὲν
752 2159 826 2233 νδωρ
847 2159 1087 2234 ’ὲΛναξιμένηςδ
1110 2157 1187 2232 ἀέρα,

80 2252 360 2330 Αναξίμανδρος
378 2256 414 2313 τὸ
431 2257 561 2330 μεταξὺ,
588 2262 642 2330 πῦρ
662 2261 694 2314 δὲ
713 2254 908 2331 Ἡράκλειιοςά
947 2260 1007 2327 Quo
1029 2260 1091 2314 loco
1109 2259 1185 2320 lieet,

84 2356 224 2424 quoniam
243 2356 370 2426 proxime
389 2357 559 2411 antecedunt
576 2357 712 2412 vocabula
730 2351 818 2428 “ῧδωρ
837 2352 892 2412 et’
878 2351 938 2425 αὴρ,
957 2377 987 2410 το
977 2353 1100 2428 μεταξὺ
1113 2355 1187 2409 inter

84 2471 188 2521 equam
208 2455 239 2506 et
257 2470 350 2507 aerem
367 2451 494 2524 intellegi
512 2454 610 2522 possit'¹
631 2457 725 2508 tamen
744 2453 773 2508 id
796 2453 873 2507 nullo
896 2453 979 2507 modo
1000 2451 1186 2506 necessarium

84 2554 133 2602 est.
173 2548 246 2602 rnre.
267 2549 340 2602 eos·
353 2549 388 2602 ια
413 2550 452 2614 (ιιι
472 2549 590 2604 crisos.
609 2549 658 2604 ιιι.
677 2531 707 2605 a'
722 2551 793 2604 coa·
810 2551 851 2613 ro,
875 2549 925 2603 usi
948 2549 972 2603 n
993 2549 1109 2603 eandem
1127 2547 1187 2601 fere

84 2645 256 2700 sententiam
273 2643 429 2715 proponitl:
454 2637 542 2716 ,η’σαν
566 2646 601 2700 δέ
616 2663 686 2705 τινες
706 2648 733 2697 ot
755 2645 786 2699 έν
802 2648 934 2714 λέγοντες,
961 2646 1050 2712 Θαλῆς
1067 2644 1123 2715 μὲν
1141 2648 1187 2697 καλ

78 2736 188 2796 Ἵππων
208 2738 291 2811 ὕδωρ,
307 2737 491 2812 Ἀναξιμένης
508 2745 555 2794 καὶ
573 2746 708 2812 Διογένης
725 2737 802 2812 ἀέρα,
816 2736 987 2811 Ἡράκλειτος
1004 2741 1066 2811 πῦρ,
1089 2746 1135 2794 καὶ
1151 2739 1200 2806 τὸ,
1259 2727 1264 2738 ’

83 2833 211 2909 μεταξὺ
230 2834 530 2909 Ἀιιαξέμανδρος.“
573 2832 633 2906 Quo
652 2839 713 2894 loco
731 2836 762 2893 τὸ
774 2833 875 2910 μεταξὺ
894 2838 1063 2909 generaliter
1076 2841 1186 2892 tanturn

83 2940 177 3004 potest
197 2935 333 3005 intellegi.

185 3032 271 3100 Phys.
289 3033 352 3100 295,
373 3032 400 3091 b.
420 3035 492 3100 part
511 3031 561 3087 ini.
579 3031 621 3100 (in
639 3023 757 3087 Aristot.
772 3031 858 3102 Phys.
868 3031 943 3096 VIII,
960 3033 986 3084 7.
1004 3031 1078 3083 2601)
1093 3033 1118 3098 7,
1137 3030 1186 3084 ubi

85 3129 108 3182 is
128 3128 287 3197 contendit,
306 3146 368 3184 eum
387 3133 503 3199 motum,
522 3130 571 3198 qui
594 3130 648 3184 loci
672 3129 830 3184 mutatione
854 3129 1040 3194 contineatur,
1058 3127 1187 3182 omnibus

86 3231 177 3280 motus
195 3225 348 3297 generibus
366 3225 489 3295 priorem
510 3243 577 3295 esse,
598 3227 633 3280 ad
652 3225 779 3296 hancque
803 3243 862 3280 rem
880 3225 1126 3282 demonstrandam
1145 3224 1186 3278 di·

87 3323 131 3386 cit,
151 3323 328 3378 adiectiones
345 3323 481 3377 materiae
497 3323 622 3377 omnium
640 3324 745 3392 primas
762 3341 821 3378 esse
833 3322 1077 3378 condennationem
1096 3324 1125 3375 et
1143 3339 1186 3374 ra·

86 3419 279 3488 reiectionem,
307 3419 356 3475 has
384 3424 478 3474 autern
503 3420 654 3474 consistere
686 3421 725 3486 in,
748 3420 924 3474 concretione
955 3423 984 3472 et
1011 3417 1187 3486 discretione,

87 3533 156 3584 quae
183 3533 244 3570 uon
270 3515 341 3570 fiant
364 3516 423 3571 sine
451 3516 607 3572 mutatione
635 3517 698 3580 loci,
728 3516 940 3571 aconcretioue
967 3520 997 3570 et
1019 3514 1187 3570 discretione

87 3615 179 3666 sotem
200 3628 297 3666 omnes
315 3629 410 3666 rerum
430 3613 625 3684 generationes
645 3617 674 3669 st
697 3613 828 3667 interitus
846 3612 950 3682 repeti3
975 3630 1059 3680 quam
1077 3615 1186 3666 senteu-

87 3707 153 3761 tiam
171 3708 299 3777 Sirnplic.
318 3709 358 3764 sic
376 3709 527 3778 explicat):
553 3715 621 3780 „stre
646 3706 700 3780 γὰρ
724 3703 866 3780 σύγκρισις
889 3712 935 3761 καλ
958 3704 1093 3786 διάκρισίς
1112 3708 1188 3761 ἐστιν

88 3801 162 3868 (huie
180 3805 248 3857 ‘edre
267 3805 335 3858 κιλ.’
358 3805 440 3860 initio
465 3807 605 3874 sequentis
630 3806 786 3860 sententiae
804 3805 954 3874 respondet
976 3805 1046 3858 ‘stre
1065 3805 1110 3856 καὶ
1128 3802 1186 3855 και’

88 3893 233 3954 ἀλλοίωσιν
250 3901 329 3970 κιλ.’)
356 3898 373 3968 ἡ
394 3905 504 3970 γένεσις
526 3905 573 3956 καὶ
595 3897 701 3974 φθορά,
724 3900 760 3963 ὠς
782 3897 880 3973 ἤρεσκε
903 3905 1067 3972 Δημοκρίτῳ
1089 3899 1118 3953 τὲ
1142 3902 1188 3952 καὶ

87 3992 259 4068 Ἀναξαγόρᾳ
277 4002 322 4051 καὶ
333 3993 529 4072 Ἐμπεδοκλεῖ,
548 4004 600 4053 καὶ.
612 3996 673 4054 ὅσοι
694 4000 751 4070 [καὶ
768 4000 882 4054 videtur
898 3999 1047 4054 delendum
1060 3996 1129 4066 esse]
1154 3992 1187 4049 ιδ

90 4098 179 4164 πρῶτα
211 4091 326 4166 σώματα
346 4093 444 4164 ἀπαθῆ
468 4095 638 4169 ὑποθέμενοι
661 4099 757 4156 τελέως
773 4098 804 4151 έκ
828 4093 930 4151 τούτων
952 4098 1073 4168 ἐγέννων
1095 4086 1187 4164 τάλλα,

92 4183 167 4256 ἢὼς
186 4195 218 4246 οἱ
246 4193 297 4262 [sie
315 4211 367 4264 pro
390 4187 425 4262 ‘ii
447 4189 519 4248 dooe'
549 4193 663 4249 videtur
685 4195 833 4265 legendum
861 4195 931 4263 esse]
956 4195 987 4250 ἓν
1016 4192 1186 4266 ὑποθέμενοι

91 4283 118 4338 τὸ
137 4297 283 4362 σιοιχεῑον,
302 4285 396 4359 ὥσπερ
411 4287 692 4363 Ἀναξίμανδρος
704 4288 739 4346 τὸ
757 4285 889 4363 μεταξύ,
908 4285 1099 4365 πυκνούμενον
1109 4291 1188 4344 τοῦτο
