2864 4910
624 419 675 472 361

96 609 206 672 quam
225 591 317 656 initio
341 592 578 674 proposuimus.
622 591 751 657 Etenim
774 591 911 675 primum
926 591 1017 657 bisce
1039 592 1120 657 locis
1143 611 1207 656 om-

95 699 203 765 nibus
239 701 351 766 stellae
381 703 473 784 ipsae
506 720 526 764 a
558 701 662 766 stellis
695 701 928 785 apparentibus
965 701 1209 785 distinguuntur

96 809 248 890 illaeque
280 831 342 874 uno
374 829 429 876 ore
454 811 500 874 ita
520 809 719 886 difiniuntur,
752 815 787 874 nt
820 810 886 876 sint
908 811 1023 876 orbes
1045 803 1208 890 (κύκλοι)

96 918 211 981 aerii
251 918 386 1001 igneos
409 918 523 983 orbes
557 918 808 983 includentes
850 920 911 984 vel
944 919 1055 984 orbes
1096 917 1208 1001 ignei

96 1026 229 1092 aeriis
251 1026 408 1093 orbibus
432 1027 688 1108 circumclusi,
712 1027 774 1093 hae
798 1037 905 1094 antem
928 1029 983 1104 ita,
1007 1033 1042 1092 ut
1065 1029 1128 1093 sint
1150 1046 1209 1091 or·

97 1137 211 1201 bium
229 1137 383 1202 illorum
404 1137 595 1203 aeriorum
618 1137 815 1219 foramina,
831 1157 890 1221 per
909 1157 993 1219 quae
1006 1138 1091 1220 ignis
1109 1137 1209 1202 inclu-.

97 1264 161 1311 sus
174 1245 218 1310 ad
238 1266 298 1311 nos
311 1246 471 1328 effulgeat.
496 1245 590 1324 Quod
602 1246 644 1310 ad
658 1246 780 1311 orbium
796 1248 922 1312 illorum
936 1247 1068 1311 formam
1083 1247 1208 1323 attinet,

98 1358 179 1438 ipsa
202 1355 353 1421 vocabuli
376 1355 613 1439 significatione
638 1362 773 1440 possunt
806 1354 936 1437 quidem
961 1360 993 1419 et
1015 1355 1127 1438 plani
1151 1374 1208 1438 cy-

98 1465 235 1531 lindri
267 1467 349 1531 sive
381 1471 488 1530 rotae
521 1465 675 1532 solidae
699 1471 731 1529 et
757 1463 916 1530 annuli
939 1483 1020 1540 esse,
1055 1465 1208 1546 quoniam

99 1571 223 1651 κύκλος
245 1581 412 1658 utrumque
431 1574 613 1658 significare
635 1580 757 1660 potest,
781 1594 893 1640 verum
915 1574 981 1638 alia
1003 1578 1085 1656 sunt,
1106 1573 1208 1653 equi-

99 1686 165 1752 bus
189 1684 368 1750 certissime
391 1683 561 1760 efficiatur,
583 1704 638 1750 eos
661 1703 733 1748 esse
756 1684 902 1749 annulos.

208 1793 256 1859 Ac
280 1795 415 1876 primum
439 1790 568 1874 quidem
591 1793 639 1857 illi
668 1793 833 1858 stellarum
855 1791 949 1857 orbes
982 1796 1208 1874 comparantur

101 1923 178 1968 cum
202 1903 291 1980 rotis,
319 1908 416 1984 atquc
442 1901 573 1984 quidem
597 1923 660 1966 non
682 1921 754 1966 cum
777 1901 856 1967 rotis
879 1903 912 1965 in
943 1901 1127 1966 universum
1150 1900 1207 1965 sed

101 2032 190 2076 cum
213 2012 312 2076 rotis
344 2030 535 2076 curruum.
582 2011 738 2076 Gurruum
772 2017 878 2075 autem
910 2016 1000 2077 rotae
1032 2010 1097 2074 iam
1131 2015 1208 2074 tem-

103 2120 240 2204 poribus
261 2121 401 2202 antiquis
424 2120 512 2203 apud
533 2120 675 2186 Graecos
702 2140 766 2185 non
789 2127 880 2185 erant
915 2119 1039 2186 solidae
1073 2119 1132 2184 sed
1154 2140 1207 2183 ra-

103 2231 167 2296 diis
185 2231 371 2312 instructae,
394 2231 511 2312 quibus
535 2229 694 2295 modiolus
717 2251 789 2295 oum
809 2236 980 2296 curvatura
1003 2230 1206 2312 iungebatur.

104 2340 194 2422 Ergo
217 2340 383 2405 stellarum
403 2339 497 2404 orbes
520 2359 582 2403 non
606 2360 678 2403 cum
694 2339 773 2405 rotis
789 2339 904 2405 solidis
924 2337 982 2403 sed
999 2358 1070 2404 cum
1086 2338 1206 2403 talibus
1291 2361 1297 2375 ⁸

101 2451 183 2514 rotis
208 2457 444 2532 comparantur,
467 2451 500 2514 in
512 2450 630 2531 quibus
640 2449 801 2514 modiolus
822 2469 894 2514 cum
907 2454 1079 2514 curvatura
1095 2449 1205 2513 iuncta

103 2564 156 2624 est
179 2556 291 2623 radiis.
337 2557 533 2623 Deinde'illi
556 2558 650 2624 orbes
673 2578 820 2624 curruum
844 2559 921 2624 rotis
944 2558 1067 2623 similes
1096 2556 1207 2622 dicun·

104 2674 156 2733 tur
178 2687 290 2732 cavam
318 2666 438 2732 habero
462 2666 728 2751 peripheriam
761 2664 1009 2752 (περιφέρειαν),
1043 2685 1126 2748 quae
1156 2685 1206 2732 re·

103 2779 194 2861 pleta
213 2776 256 2842 sit
282 2776 366 2858 igne,
399 2782 430 2839 et
462 2775 523 2840 bac
544 2781 634 2858 parte
658 2780 886 2858 comparantur
917 2794 989 2839 oum
1013 2779 1206 2838 rotarum

103 2889 351 2950 curvatura
373 2884 470 2947 sive
500 2883 653 2948 orbita
676 2880 814 2965 (toton),
847 2902 929 2964 quae
959 2901 1040 2946 cava
1069 2888 1101 2946 et
1131 2883 1206 2963 igne

103 2994 229 3076 repleta
253 2993 303 3058 sit.
349 2991 428 3057 (inm
452 2998 560 3057 autem
593 2992 627 3056 in
649 2999 720 3057 rota
741 2997 871 3075 praeter
892 2997 1097 3056 curvaturam
1121 2989 1206 3055 radii

103 3105 203 3168 etiam
227 3104 289 3166 sint
306 3109 347 3188 ⁸et
369 3101 536 3183 modiolus,
570 3103 667 3168 facilc
690 3108 789 3185 patet,
817 3104 849 3166 in
879 3103 944 3167 illis
971 3102 1135 3166 stellarum
1158 3120 1206 3165 or-

59 3262 61 3266 .
101 3213 199 3278 bibus
222 3213 304 3276 nibil
328 3233 408 3294 esse,
438 3212 525 3294 quod
555 3219 696 3279 rotarum
729 3212 830 3278 radiis
854 3219 886 3278 ot
908 3211 1050 3277 modiolo
1073 3231 1205 3295 respon-

103 3323 190 3403 deat,
213 3322 276 3386 nisi
298 3321 379 3387 i'orte
400 3321 561 3387 modiolus
574 3324 781 3406 intellegatur
795 3324 877 3388 axis.
911 3323 996 3406 Ergo
1020 3343 1057 3388 eo
1080 3327 1204 3386 tantum

103 3433 271 3497 intellectu
292 3431 427 3514 putandi
452 3437 524 3496 sunt
546 3452 616 3496 cum
633 3451 780 3497 curruum
804 3435 881 3498 rotis
903 3431 1094 3516 comparari,
1118 3431 1205 3514 quod

103 3541 228 3606 similes
251 3540 316 3605 sint
336 3545 527 3603 rotarum
552 3545 835 3617 curvaturae,
867 3561 950 3622 quae
973 3560 1052 3605 cava
1075 3545 1107 3604 ot
1129 3541 1204 3622 igne

102 3651 229 3734 repleta
250 3650 301 3714 sit.
343 3651 412 3713 lam
433 3669 509 3714 vero
533 3649 630 3731 orbis,
654 3649 709 3731 qui
730 3650 848 3715 similis
869 3657 918 3716 est
930 3657 1071 3740 rotarum
1095 3669 1204 3714 curva·

103 3768 196 3825 turae
219 3779 321 3824 cavae
342 3760 463 3842 etigne
484 3761 637 3842 repletae,
661 3765 710 3824 est
733 3762 923 3824 annulus
947 3779 1083 3823 cavus
1107 3757 1203 3823 sive

102 3870 275 3954 pervius,
312 3867 477 3933 solidum
514 3869 622 3951 ignis
651 3870 838 3934 annulum
874 3867 1203 3934 circumcludens.

103 3979 198 4060 Ergo,
223 3977 250 4042 si
274 3977 510 4059 descriptiones
533 3979 649 4043 allatas
675 3978 848 4060 sequimur,
871 3977 1107 4042 Anaximandri
1130 3978 1203 4042 stel-

102 4089 204 4151 larum
228 4087 321 4152 orbes
344 4093 419 4152 sunt
452 4087 523 4151 cavi
544 4088 655 4152 annuli
681 4088 762 4152 aerii
790 4085 910 4153 solidos
933 4088 1068 4152 annulos
1091 4089 1203 4168 igneos

104 4195 399 4261 circumcludentes.

204 4306 274 4370 Iam
296 4326 367 4371 cum
391 4307 645 4390 cognoverimus
669 4307 833 4373 stellarum
855 4307 949 4374 orbes
971 4304 1106 4373 annulos
1131 4322 1203 4369 esse
1276 4371 1279 4375 .
