2850 4904
633 373 682 425 169

93 565 113 609 a
135 541 300 626 cogitandi
324 543 519 625 dicendique
540 544 667 627 legibus
690 562 753 609 non
776 543 936 624 abhorret,
959 543 1000 608 ab
1018 542 1198 609 indicandis

94 652 240 736 partibus
270 653 414 732 incipere
446 659 478 716 et
506 673 579 738 cum
610 671 804 734 unaquaque
829 658 922 737 parte
944 652 1073 736 generis
1095 653 1199 717 notio-

46 748 49 754 ’
92 781 167 826 nem
198 761 404 845 coniungere,
442 761 512 827 sive
549 764 603 844 ita,
638 770 673 828 ut
701 761 889 846 singillatim
912 783 984 828 cum
1006 781 1199 845 unaquaque

94 872 318 954 coniungatur,
350 872 419 937 sive
440 871 497 956 ita,
528 879 562 937 ut
585 873 799 955 coniungatur
821 892 892 937 cum
915 870 1020 955 prima
1041 871 1144 937 solum
1168 876 1200 937 et

93 979 135 1044 ad
155 979 297 1063 reliquas
320 987 426 1046 mente
449 983 647 1066 suppleatur.
692 980 799 1061 Quare
836 981 864 1047 si
901 979 1067 1065 ponimus,
1100 980 1199 1046 verba

91 1084 141 1153 “eh
169 1082 370 1173 ποιήσαντες
396 1090 435 1154 τὸ
462 1083 500 1155 hv
528 1081 613 1155 κτλ.’
635 1093 756 1175 pariter
785 1089 828 1156 ad
853 1083 885 1153 ol
909 1088 968 1172 μὲν
991 1096 1023 1157 cl
1044 1091 1087 1157 ad
1109 1083 1141 1153 oi
1163 1085 1199 1154 δὲ
1236 1131 1238 1136 -

93 1201 252 1283 pertinere
274 1200 421 1283 ideoque,
448 1200 533 1285 quod
556 1221 628 1267 cum
649 1200 710 1267 hac
733 1203 893 1267 sententia
914 1202 1116 1268 coniunctum
1139 1207 1198 1280 est,

92 1308 155 1374 illis
177 1309 286 1375 verbis
308 1311 465 1376 contineri
487 1312 656 1377 statuimus
679 1312 840 1377 notionem
863 1312 1001 1396 generis,
1035 1310 1123 1394 quod
1145 1330 1198 1374 vo-

95 1419 218 1484 cabulis
244 1411 275 1482 ol
297 1417 357 1501 μὲν
380 1455 416 1464 -
442 1413 473 1483 ol
496 1417 533 1484 δὲ
554 1423 586 1487 in
610 1420 691 1487 duas
714 1421 926 1487 distribuatur
944 1427 1062 1504 partes,
1084 1419 1199 1486 divisio

93 1529 231 1594 maxime
253 1529 383 1611 quidem
407 1537 492 1596 esset
514 1536 546 1596 et
567 1530 611 1596 ad
632 1550 739 1596 rerum
761 1530 906 1597 ordinem
928 1528 1088 1615 disposita
1105 1537 1138 1597 et
1156 1528 1199 1595 ad

93 1657 230 1720 graecae
261 1639 391 1722 linguae
422 1659 514 1706 usum
548 1640 826 1723 accommodata„
843 1641 871 1707 si
907 1639 1035 1723 generis
1067 1641 1197 1706 notione

93 1751 283 1833 praeposita
311 1749 372 1816 hoc
403 1751 499 1817 modo
533 1750 712 1817 diceretur:
740 1744 794 1816 “eh
827 1751 886 1834 γὰρ
921 1749 1117 1837 ποιήσαντες
1152 1741 1198 1828 [oi

92 1857 242 1944 φυσικοὶ]
264 1859 303 1924 τὸ
324 1852 362 1924 ὃν
382 1861 479 1942 σῶμα
502 1909 508 1923 .
533 1909 540 1925 .
564 1909 571 1924 .
595 1911 601 1926 .
623 1853 659 1924 οἳ
674 1857 741 1942 μὲν
757 1845 856 1924 τᾶλλα
870 1867 1003 1944 γεννῶσι
1020 1851 1198 1944 πυκνότητι

91 1968 141 2031 καὶ
172 1961 332 2052 μανότητι
363 1963 471 2032 πολλὰ
504 1969 687 2046 ποιοῦντες,
713 1963 745 2033 oi
767 1967 803 2033 δὲ
825 1967 860 2034 ἐκ
881 1971 943 2033 τοῦ
966 1964 1038 2045 ἑνὸς
1060 1963 1198 2045 ἐνούσας

92 2077 145 2154 τὰς
168 2070 396 2162 ἐναντιότητας
418 2075 627 2160 §captasset
652 2080 779 2164 [φασιν]
791 2069 811 2162 '3
840 2079 898 2146 scd
919 2085 1027 2146 tamen
1052 2079 1098 2144 ita
1120 2099 1198 2162 quo·

91 2208 153 2270 que
177 2195 210 2254 et
233 2187 275 2252 ad
297 2190 476 2254 naturalem
506 2188 670 2272 cogitandi
701 2191 856 2254 rationem
879 2194 965 2254 recte
986 2196 1018 2254 et
1039 2188 1082 2254 ad
1106 2187 1197 2254 intel-

90 2296 266 2380 legendum
289 2297 370 2363 satis
392 2304 505 2382 aperte
527 2298 665 2382 exprimi
688 2298 802 2383 potuit,
825 2305 859 2365 ut
884 2300 991 2364 statim
1013 2297 1105 2364 initio
1128 2319 1198 2383 par-

92 2413 138 2471 tes
162 2412 361 2490 ponerentur
383 2405 498 2490 hisque
520 2407 609 2474 notio
632 2408 771 2490 generis,
809 2407 900 2474 cuius
937 2414 1045 2492 partes
1074 2409 1198 2475 intelle-

90 2515 219 2598 gendae
244 2522 363 2595 essent,
391 2516 615 2601 adponeretur,
645 2517 680 2582 in
702 2517 786 2584 huno
809 2517 950 2582 modum:
972 2511 1026 2581 ‘oi
1048 2513 1198 2600 μὲνγὰρ

90 2619 125 2687 ἓν
136 2625 337 2711 ποιήσαντες
355 2620 394 2690 τὸ
411 2619 449 2690 th
464 2627 560 2708 σῶμα
576 2677 582 2691 .
607 2677 614 2692 .
639 2679 645 2693 .
669 2611 790 2691 ,τᾶλλα
804 2628 939 2710 γεννῶσι
954 2650 989 2692 ιτ.
1006 2650 1034 2690 κ.
1050 2651 1084 2708 μ.
1100 2650 1135 2694 ιτ.
1151 2651 1199 2706 ιτ,

91 2727 129 2795 oi
152 2733 195 2799 δὲ
225 2739 284 2811 [sc.
311 2729 347 2800 ‘eh
369 2728 569 2819 ποιήσαντες
590 2729 629 2801 τὸ
653 2728 690 2800 ilo
712 2737 809 2820 σῶμα
831 2789 837 2802 .
863 2786 868 2800 .
892 2788 898 2801 .
924 2741 957 2820 .],
989 2734 1024 2800 ἐκ
1045 2737 1105 2800 τοῦ
1126 2730 1198 2812 ἑνὸς

91 2841 115 2908 ε’.
137 2867 165 2909 τ.
192 2842 217 2910 ε’.
245 2843 455 2926 ἑκκρίνεσθαί
480 2835 638 2931 [φασιν]’;
665 2833 739 2928 ¹quo
773 2846 844 2930 ipso
877 2844 972 2911 modo
1005 2844 1068 2910 loci
1098 2845 1198 2911 verba

92 2956 215 3040 scripta
237 2955 354 3034 sunt1).
403 2956 508 3038 Atque
545 2956 578 3020 in
612 2963 762 3040 promptu
798 2956 895 3022 etiam
929 2962 987 3034 est,
1024 2975 1118 3038 quam
1157 2954 1198 3018 oh

193 3206 220 3275 l)
239 3205 284 3260 Ex
302 3224 354 3262 usu
381 3205 495 3262 videtur
519 3225 587 3278 esse,
616 3225 675 3262 rem
707 3209 835 3278 exemplo
864 3207 1016 3262 illustrare.
1052 3205 1151 3276 Itaque
1174 3208 1197 3262 si

91 3302 254 3372 philosophi
272 3302 361 3371 aliqui
379 3303 409 3356 in
428 3303 550 3373 quadam
568 3305 699 3361 doctrina
720 3305 923 3361 consentientes
948 3308 1092 3372 tamquam
1110 3321 1197 3374 genus

92 3399 120 3452 in
140 3400 211 3454 duas
230 3399 393 3454 dividantur
415 3405 518 3470 parter,
546 3401 599 3457 hoc
621 3403 717 3457 modo:
744 3402 842 3467 „elteri
862 3400 1031 3472 philosophi,
1056 3399 1104 3468 qui
1124 3417 1197 3454 sum-

93 3514 169 3551 mam
187 3513 282 3551 rerum
301 3514 427 3552 caussam
447 3499 534 3553 menti
552 3499 691 3563 tribuunt,
711 3499 785 3555 hanc
802 3503 924 3554 mentem
942 3497 1010 3567 ipsis
1029 3497 1112 3553 rebus
1131 3497 1196 3550 insi·

92 3597 160 3661 tam,
188 3593 272 3648 alteri
297 3598 456 3662 separatam
484 3595 602 3650 archus
630 3613 681 3666 per
701 3613 784 3666 seque
801 3598 977 3651 constantem
995 3611 1054 3650 esse
1071 3593 1196 3655 volunt‚“

91 3691 121 3744 in
141 3707 197 3760 qua
215 3689 353 3748 divisione
373 3690 546 3760 „philosophi
566 3692 614 3760 qni
629 3723 661 3732 —
676 3693 822 3747 tribuunt·
841 3709 929 3762 genus
948 3690 1109 3762 significant
1127 3691 1197 3745 utri·

94 3805 147 3856 quo
164 3786 242 3857 parti
261 3803 416 3857 commune,
435 3788 505 3844 haec
517 3789 619 3845 divisio
637 3807 689 3846 neo
707 3789 838 3845 dissentit
850 3808 867 3844 a
880 3788 1003 3844 naturali
1016 3787 1198 3858 cogitationis

92 3888 171 3939 motu
202 3887 231 3938 et
261 3884 330 3939 satis
349 3885 496 3955 perspicue
515 3887 681 3941 sententiam
709 3887 810 3955 aperit,
839 3884 965 3954 quamvis
994 3884 1150 3955 elegantius
1170 3888 1198 3939 et

92 3979 271 4034 distributius
289 3981 336 4050 sit,
354 3982 386 4050 si,
406 3983 517 4052 generis
535 3984 650 4038 notione
668 3983 832 4052 praemissa,
850 3983 880 4036 in
898 3983 973 4038 hunc
989 3981 1103 4036 modum
1123 3981 1197 4036 dica·

93 4079 153 4130 tur:
173 4073 361 4148 „philosophi,
381 4079 429 4147 qui
450 4109 482 4118 -
502 4079 640 4145 tribuunt,
659 4080 765 4149 partim
785 4111 827 4145 —,
845 4080 950 4149 partim
969 4079 1021 4120 -“
1046 4080 1091 4134 vel
1120 4079 1198 4148 „phi-

92 4173 282 4245 losophorum,
301 4175 349 4244 qui
368 4205 402 4216 -
419 4175 559 4245 tribuunt,
579 4176 661 4231 alteri
681 4207 723 4239 —‚
743 4176 826 4231 alteri
846 4177 906 4231 -·“.
942 4174 1016 4233 Num
1036 4176 1110 4247 apud
1119 4194 1199 4247 grae·

93 4286 137 4324 cos
158 4275 286 4327 auctores
315 4273 365 4328 illa
384 4273 528 4329 dividendi
551 4274 623 4329 ratio
652 4274 689 4329 sit
708 4274 891 4344 frequentior,
919 4291 994 4330 nunc
1022 4273 1114 4330 dicere
1140 4292 1198 4329 non
