2850 4904
767 349 820 402 192

242 521 385 586 rationes
407 520 512 586 forma
542 522 661 596 κοινῶς
682 521 901 605 praedicatur,
933 523 994 589 sed
1016 521 1058 588 de
1080 522 1238 588 ambobus
1258 541 1334 606 prae-

242 628 368 696 dicatur
379 627 630 712 ὅιεξειγμένως;
652 631 860 714 praedicatur
871 633 959 698 euim
973 633 1159 698 necessario
1175 631 1217 698 de
1230 633 1334 698 alteris-

242 741 332 820 utris‚
354 737 395 804 de
417 740 499 804 utris
521 747 630 806 autem
652 741 871 824 praedicetur,
891 743 1050 808 incertum
1068 749 1129 809 est.
1174 744 1221 808 Ac
1241 762 1335 808 revera

243 847 444 932 Porphyrius
472 849 559 913 illam
593 852 811 933 generationis
843 852 981 918 formam
1014 853 1057 917 ab
1078 853 1254 918 Aristotele
1284 873 1336 917 uon

244 954 287 1020 de
309 956 357 1032 iis,
380 953 436 1038 qui
458 953 491 1019 id
513 954 601 1037 quod
622 963 673 1022 est
691 955 929 1040 unumbocque
944 977 1062 1042 corpus
1085 959 1336 1042 infinitediotum,

245 1063 304 1129 sed
326 1063 367 1130 de
390 1063 439 1144 iis,
463 1065 518 1146 qui
541 1085 639 1130 uuum
660 1065 786 1148 hocque
807 1067 1106 1150 corpusdetinitum
1118 1078 1248 1155 ponant,
1267 1090 1336 1136 oom-

244 1173 385 1238 muuiter
416 1174 600 1257 praedicari
634 1183 760 1256 eeuset;
792 1183 825 1244 et
844 1177 1035 1263 Simplicius
1068 1180 1154 1247 bano
1185 1183 1253 1248 eius
1281 1182 1337 1264 opi·

245 1283 375 1349 nionem
402 1285 450 1350 ita
471 1285 591 1352 refellit
614 1294 647 1352 et
668 1286 716 1352 ita
734 1289 837 1354 solum
860 1296 968 1372 potest
993 1291 1155 1371 refellere,
1189 1298 1223 1356 ut
1247 1297 1337 1356 osten·

245 1392 313 1474 dat,
335 1395 377 1459 ab
402 1395 578 1462 Aristotele
603 1397 659 1462 illo
681 1398 762 1476 loco,
793 1397 915 1482 quippe
951 1420 1015 1482 qno
1045 1401 1167 1468 alteros
1200 1400 1338 1484 physicos

246 1500 335 1569 dicat
357 1501 392 1568 id
414 1503 501 1585 quod
522 1511 571 1572 est
593 1512 625 1572 et
647 1527 746 1572 unum
776 1513 809 1573 et
830 1527 948 1592 corpus
970 1529 1103 1592 ponere,
1139 1507 1180 1575 de
1202 1529 1293 1574 unum
1311 1512 1339 1571 et

247 1609 288 1677 de
309 1607 425 1696 corpus
440 1615 635 1698 ponentibus
647 1617 861 1684 communitur
875 1617 965 1684 illam
980 1619 1202 1702 generationis
1217 1617 1338 1683 formam

245 1722 436 1806 praedicari.

347 1832 436 1899 llaec
458 1834 568 1899 omnia
600 1836 627 1900 si
649 1835 862 1918 probabiliter
883 1835 1053 1920 disputata
1083 1843 1167 1914 sunt,
1190 1832 1339 1918 Simplicii

247 1947 359 2008 contra
381 1929 849 2028 Porphyrium'argumentatio
872 1945 970 2011 facile
985 1945 1195 2029 intellegitur.
1216 1943 1339 2028 Oportet

248 2056 356 2117 autem
379 2051 463 2118 hanc
485 2053 798 2136 argumentationem
820 2052 983 2138 duplicem
1006 2075 1088 2137 esse,
1113 2061 1207 2139 prout
1221 2052 1339 2136 Simpli-

249 2163 317 2226 cius
334 2160 519 2228 Aristotelis
540 2161 649 2229 verbis
668 2157 726 2226 ‘ib
745 2163 946 2247 ποιήσαντες
960 2163 1047 2228 κτλ.’
1071 2172 1127 2229 aut
1139 2161 1340 2231 differentiam
1404 2159 1405 2196 r

250 2270 411 2354 prioribus
433 2270 578 2355 physicis
610 2271 775 2356 propriam
807 2278 862 2338 ant
885 2272 1068 2340 doctrinam
1090 2272 1237 2339 omnibus
1266 2290 1339 2336 oom-

251 2401 377 2447 munem
400 2379 577 2464 significari
608 2381 735 2465 putavit
755 2381 894 2465 ideoque
916 2378 995 2459 τοὺς
1016 2379 1270 2466 προειρημένους
1289 2384 1338 2445 aut

250 2491 356 2574 priore
379 2492 433 2558 illo
455 2498 511 2558 aut
532 2491 713 2576 posteriore
734 2492 859 2558 ratione
881 2493 1047 2559 intellexit.
1090 2491 1126 2558 Si
1149 2493 1257 2558 verbis
1284 2486 1339 2554 illis

251 2602 378 2685 putavit
399 2600 577 2684 significari
600 2600 826 2683 differentiam,
848 2604 891 2669 ab
918 2601 981 2668 hac
1002 2601 1215 2686 proficiscitur
1235 2618 1339 2685 propo·

251 2708 382 2776 sitione:
405 2709 595 2776 Aristoteles
618 2710 664 2776 de
679 2711 729 2776 iis
752 2710 928 2795 physicis
952 2711 1059 2794 quiid
1076 2711 1165 2794 quod
1182 2717 1339 2777 estonum

251 2825 367 2902 atque
388 2820 543 2902 quidem
566 2840 678 2887 uuum
701 2840 841 2904 corpus
871 2827 1003 2906 ponant,
1038 2827 1071 2886 et
1097 2820 1139 2886 de
1161 2821 1213 2903 iis,
1243 2815 1339 2903 quiid

253 2939 368 3012 corpus
390 2948 487 2994 unum
509 2948 550 2994 ex
572 2929 752 3010 elementis,
776 2935 808 2994 et
830 2928 871 2995 de
895 2929 944 3012 iis,
967 2929 1022 3012 qui
1045 2935 1194 2996 natorum
1216 2927 1340 2994 mediam

251 3056 323 3104 esse
346 3038 457 3113 velint,
491 3039 743 3104 communiter
764 3057 837 3104 eam
859 3037 1028 3122 praedicat
1049 3039 1267 3121 generationis
1287 3037 1338 3101 for-

251 3167 346 3232 mam,
369 3148 499 3230 quaein
520 3148 774 3216 condensatioue
797 3155 829 3214 et
851 3148 1066 3216 rarciaotione
1089 3148 1255 3214 consistat.
1287 3141 1340 3210 Ad·

251 3258 399 3324 sumitur:
423 3257 701 3325 Anaximandrum
714 3264 822 3325 autem
834 3263 934 3342 negat
948 3256 1009 3322 hac
1019 3258 1238 3340 generationis
1253 3255 1338 3321 forma

251 3367 309 3452 uti,
326 3368 487 3452 siquidem
499 3389 572 3434 eum
587 3368 668 3435 dicit
678 3387 730 3435 res
745 3369 981 3434 contrariorum
996 3365 1177 3433 secretione
1192 3378 1339 3448 generare·
1402 3357 1403 3407 l

253 3476 475 3546 concluditur:
508 3499 584 3563 ergo
607 3476 884 3561 Anaximandrum
917 3499 980 3545 non
1012 3477 1094 3543 dicit
1125 3476 1161 3542 id
1191 3473 1275 3559 quod
1300 3473 1374 3535 est·

253 3606 349 3653 unum
373 3607 491 3671 corpus
525 3585 649 3652 infinite
680 3586 802 3652 dictum
830 3606 961 3670 ponere,
989 3583 1256 3668 quemadmodum
1276 3582 1340 3647 Por·

252 3695 388 3780 phyrius
417 3695 583 3763 contendit
591 3698 625 3775 ¹).
668 3696 817 3778 Namque
844 3697 953 3761 —sic
983 3697 1055 3780 ipsc
1078 3693 1262 3779 Simplicius
1282 3707 1338 3755 seu-

318 3827 449 3835 ..ἡ

353 3868 380 3932 1)
401 3865 470 3919 Cum
494 3864 524 3918 in
547 3864 740 3934 propositione
764 3863 930 3934 simpliciter
957 3862 1068 3916 dicatur
1093 3878 1200 3931 „unum
1228 3853 1338 3927 corpus“,
1401 3887 1402 3894 ι

252 3963 281 4016 in
300 3961 478 4016 conclusione
497 3965 591 4016 autem
612 3977 717 4030 „unum
736 3977 838 4030 corpus
858 3959 967 4014 infinite
977 3958 1112 4027 diotum“,
1132 3957 1338 4012 animadverten-

253 4057 320 4110 dum
343 4059 393 4125 est,
421 4057 534 4124 utrique
558 4057 697 4112 vocabulo
721 4056 838 4111 eandem
868 4054 1010 4108 notionem
1038 4054 1158 4108 subesse.
1199 4053 1338 4115 utrunque

252 4153 327 4208 enim
348 4151 455 4222 pariter
473 4151 596 4207 refertur
616 4153 653 4208 ad
672 4153 841 4208 Aristoteles
859 4150 1027 4207 vocabulum
1049 4149 1081 4205 ἓν
1098 4151 1181 4222 σῶμα
1200 4147 1230 4202 τὸ
1246 4145 1339 4201 inord-

252 4268 348 4322 μενον,
380 4250 455 4318 quod
477 4267 530 4319 per
553 4267 581 4303 se
606 4251 695 4305 solum
713 4250 914 4320 generalem
938 4248 1100 4317 corporis
1122 4247 1293 4301 notionem
1311 4237 1338 4291 si·
