2864 4910
697 389 751 443 418

171 567 275 631 riore
293 573 422 630 terrae
444 563 620 647 planitie
643 562 794 630 directi
819 564 915 641 sint3
948 564 982 629 id
1006 565 1091 648 quod
1123 567 1280 650 inspecta

171 674 291 751 tabula,
314 693 411 756 quam
438 672 473 738 in
503 673 577 737 libri
610 672 672 738 line
694 672 884 756 adiecimus,
919 674 1016 740 facile
1049 677 1276 758 concipitnr¹).

172 782 244 850 Non
267 789 353 848 certe
375 780 507 866 quidem
530 780 693 847 adfirmari
718 788 834 866 potest,
858 781 942 848 banc
957 782 1061 866 ipsam
1082 787 1277 851 sententiam

171 893 213 957 ab
230 891 430 957 Anaximene
454 909 526 956 esse
549 891 763 974 propositam;
787 890 845 957 sed
867 911 938 956 eam
957 899 1048 976 patet
1069 893 1166 958 talem
1189 913 1276 973 esse,
1307 975 1315 986 .

171 1022 255 1086 qnae
281 1022 352 1067 cum
377 1001 433 1066 illa
454 1006 598 1067 veterum
622 1002 805 1066 narratione
829 1003 948 1086 optime
971 1003 1198 1083 consentiatil.

178 1151 180 1156 ·
271 1113 330 1178 His
353 1111 509 1196 appositis
532 1117 631 1177 restat
654 1110 785 1193 quidem
801 1111 960 1194 quaedam
983 1112 1158 1178 difficultas
1180 1115 1214 1177 in
1233 1114 1275 1178 iis

172 1223 341 1307 Hippolyti
362 1221 479 1302 verbis,
504 1220 619 1302 quibus
638 1219 739 1286 solem
755 1219 836 1285 dicit
851 1222 1004 1286 occultari
1024 1243 1090 1287 non
1112 1242 1159 1304 eo,
1182 1221 1275 1304 quod

172 1333 282 1398 subter
301 1338 420 1397 terram
447 1329 654 1413 circumierit,
688 1328 746 1394 sed
773 1349 821 1411 eo,
854 1329 940 1412 quod
972 1330 1141 1396 altioribus
1164 1336 1274 1396 terrae

171 1443 250 1508 locis
272 1441 443 1524 obtegatur
469 1447 500 1506 et
528 1427 614 1523 quod
641 1441 763 1505 maior
783 1440 894 1505 laeta
923 1437 1092 1521 sitffleins
1114 1460 1134 1503 a
1155 1439 1275 1504 nobis

171 1551 378 1617 distantia.
423 1552 472 1616 De
505 1549 621 1633 quibus
653 1549 762 1614 verbis
796 1549 873 1631 quid
901 1547 981 1612 mihi
1002 1548 1168 1613 videretur
1189 1547 1273 1612 iudi-

172 1659 309 1726 candum
332 1680 414 1741 esse,
437 1661 471 1724 in
494 1659 702 1726 adnotatione
725 1655 902 1742 exposuil).

273 1859 298 1926 1)
316 1858 379 1912 Vid.
397 1859 455 1920 tab.
474 1857 521 1930 fig.
537 1861 559 1911 l.

270 1955 299 2024 2)
318 1955 476 2010 Herodotus
496 1973 557 2009 cum
576 1954 671 2018 refert,
690 1956 790 2007 nautas
801 1951 1129 2006 Phoenicesnarravisse.
1148 1967 1186 2018 se,
1205 1968 1274 2004 cum

170 2052 287 2106 navibus
306 2051 432 2106 Africam
446 2052 730 2120 circumveherentur,
749 2052 834 2105 solem
855 2049 1132 2119 septentrionem
1150 2065 1274 2102 versus

170 2149 281 2215 vidisse,
298 2149 386 2216 addit,
405 2167 433 2202 se
451 2149 542 2218 ipsum
561 2149 626 2203 huic
644 2149 801 2203 narrationi
820 2148 926 2200 nullam
946 2145 1049 2200 habere
1066 2144 1157 2199 fidem.

270 2246 297 2314 3)
316 2245 387 2300 Vide
409 2247 501 2300 locum
525 2247 624 2315 ipsum
643 2263 727 2315 supra
752 2263 779 2315 p.
799 2248 852 2299 415
870 2249 928 2299 not.
948 2246 973 2296 2.
1010 2242 1040 2296 si
1065 2242 1107 2295 sol
1134 2241 1275 2295 occultari

171 2341 275 2395 dicitur
293 2359 334 2404 eo,
364 2342 439 2410 quod
461 2343 608 2396 altioribus
636 2347 728 2396 terrae
746 2342 874 2410 partibus
894 2341 1053 2410 obtegatur,
1081 2345 1110 2392 et
1129 2356 1171 2405 eo,
1195 2338 1275 2406 quod

170 2439 259 2494 maior
279 2439 354 2494 lacta
372 2440 409 2493 sit
426 2440 485 2494 eius
504 2458 520 2493 a
538 2440 619 2493 nobis
637 2439 780 2500 distantia,
801 2439 830 2492 id
848 2456 904 2492 nou
923 2438 964 2492 ita
977 2435 1198 2506 intellegendum
1217 2441 1276 2502 est,

170 2538 202 2587 ut
219 2534 272 2588 hae
291 2535 363 2589 duae
380 2553 425 2590 res
444 2537 660 2598 coniunctae,
685 2537 733 2590 sed
756 2541 789 2590 ut
811 2539 932 2603 utraque
959 2552 1020 2604 per
1045 2550 1079 2587 se
1099 2533 1171 2588 sola
1199 2533 1276 2586 illud

169 2629 280 2686 efficere
298 2633 416 2686 dicatur.
454 2634 513 2690 lam
532 2634 555 2688 si
574 2634 711 2703 ponimus,
731 2633 817 2687 solem
832 2635 910 2710 circa
929 2637 1022 2686 terrae
1040 2630 1197 2700 marginem
1216 2631 1274 2684 cir·

169 2726 316 2796 cumflecti,
336 2734 421 2797 certe,
448 2730 470 2782 si
495 2730 610 2784 altiores
632 2734 725 2784 terrae
744 2733 838 2799 partes
856 2728 1043 2794 intercedunt,
1075 2727 1151 2781 hisce
1179 2728 1275 2781 occul·

169 2828 255 2878 tatur.
293 2824 347 2878 Sed
366 2826 440 2880 idem
458 2827 562 2882 accidit
582 2827 676 2893 etiam,
699 2826 781 2880 sisoi
802 2826 963 2880 sanatione
989 2826 1064 2878 circa
1082 2828 1187 2878 terram
1206 2840 1276 2877 con-

169 2921 299 2989 vertitur,
327 2940 411 2992 quarn
430 2924 484 2992 ipsi
512 2923 541 2976 in
564 2923 756 2992 disputatione
779 2923 971 2977 indicavimus.
1009 2920 1089 2990 Quod
1113 2925 1209 2974 autern
1229 2920 1276 2973 sol

169 3016 273 3070 dicitur
293 3019 378 3072 etiam
397 3024 513 3088 propter
542 3020 677 3074 maiorem
696 3039 712 3074 a
737 3019 817 3073 nobis
836 3019 999 3073 distantiam
1018 3017 1161 3076 occultari.
1188 3015 1228 3078 id,
1249 3017 1276 3069 si

168 3130 218 3181 per
242 3131 270 3167 se
289 3115 492 3184 consideratur,
514 3146 546 3155 -
566 3135 630 3170 nam
658 3133 722 3170 cum
751 3133 781 3169 re
808 3116 902 3184 priore
921 3115 1090 3184 coniungere
1116 3113 1275 3167 absurdum

169 3214 211 3263 est
229 3239 262 3250 -
288 3212 443 3280 putandum
472 3213 526 3266 erit
554 3213 589 3267 de
616 3213 720 3266 talibus
747 3214 814 3267 locis
842 3212 977 3282 intellegi,
1006 3228 1076 3279 quae
1100 3211 1185 3280 plana
1214 3211 1276 3264 sint

167 3307 307 3376 nullisque
325 3308 473 3362 altioribus
491 3309 620 3377 partibus
639 3310 799 3377 terminata,
819 3310 895 3364 velut
914 3327 977 3362 cum
996 3308 1038 3362 sol
1057 3309 1086 3360 in
1106 3307 1180 3360 mari
1194 3307 1274 3360 vide·

168 3408 217 3458 tur
234 3404 368 3459 occidere.
387 3404 441 3459 Sed
460 3405 624 3474 hooipsum,
645 3406 719 3474 quod
736 3407 777 3460 sol
797 3410 942 3475 propter
959 3405 1121 3460 maiorem
1140 3403 1274 3461 distan-

167 3501 251 3554 tiam
271 3519 286 3556 e
306 3506 455 3571 conspectu
475 3501 580 3557 auferri
599 3502 712 3571 dicitur,
731 3502 868 3558 eiusmodi
886 3508 937 3570 est,
959 3508 992 3556 ut
1009 3519 1072 3556 cum
1092 3500 1272 3570 Xenopha-

167 3597 218 3650 nis
246 3597 358 3666 quidem
380 3599 511 3667 opinione
537 3599 620 3667 plane
643 3599 791 3654 conveniat
819 3599 864 3668 (cf.
891 3598 965 3653 Plut.
994 3597 1069 3652 Plac.
1095 3597 1131 3658 ΙΙ,
1151 3599 1196 3656 24,
1223 3595 1272 3650 fin.

168 3691 244 3746 Stob.
263 3691 284 3761 l,
303 3711 329 3764 p.
350 3696 421 3762 534),
439 3695 480 3749 ad
491 3695 734 3750 Anaximenem
753 3700 847 3749 autem
861 3695 990 3749 videatur
1003 3693 1117 3748 omnino
1137 3710 1194 3746 non
1206 3709 1271 3762 per-

167 3789 257 3842 tinere
269 3806 357 3858 posse.
394 3791 520 3860 Namque
538 3792 660 3862 primum
678 3809 744 3844 num
762 3790 914 3845 verisimile
931 3794 983 3854 est,
1002 3790 1206 3844 Anaximenem
1219 3806 1270 3858 pn-

167 3884 277 3952 tavisse,
296 3887 383 3939 solem
402 3887 506 3940 maiore
523 3887 659 3941 distantia
678 3905 694 3940 a
713 3887 794 3941 nobis
814 3887 917 3954 abesse,
942 3904 1005 3940 cum
1029 3885 1065 3940 ad
1084 3891 1178 3939 terrae
1196 3902 1269 3938 mar·

165 3980 259 4050 ginem
277 3983 449 4050 pervenisset
459 4000 543 4051 quam
554 4001 616 4036 cum
627 4000 712 4052 supra
721 3987 827 4037 terram
837 3983 866 4037 in
878 3983 955 4038 coelo
974 3982 1155 4036 versaretur?
1174 3985 1269 4049 Atque

167 4078 190 4130 si
211 4077 272 4145 quis
291 4077 364 4132 forte
382 4080 512 4147 opinetur
530 4078 591 4133 fieri
604 4097 691 4149 posse,
709 4085 741 4134 ut
766 4080 831 4133 solis
850 4079 1029 4134 altitudinem
1048 4096 1105 4131 non
1118 4078 1267 4132 admodum

166 4190 295 4243 magnam
324 4191 382 4228 esse
400 4174 446 4242 (of.
465 4193 492 4244 p.
512 4175 575 4244 393)
597 4180 689 4229 terrae
710 4180 803 4230 autem
823 4176 979 4246 marginem
997 4192 1084 4242 usque
1104 4175 1140 4229 ad
1158 4176 1266 4228 coelum

167 4269 307 4336 pertinere
327 4269 486 4337 crediderit,
505 4288 571 4324 nuru
590 4271 736 4339 probabile
755 4275 806 4339 est,
826 4289 889 4325 eum
908 4254 1065 4339 credidisse,
1089 4271 1172 4326 huius
1195 4289 1265 4326 mar·
