2862 4910
627 395 680 450 313

81 571 332 638 multitudinem
360 570 612 638 condensationo
638 576 670 635 et
697 568 922 646 rarefactione‚
956 568 1052 634 alteri
1073 573 1197 634 contra-

80 682 212 746 riorum
246 680 425 747 secretione
457 687 621 765 generent,
652 681 685 745 in
708 679 780 745 duo
803 698 946 763 genera
974 676 1141 744 distribuit
1163 679 1195 742 in

81 769 271 873 horumque
303 790 483 874 posteriore
510 788 787 855 Anaximandrum
817 789 918 872 ponit,
948 793 1055 854 tamen
1078 787 1196 856 Anaxi-

81 900 220 965 mandri
239 901 433 985 prinoipium
456 901 587 984 saepius
612 900 659 964 ita
682 898 850 964 interduo
873 900 1032 963 elementa
1053 896 1196 962 medium

81 1009 177 1090 dicit,
207 1017 242 1074 ut
275 1010 376 1075 altero
406 1010 549 1090 densius,
583 1010 685 1074 altero
713 1015 821 1073 autem
852 1006 958 1073 rarius
992 1025 1064 1072 esse
1097 1005 1194 1072 dicat.

81 1117 216 1196 Quodsi
238 1126 348 1185 autem
370 1119 565 1203 principium
595 1137 653 1202 per
672 1138 707 1183 se
740 1119 841 1183 altero
873 1117 1032 1184 elemento
1062 1115 1195 1181 densius

81 1229 194 1294 altero
219 1235 327 1296 autern
350 1229 455 1293 rarius
480 1235 539 1311 est,
563 1227 716 1311 sequitur,
750 1233 784 1292 ut
807 1225 1013 1311 principium,
1036 1225 1196 1290 elementa

82 1338 145 1402 iila
169 1357 209 1402 ex
233 1358 304 1404 sese
320 1358 491 1404 secernens
514 1340 565 1402 vel
588 1339 621 1404 iu
645 1358 685 1403 ea
700 1338 871 1414 transiens,
897 1337 1002 1420 ipsum
1017 1354 1194 1418 seseopor-

82 1453 157 1512 teat
180 1447 299 1531 partim
330 1447 460 1520 densius
496 1448 614 1532 partim
648 1446 753 1512 rarius
777 1445 859 1526 fieri,
893 1451 928 1510 ut
958 1445 1056 1527 igitur
1089 1431 1216 1510 rerumv

82 1558 259 1638 generatio
288 1562 374 1622 certe
400 1578 472 1621 non
504 1556 580 1621 fiat
614 1556 699 1622 sine
734 1555 875 1638 quadam
907 1555 1011 1639 ipsius
1043 1553 1195 1637 principii

84 1665 344 1734 condensationc
367 1674 399 1732 et
421 1667 645 1732 rarefactione.
689 1665 783 1730 Hanc
809 1671 916 1730 autern
939 1683 1051 1729 revera
1074 1662 1194 1728 Anaxi-

83 1773 219 1838 mandri
242 1774 436 1840 sententiam
459 1794 540 1856 esse,
573 1773 714 1839 maximo
737 1793 835 1857 opere
861 1771 1043 1838 confirmari
1065 1771 1195 1836 videtur

84 1903 142 1960 eo,
182 1882 268 1964 quod
308 1903 380 1948 eum
417 1883 536 1950 scimus
572 1883 743 1950 densitatis
782 1892 814 1949 et
850 1883 992 1948 raritatis
1029 1882 1191 1946 notionem

84 1993 187 2074 plane
219 1992 381 2075 cognitam
412 1983 565 2060 habuisse
599 1999 631 2058 et
668 1992 807 2058 diversis
845 1992 1011 2058 elementis
1048 1991 1192 2056 diversos

84 2103 160 2168 eius
195 2101 316 2183 gradus
348 2102 511 2168 tribuisse.
566 2101 715 2184 Namque
747 2101 937 2167 Aristoteles
971 2100 1096 2166 duobus
1129 2101 1192 2166 Me-

84 2210 358 2293 teorologicorum
391 2189 472 2276 locis
509 2211 640 2276 omuino
677 2211 838 2276 similibus
872 2210 956 2275 hanc
992 2208 1217 2292 quorundam¹

85 2317 358 2404 philosophorum
379 2320 563 2404 opinionem
590 2321 702 2385 refert:
740 2320 845 2402 primo
880 2319 971 2384 initio
1008 2324 1040 2383 et
1073 2325 1191 2383 terram

85 2435 245 2496 ettotam
266 2428 381 2495 mundi
403 2430 569 2512 regionem
598 2429 685 2514 circa
711 2435 829 2494 terram
858 2428 1051 2493 humidam
1080 2427 1191 2510 fuisse,

85 2560 129 2604 ex
144 2538 328 2604 hacautem
348 2545 491 2604 natura
512 2538 681 2618 humida,
704 2560 725 2603 a
747 2541 815 2604 sole
837 2538 1002 2619 calefacta,
1026 2537 1191 2603 exstitisse

84 2669 227 2726 aerem,
250 2646 375 2730 hacque
391 2649 465 2730 ipsa
483 2668 517 2713 re
541 2648 670 2713 totius
691 2647 821 2712 mundi
845 2647 1029 2712 ambitum
1046 2646 1191 2712 factum

85 2777 174 2823 esse
197 2756 442 2839 ampliorem
464 2756 650 2824 Alexander
674 2764 781 2822 autem
805 2756 901 2822 hosce
924 2755 1012 2820 locos
1024 2755 1192 2840 explicans

85 2865 349 2950 Theophrastum
381 2867 429 2931 ait
460 2865 597 2932 eandem
627 2851 828 2949 quorundam
858 2866 1042 2950 opinionem
1072 2865 1191 2930 referre

85 2995 224 3058 eamque
259 2974 367 3042 dicere
398 2969 686 3042 Anaximandri
718 2995 789 3042 esse
823 2981 855 3040 et
876 2976 1032 3058 Diogenis
1061 2975 1190 3058 Apollo·

84 3085 197 3150 niatae
211 3088 243 3163 ¹).
289 3084 413 3162 Quodsi
442 3087 542 3168 igitur
573 3085 816 3151 Anaximander
850 3085 1021 3166 contendit,
1056 3091 1190 3150 naturae

85 3192 242 3260 humidae
263 3193 297 3258 in
318 3215 425 3260 acrem
449 3195 659 3261 conversione
677 3193 788 3260 muudi
804 3186 962 3259 ambitum
982 3195 1102 3269 factum
1119 3214 1190 3260 esse

84 3303 295 3387 ampliorem,
324 3306 476 3386 sequitur,
511 3311 546 3369 ut
580 3324 688 3369 aerem
720 3305 881 3386 putaverit
911 3310 1027 3369 natura
1059 3303 1191 3369 humida

84 3413 279 3478 rariorem
306 3433 408 3489 essc3
442 3414 470 3478 si
503 3419 609 3478 autom
631 3433 738 3478 aerem
768 3415 893 3498 putavit
915 3419 1030 3478 natura
1059 3412 1191 3498 humida

85 3523 242 3587 rariorem
266 3541 346 3599 esso,
379 3542 452 3587 eum
484 3523 651 3605 putavisse
681 3528 816 3606 oportet,
846 3528 994 3587 naturam
1026 3522 1190 3587 humidam

86 3632 122 3695 in
156 3631 243 3696 aeris
267 3631 401 3695 formam
435 3637 654 3696 transeuntem
689 3633 792 3715 ipsam
819 3651 890 3697 sese
923 3632 1075 3697 rariorem
1111 3631 1190 3714 fieri,

84 3741 254 3823 putavisse
277 3741 373 3824 igitur
402 3747 539 3825 oportet,
564 3746 702 3807 naturae
736 3740 888 3806 humidae
920 3742 954 3805 in
987 3761 1095 3806 aerem
1118 3761 1191 3806 con·

85 3849 271 3915 versionem
302 3856 359 3914 aut
391 3851 424 3915 in
454 3852 523 3916 sola
544 3849 684 3932 quadarn
720 3851 807 3916 illius
840 3851 1055 3916 rarefactione
1089 3853 1191 3917 consi·

188 4104 215 4172 1)
235 4104 353 4158 Aristot.
373 4105 489 4160 Meteon.
508 4107 544 4174 11,
571 4107 593 4160 1.
619 4107 724 4162 coebo
744 4125 799 4176 sq.;
822 4109 846 4162 2.
867 4109 937 4162 355³
951 4110 983 4160 21
1005 4127 1044 4178 sq.
1069 4108 1188 4164 Alexan·

86 4199 137 4254 der
156 4199 314 4254 inAristot.
334 4200 449 4256 Meteon.
468 4220 495 4270 p.
506 4203 549 4271 91,
568 4221 584 4256 a
604 4208 633 4257 et
644 4220 671 4272 p.
686 4205 729 4271 93,
740 4203 767 4257 b.
790 4203 831 4257 Cf.
846 4203 989 4266 Wimmer‚
1002 4205 1189 4274 Theophrasti

89 4295 191 4366 fragm.
211 4297 255 4349 39.
277 4296 348 4352 Vide
370 4298 445 4352 locos
465 4315 550 4368 supra
567 4316 595 4368 p.
614 4301 675 4369 248,
693 4304 752 4354 not.
775 4303 785 4352 1
806 4304 835 4355 et
852 4302 877 4353 2.
