2850 4904
638 378 689 432 183

86 549 126 612 in
155 547 218 614 his
245 549 392 633 partibus
414 549 619 632 explicandis
642 557 778 634 utraque
805 553 980 635 explicatio
1010 555 1221 638 proponenda

86 657 150 737 sit,
194 678 281 732 eam,
314 677 408 739 quam
433 659 517 724 forte
538 679 647 724 veram
669 661 864 744 putabimus,
899 683 939 727 cx
963 664 1042 746 ipsis
1063 663 1221 746 Simplicii

86 767 218 833 verbis
255 765 424 833 ostendere
457 768 560 832 solum
591 770 768 850 poterimus
798 791 863 838 uou
890 771 996 838 minus
1021 773 1219 854 probabilem

86 877 150 940 vel
181 877 286 941 etiam
308 876 560 958 probabiliorem
584 897 656 943 csse
679 897 774 960 quam
797 880 947 960 alteram,
986 879 1027 946 de
1061 881 1134 965 ipsa
1165 900 1220 947 au·

87 992 167 1050 tem
194 984 270 1051 eius
285 985 422 1051 veritate
442 1005 506 1050 non
527 985 592 1052 nisi
614 1007 654 1052 ex
676 988 778 1070 ipsius
800 1008 872 1055 curn
897 992 1048 1056 universa
1058 990 1220 1073 Simplicii

89 1093 276 1160 sententia
297 1095 509 1161 consensione
530 1102 562 1162 et
584 1096 719 1162 alterius
742 1097 785 1162 ab
807 1097 922 1164 eadem
947 1098 1149 1166 dissensione
1174 1099 1221 1164 iu·

88 1203 216 1270 dicari
249 1204 372 1286 poterit.
426 1201 505 1270 (ium
538 1209 648 1270 autem
686 1206 835 1270 universa
866 1207 1023 1290 Simplicii
1060 1208 1239 1292 sententia¹

88 1335 166 1379 non
194 1310 263 1377 nisi
286 1329 326 1376 cx
348 1312 488 1376 omnium
520 1311 660 1394 partium
692 1312 908 1396 explicatione
939 1315 1035 1397 plane
1065 1315 1217 1397 cognosci

90 1421 226 1505 possit,
251 1420 349 1486 etiam
371 1421 457 1486 illius
479 1421 611 1486 alterius
633 1421 858 1502 explicationis
882 1425 1059 1490 necessitas
1081 1425 1220 1508 primum

90 1533 131 1597 in
160 1531 271 1596 totius
294 1536 423 1596 nostrae
445 1529 674 1613 disputationis
697 1528 761 1596 line
783 1532 880 1613 plane
901 1533 1033 1616 patebit.

211 1695 401 1780 Simplicius
425 1697 522 1780 igitur
544 1699 647 1764 altera
667 1698 898 1782 disputationis
921 1705 1023 1783 parte,
1049 1706 1220 1784 postquam

92 1809 220 1892 priore
246 1811 339 1888 parte
361 1806 426 1871 iam
459 1826 525 1889 eos,
558 1806 669 1889 quiid
692 1807 778 1890 quod
801 1813 850 1874 est
871 1827 969 1874 unum
991 1829 1009 1874 e
1030 1808 1133 1873 tribus
1156 1811 1219 1874 elc-

93 1917 228 1982 mcntis
256 1921 422 2000 ponerent,
458 1915 648 1981 nominatim
671 1917 789 2000 attulit,
812 1915 947 1982 Thalem
972 1923 1004 1982 et
1026 1917 1220 2002 Hipponem,

93 2024 344 2090 Anaximenem
377 2030 409 2090 et
441 2025 622 2107 Diogenem
656 2024 911 2110 Apolloniatem,
949 2026 1148 2093 Heraclitum
1188 2035 1220 2094 et
1310 2057 1312 2062 ·

93 2135 303 2218 Hippasum,
327 2133 367 2200 de
390 2134 432 2199 iis
455 2133 592 2217 quaerit,
628 2136 683 2217 qui
704 2135 746 2199 ab
768 2135 943 2202 Aristotele
966 2141 1113 2202 naturam
1137 2138 1221 2201 inter

94 2264 218 2311 aerem
254 2250 287 2308 ct
319 2243 428 2328 ignem
458 2243 600 2309 mediam
631 2263 751 2326 ponere
774 2242 930 2309 dicantur.
976 2243 1013 2308 In
1037 2264 1101 2328 qua
1123 2265 1219 2328 quac-

96 2354 218 2419 stione
242 2357 411 2434 postquam
437 2353 576 2436 primum
599 2352 640 2418 ab
663 2352 849 2420 Alexandro
871 2351 956 2419 hanc
978 2360 1124 2419 naturam
1148 2375 1218 2420 nan

95 2463 193 2528 ravit
215 2459 260 2526 ad
283 2459 560 2527 Anaximandrum
589 2461 712 2545 referri,
745 2469 877 2545 tumque
899 2463 1072 2549 Porphyrii
1094 2463 1218 2548 opinio-

96 2593 182 2638 nem
206 2571 303 2655 plane
326 2574 518 2638 contrariam
543 2574 719 2656 proposuit,
742 2575 893 2640 continuo
915 2571 959 2639 ad
981 2573 1066 2640 hunc
1089 2593 1218 2640 conver-

96 2683 188 2748 titur
211 2679 432 2763 refelleudum,
455 2679 544 2747 hisce
566 2681 695 2747 verbis:
724 2678 964 2768 ,εὐφυέστερον
986 2679 1023 2745 δέ
1045 2705 1103 2763 μοι
1126 2681 1220 2746 δοκεῖ

98 2783 193 2854 κατά
230 2782 289 2852 τῶν
326 2786 419 2868 λέξιν,
452 2789 497 2876 μὴ
523 2787 567 2866 ῶς
589 2779 856 2875 ἅντιδιγγρημένου
878 2790 938 2854 τοῦ
961 2784 1114 2871 σώματος
1135 2790 1220 2874 πρὸς

98 2893 144 2963 τὰ
169 2899 320 2978 στοιχεῖα
341 2891 455 2961 καὶτὸ
483 2892 604 2979 μεταξυ
637 2888 776 2982 α’κυυειν,
810 2891 879 2962 ἀλλ’
914 2893 959 2976 ῶς
991 2897 1217 2982 διαιρουμένου

99 3005 234 3091 μᾶλλον
255 2998 303 3082 εἴς
324 3029 359 3070 τε
382 3001 423 3070 τὰ
445 3005 520 3088 τρία
540 3005 595 3072 καὶ
615 3003 654 3071 τὸ
679 3002 815 3089 μεταξύ·
838 3010 950 3089 σῶμα
971 3003 1107 3091 γὰρτὸ
1129 3003 1217 3072 Ιὑπο-

101 3108 300 3198 κείμενόν
322 3138 421 3201 φησιν
442 3108 464 3203 ἢ
485 3118 551 3180 τῶν
572 3117 673 3198 τριῶν
693 3141 725 3181 τι
744 3110 766 3205 ἢ
787 3107 878 3196 duro,
902 3112 922 3182 ὅ
941 3114 1010 3182 ἐστι
1034 3113 1140 3200 πυρὸς
1159 3117 1218 3199 μὲν

102 3219 313 3306 πυκνότερον
333 3224 429 3306 ἀέρος
455 3223 490 3289 δὲ
517 3219 731 3310 λεπτότερον·
754 3225 806 3290 καὶ
828 3223 940 3308 μέντοι
962 3227 1103 3304 κοινῶς
1124 3225 1220 3310 περὶ

102 3336 187 3399 τῶν
210 3331 516 3417 προειρημένων
537 3328 703 3422 ἐπήγαγεν,
730 3329 782 3399 ὅτι
800 3333 841 3400 τὰ
863 3325 1100 3420 dilapsorum
1122 3329 1219 3418 μανό-

103 3467 181 3528 τητι
215 3440 269 3507 καὶ
301 3437 495 3527 πυκνότητι,
523 3442 629 3509 καίτοι
654 3445 712 3508 τοῦ
746 3435 1013 3527 Ἀναξιμάνδρου,
1042 3439 1088 3522 ῶς
1120 3435 1220 3521 αὐτός

104 3574 202 3639 φησι,
225 3545 269 3637 μὴ
293 3546 400 3630 οὕτως
422 3553 608 3636 γεννῶντος,
634 3547 717 3617 α’λλοὶ
740 3553 807 3617 κατ’
830 3550 973 3635 ἔκκρισιν
993 3547 1050 3640 τὴν
1071 3549 1136 3618 ὑπὸ
1159 3555 1218 3617 τοῦ

103 3658 268 3742 ἀπείρου·
297 3661 370 3736 πῶς
404 3645 470 3734 οὖν,
505 3655 534 3724 εἰ
555 3659 674 3725 τοῦτον
696 3655 805 3744 ἔλεγεν
827 3651 908 3725 εἶναι
931 3655 989 3725 τὸν
1011 3663 1107 3742 σῶμα
1128 3652 1218 3725 ἅδιο-

105 3767 232 3852 ρίοτως
257 3766 514 3851 ὑποτιθέμενον,
536 3771 654 3846 κοινῶς
688 3763 846 3856 ἐπήγαγεν
867 3769 924 3858 τὴν
946 3770 1028 3833 κατὰ
1048 3760 1219 3834 υἷλλυιίυνιν

106 3875 264 3960 γένεσιν.“

212 4039 325 4106 Facile
359 4045 458 4122 patet,
490 4041 574 4106 hanc
596 4039 753 4124 Simplicii
780 4045 892 4108 contra
915 4038 1131 4125 Porphyrium
1155 4040 1218 4108 dis-

109 4149 311 4232 putationem
334 4168 352 4214 e
376 4148 503 4216 duabus
527 4149 672 4234 partibus
696 4157 854 4217 constare.
897 4150 1010 4252 Priore
1032 4158 1124 4236 parte
1146 4171 1216 4218 eam

109 4256 227 4324 refellit
259 4257 434 4343 Porphyrii
465 4257 661 4343 opinionem,
696 4279 716 4324 a
738 4280 804 4343 qua
828 4260 855 4326 is
879 4260 1041 4344 profectus
1064 4279 1154 4328 suam
1178 4259 1218 4325 de
