2864 4910
760 413 813 467 364

241 585 318 650 orbe
340 585 487 667 loquenti,
519 583 603 649 hunc
631 584 742 650 orbem
768 583 888 650 habere
914 586 959 650 ait
985 578 1078 666 ‘piar
1106 578 1251 669 ε’κπνοῆυ
1273 572 1345 646 οἷον

239 695 431 778 πρηστῆρος
451 685 608 772 cetero.
653 691 795 758 Galenus
819 692 968 775 denique,
991 696 1066 760 solis
1089 694 1198 760 orbem
1225 692 1344 758 descri-

239 805 328 884 bens,
351 801 447 868 buius
468 803 556 869 orbis
579 809 780 868 curvaturam
813 803 892 868 dicit
920 805 1029 886 ignem
1051 803 1094 868 ad
1115 823 1174 869 nos
1196 805 1343 868 emittere

236 905 308 974 ‘deci
329 909 467 991 στομίου
489 908 534 988 ὥς
556 909 596 974 δι’
620 901 719 976 αὐλοῦ
728 902 747 994 ³,
780 911 970 997 πρηστῆρος
992 914 1148 979 vocabulo
1177 913 1342 989 omissob.

239 1020 353 1102 Itaque
375 1021 523 1087 omnibus
545 1020 636 1102 loeis,
659 1021 777 1102 quibus
800 1021 840 1086 de
863 1021 925 1086 bac
947 1041 982 1086 re
1005 1023 1120 1103 agitur,
1144 1021 1224 1086 solis
1249 1029 1282 1085 et
1297 1020 1341 1083 lu-

239 1149 300 1194 nae
322 1129 447 1194 orbium
478 1131 637 1194 foramina
668 1123 825 1212 (στόμια),
858 1149 918 1213 per
945 1150 1029 1213 quae
1063 1151 1103 1195 ex
1125 1130 1187 1195 iliis
1210 1129 1341 1194 orbibus

239 1237 497 1320 igniseffulgeat‚
522 1244 748 1321 comparantur
767 1258 840 1303 cum
862 1239 1053 1324 πρηστῆρος
1077 1229 1175 1324 αὐλῷ,
1203 1233 1340 1321 excepto

240 1365 303 1412 uno
327 1346 442 1412 Galeni
465 1348 545 1429 loco,
578 1367 641 1429 quo
665 1346 746 1412 illud
767 1349 912 1413 foramen
943 1349 1134 1432 simpliciter
1156 1345 1338 1431 oum-crite]

239 1463 453 1540 comparatur,
476 1457 666 1543 πρηστῆρος
691 1457 849 1522 vocabulo
878 1477 942 1521 non
967 1456 1090 1522 addito.
1135 1459 1212 1540 Ipse
1233 1463 1339 1522 autem

241 1558 418 1630 similitudo
441 1565 580 1650 primum
601 1585 640 1630 ac
665 1566 796 1649 proprie
812 1565 921 1650 posita
942 1573 992 1631 est
1014 1566 1048 1630 in
1072 1566 1255 1632 notionibus
1276 1566 1338 1628 τοῦ

240 1673 378 1756 στομίου
402 1681 433 1739 et
454 1663 641 1756 roi‘udiori,
664 1674 698 1739 id
721 1681 779 1752 est,
804 1675 970 1740 foraminis
994 1681 1025 1740 et
1040 1675 1177 1758 fistulae,
1200 1674 1234 1739 id
1255 1673 1337 1756 quod

241 1788 273 1849 et
295 1803 335 1849 ex
358 1783 513 1850 orationis
536 1785 694 1848 formast
724 1782 800 1849 inde
823 1789 923 1866 patet,
958 1783 1046 1866 quod
1072 1783 1161 1868 apud
1184 1782 1335 1848 Galenum

241 1894 429 1980 πρηστῆρος
450 1892 644 1958 vocabulum
664 1892 818 1958 omissum
843 1892 937 1974 est³).

340 2003 409 2067 Iam
441 2001 539 2084 igitur
571 2000 650 2082 quid
682 2007 732 2066 est
762 2003 951 2086 πρηστῆρος
978 1995 1102 2078 assde?
1146 2001 1238 2081 Quod
1266 2022 1335 2067 eum

242 2109 434 2190 quaerimus,
463 2111 495 2174 in
519 2110 630 2194 primis
653 2110 825 2176 tenendum
849 2118 906 2193 est,
939 2110 1022 2176 hanc
1058 2130 1131 2176 cum
1154 2111 1335 2194 πρηστῆρος

241 2207 332 2303 αὐλῷ
365 2221 639 2303 comparationem
667 2220 790 2286 idcirco
821 2220 956 2303 institui,
989 2227 1023 2286 ut
1054 2241 1105 2286 res
1140 2242 1160 2286 a
1190 2239 1334 2286 sensuum

243 2325 502 2409 perceptionibus
538 2335 661 2390 remota
693 2326 923 2410 intellectuque
954 2327 1096 2392 difficilis
1133 2326 1334 2393 similitudine
1415 2361 1416 2380 ι

239 2441 335 2499 ποίου
360 2436 407 2499 rei
429 2436 612 2518 illustretur,
634 2436 717 2501 hanc
740 2436 840 2519 igitur
854 2457 921 2502 rem
940 2436 1118 2522 putandam
1139 2456 1209 2502 esse
1230 2438 1333 2516 talem,

240 2563 323 2626 quae
346 2544 493 2609 omuibus
524 2545 597 2626 ipsa
631 2547 830 2628 experientia
860 2549 962 2630 possit
993 2553 1070 2611 nota
1101 2565 1181 2612 esse.
1222 2548 1333 2629 Itaque

347 2761 372 2829 l)
391 2759 461 2813 Vide
480 2760 571 2813 locum
589 2776 674 2827 supro
691 2776 718 2827 p.
734 2760 786 2814 359
805 2763 862 2813 not.
882 2762 907 2813 3.

340 2857 369 2926 2)
387 2856 458 2909 Vide
476 2856 568 2910 locum
587 2873 671 2924 supra
690 2874 717 2924 p.
738 2857 790 2908 359
809 2860 867 2909 not.
879 2857 904 2909 2.

340 2953 368 3021 3)
387 2952 633 3018 Teichmuellerus,
652 2952 769 3006 Studien
782 2970 809 3020 p.
824 2955 864 3019 12,
882 2957 940 3006 not.
960 2954 1101 3022 opinatur,
1121 2955 1150 3006 in
1170 2953 1256 3008 verbis
1276 2949 1330 3002 ‘ded

240 3050 394 3118 πρηστῆρος
411 3045 504 3102 οὐίοῦ’
527 3047 573 3100 διὰ
594 3066 648 3102 non
668 3049 776 3103 deloco
796 3049 845 3103 sed
863 3050 898 3102 de
921 3067 1016 3104 caussa
1035 3049 1248 3120 intellegendum
1266 3064 1329 3114 esse,
1413 3029 1414 3032 Ἴ

240 3151 269 3200 et
288 3147 373 3201 verba
395 3142 458 3211 ’τῆν
480 3143 572 3212 ἁψῖδα
601 3147 743 3217 ἐκφαίνειν
767 3140 812 3198 διά
838 3152 953 3210 στομίου
972 3143 1002 3199 τὸ
1028 3147 1082 3216 πῦρ
1106 3143 1199 3215 ὥσπερ
1222 3143 1262 3198 διὰ
1284 3165 1328 3212 πρ.

239 3239 330 3295 οὐίοῖί
352 3243 392 3297 sic
412 3243 509 3297 vertit:
541 3241 811 3313 „Herausgetrieben
838 3243 909 3296 wird
937 3244 983 3298 die
1003 3244 1130 3298 Flamme
1157 3245 1208 3298 wie
1231 3240 1327 3296 durch

241 3341 320 3394 einen
340 3359 388 3394 eus
409 3341 499 3395 einem
522 3340 773 3395 Blasinstrumente
802 3337 906 3409 (αὐλὸς)
932 3342 1192 3396 herausfehrenden
1219 3339 1326 3393 Wirbel-

240 3438 314 3492 wind
333 3431 496 3506 (πρηστῆρ)“
520 3437 557 3505 (p.
581 3439 630 3504 14).
669 3437 779 3490 Falsam
810 3455 867 3492 esse
896 3439 979 3492 istam
1007 3439 1042 3492 de
1064 3439 1266 3508 praepositione
1285 3430 1327 3486 διὰ

240 3534 400 3602 opinionem
425 3533 468 3586 vel
487 3532 553 3585 inde
571 3539 697 3601 apparet,
725 3535 799 3600 quod
826 3539 943 3603 propter
962 3535 1112 3588 verborum
1131 3533 1326 3589 collocationem

241 3628 286 3682 dni
305 3635 370 3684 ante
389 3630 543 3699 πρηστῆρος
561 3625 643 3682 αὐλοῦ
668 3631 835 3684 naturaliter
858 3632 955 3685 eodem
981 3632 1064 3686 modo
1093 3633 1228 3701 accipitur
1251 3633 1326 3695 atque
1411 3677 1412 3714 η

241 3723 286 3778 διὰ
306 3733 370 3780 ante
389 3731 512 3797 στομίου,
543 3727 655 3780 omniuo
680 3733 773 3780 autem
792 3728 929 3796 probatur
947 3746 988 3795 ee,
1017 3729 1092 3797 quod
1111 3748 1128 3782 a
1150 3729 1250 3782 Galeno
1269 3723 1326 3777 sotis

240 3823 316 3877 orbis
335 3816 609 3894 foramentuw‘ptov)
628 3823 793 3892 simpliciter
809 3829 987 3893 comparatur
1008 3842 1070 3878 cum
1089 3817 1171 3894 οὖίηῖ,
1190 3823 1327 3893 πρηστῆρος

241 3920 377 3976 vocabulo
406 3920 515 3974 omisso.
553 3921 596 3972 Ex
624 3920 699 3974 hisce
729 3921 811 3974 simul
835 3925 921 3990 patet,
948 3915 1032 3974 citer
1058 3939 1114 3974 non
1145 3922 1199 3976 dici
1225 3921 1256 3973 de
1273 3919 1326 3986 ipsa

241 4017 316 4071 orbis
336 4033 402 4069 cava
422 4021 581 4084 curvatura,
607 4022 638 4071 ut
656 4017 703 4071 ille
722 4022 813 4086 putat,
839 4018 887 4071 sed
913 4018 948 4071 dc
970 4018 1052 4070 huius
1078 4023 1242 4072 curvaturae
1262 4015 1325 4068 fora·

240 4115 315 4169 mine
334 4113 428 4182 ignem
453 4115 601 4168 emittenti.
640 4114 682 4168 De
704 4113 827 4168 mirabili
855 4118 948 4168 autem
972 4114 1020 4167 illa
1045 4115 1192 4180 sententie,
1215 4131 1264 4182 qua
1283 4126 1325 4162 aer

240 4210 326 4264 tibiae
344 4209 444 4262 inflatu
461 4213 614 4263 commotus
633 4209 738 4264 dicitur
757 4213 882 4264 vortex
895 4210 1112 4279 (Wirbe'iwiud),
1130 4229 1186 4264 non
1204 4204 1324 4275 estquod

239 4308 323 4377 plura
344 4307 444 4362 dicam.
