2864 4910
728 378 781 432 424

200 552 326 618 mandri
350 551 541 618 sententiam
561 555 672 634 aperte
684 551 760 616 licet
776 548 836 616 hoc
859 569 993 633 sumere,
1015 552 1048 615 in
1063 551 1147 617 nube
1159 558 1193 616 et
1207 557 1308 618 vento

200 683 272 728 esse
295 662 452 746 quasdam
475 662 561 744 ignis
584 662 758 743 particrdas
780 680 800 723 a
822 661 889 724 sole
912 668 1079 750 susceptas
1101 659 1227 742 hasque
1249 663 1308 726 illa

200 772 382 837 divulsione
414 771 518 835 subito
554 771 712 854 prosilire,
748 770 895 834 similiter
923 776 1020 852 atque
1053 770 1197 853 lapidum
1224 773 1307 836 tritu

200 884 283 964 ignis
306 881 476 960 elicitur¹).

299 989 385 1068 Quid
406 989 646 1055 Anaximander
667 990 708 1055 de
727 990 910 1074 plantarum
923 991 1129 1072 generatione
1151 993 1303 1072 senserit,

198 1103 328 1166 omnino
359 1119 422 1164 non
455 1099 600 1165 traditur.
651 1097 743 1177 Quod
767 1099 809 1164 ad
837 1101 1023 1165 animalium
1057 1102 1303 1183 generationem

198 1212 322 1288 attinet,
344 1207 424 1274 haec
436 1210 504 1273 eius
520 1209 657 1273 refertur
672 1209 833 1274 sententia
851 1209 930 1274 satis
941 1210 1171 1274 memorabilis:
1194 1212 1303 1292 prima

197 1320 353 1385 animalia
382 1319 478 1383 solis
501 1318 647 1383 effectu
682 1318 720 1383 in
743 1318 902 1384 humore
936 1324 1032 1384 nata
1058 1339 1155 1395 esse,
1184 1321 1299 1384 corti·

197 1430 306 1494 cibus
328 1429 508 1510 spinosis
530 1428 802 1508 circumclusa,
823 1427 980 1492 adultiora
1002 1433 1109 1492 autern
1132 1435 1240 1493 aetate
1263 1430 1300 1492 in

196 1540 267 1604 loca
290 1538 426 1604 sicciora
448 1536 645 1602 deoessissso
676 1537 787 1617 ibique
810 1537 982 1602 corticibus
1005 1539 1110 1620 ruptis
1133 1538 1166 1601 in
1190 1521 1300 1602 lucem

197 1647 365 1732 prodiisse,
390 1646 448 1712 sed
475 1666 537 1710 non
572 1647 704 1709 multum
736 1647 890 1728 temporis
924 1643 1203 1729 supervixisse‘2).
1250 1651 1298 1711 Ao

195 1765 362 1842 praeterea
382 1755 423 1820 do
448 1753 609 1820 hominum
633 1754 757 1838 origine
781 1753 913 1821 haecce:
938 1753 1096 1839 ‘primos
1121 1755 1297 1821 homines

195 1867 233 1930 iu
257 1866 436 1950 piscibus
459 1874 572 1929 natos
601 1883 699 1945 esse,
733 1884 803 1929 eam
831 1865 872 1930 ob
906 1885 1063 1947 oanssam,
1097 1865 1186 1947 quod
1218 1874 1296 1942 non,

195 1974 462 2060 quemadmodum
484 1974 611 2055 reliqua
632 1974 796 2055 animalia,
823 1974 931 2038 statim
953 1994 1011 2057 por
1032 1994 1067 2038 se
1089 1975 1152 2057 ipsi
1174 1976 1297 2041 victum

195 2091 394 2170 quaererent,
424 2083 482 2148 sed
503 2084 601 2166 longa
622 2084 756 2148 nutricis
784 2104 860 2148 cora
888 2084 1077 2166 indigerent,
1107 2091 1139 2150 et
1165 2085 1296 2150 adultos

195 2195 323 2262 demum
344 2195 385 2259 ab
408 2194 473 2257 illis
501 2194 620 2258 eiectos
654 2213 726 2258 esse
756 2199 788 2258 et
821 2195 855 2257 in
877 2200 994 2258 terram
1016 2186 1194 2271 exiisse'³).
1243 2193 1293 2258 Ab

295 2347 321 2411 1)
341 2346 474 2400 Stobaeus
493 2346 511 2398 l.
530 2346 559 2410 l.,
583 2349 732 2413 postquam
750 2345 956 2399 Anaximandri
985 2346 1146 2414 opinionem
1171 2348 1294 2407 rettulit,

194 2445 396 2498 ,anaximenem
414 2443 455 2496 ait
484 2441 598 2496 eandem
624 2441 783 2510 opinionem
809 2443 887 2509 sequi
911 2442 1037 2510 hancque
1060 2461 1092 2497 eo
1116 2444 1294 2512 collustrare,

194 2540 276 2608 quod,
296 2541 318 2592 si
337 2555 429 2593 mare
448 2539 553 2592 remis
572 2538 741 2602 findatur,
763 2540 932 2593 corruscatio
952 2544 1094 2608 appareat.
1132 2541 1223 2611 Magis
1245 2560 1293 2595 aa·

192 2643 257 2702 tem,
277 2636 352 2704 quod
371 2637 545 2703 conieoimus,
564 2635 607 2688 his
626 2636 718 2689 verbis
738 2635 865 2704 Senecae,
885 2634 994 2704 Quaest.
1013 2641 1069 2690 nat.
1089 2637 1125 2704 ΙΙ,
1140 2639 1171 2690 19
1192 2639 1293 2692 coufir-

192 2737 297 2786 matur:
317 2730 561 2798 „Anaximandrus
578 2731 619 2783 ait
637 2731 731 2784 omnia
750 2731 803 2784 ista
821 2731 861 2784 sic
879 2730 953 2796 fieri,
972 2737 1004 2785 ut
1016 2750 1051 2785 ex
1064 2733 1177 2786 aethere
1197 2735 1293 2802 aliqua

191 2830 233 2882 vis
250 2830 279 2881 iu
298 2829 433 2882 inferiora
446 2827 597 2888 descendit,
617 2827 657 2880 ita
675 2828 767 2897 ignis
787 2828 957 2896 impactus
976 2829 1126 2883 nubibus
1146 2830 1291 2900 frigidis

190 2931 282 2994 sonat,
304 2931 341 2992 at,
360 2904 422 2980 curn
440 2926 503 2978 illas
521 2925 707 2986 interscindit,
727 2924 843 2993 fulget.“

289 3025 315 3088 2)
334 3022 409 3076 Plut.
428 3021 502 3075 Plac
522 3021 555 3088 V,
577 3022 609 3073 19
628 3021 734 3090 (Galen.
756 3038 778 3075 c.
799 3021 857 3090 35):
892 3023 968 3090 ,’Ar.
988 3023 1024 3075 ἐν
1042 3021 1133 3091 ὑγρῷ
1152 3025 1289 3092 γεννηθῆ-

192 3138 232 3173 ναι
251 3117 283 3170 τὰ
304 3119 397 3187 πρῶτα
418 3119 478 3184 ζῶα,
498 3119 605 3188 φλοιοῖς
623 3113 807 3188 περιεχόμενα
824 3114 1011 3171 ἀκανθώδεσι·
1036 3116 1239 3186 προβαινούσης
1257 3121 1288 3173 di

189 3217 235 3281 τῆς
244 3213 346 3281 ἡλικίας
355 3215 507 3280 ἐπιβαίνειν
520 3214 566 3266 ἐπὶ
584 3211 615 3266 τὸ
627 3209 780 3284 ξηρότερον,
799 3219 843 3266 καλ
856 3220 1107 3285 περιρρηγνυμένου
1124 3217 1173 3267 τοῦ
1182 3217 1289 3285 φλοιοῦ,

189 3312 234 3364 ἐπ’
253 3309 348 3380 ὀλίγον
372 3306 477 3380 χρόνον
503 3312 697 3380 μεταβιῶναι.“
725 3311 837 3380 Hippol.
857 3313 874 3366 l.
894 3313 910 3365 l.
940 3309 989 3377 „rii
1017 3312 1048 3364 δὲ
1076 3313 1130 3373 ζῶα
1158 3317 1286 3379 γίνεσθαι

189 3403 441 3478 ἐξατμιζόμεινα
460 3402 521 3460 ὑπὸ
540 3409 597 3460 τοῦ
618 3406 741 3472 ἣλλου“.

288 3506 314 3572 3)
333 3504 406 3559 Plut.
428 3505 528 3558 Strom.
553 3505 628 3573 apud
646 3505 746 3559 Euseb.
771 3504 869 3575 Praep.
892 3507 944 3559 Er.
964 3506 986 3567 I,
1005 3508 1031 3572 8,
1051 3507 1080 3558 2:
1100 3506 1165 3571 .,,ἔτι
1191 3510 1286 3576 φησίν,

188 3597 226 3653 ὅτι
248 3602 304 3652 κατ’
322 3597 402 3670 ’ρχάς
420 3603 453 3661 ἐξ
471 3598 660 3654 ἀλλοειιλιῖιν
677 3598 768 3665 ζώων
788 3601 803 3655 ὁ
823 3597 972 3674 ι’λνθρωπος
990 3598 1287 3674 &comsit—{dmoni

187 3694 219 3748 τὰ
237 3697 291 3766 μὲν
309 3689 376 3748 ἄλλα
396 3698 432 3749 de’
453 3698 555 3750 ἑαυτῶν
573 3695 641 3768 ταχὺ
660 3703 805 3769 νέμεσθαι,
830 3693 920 3768 μόνον
943 3700 974 3752 δέ
997 3697 1046 3753 τὸν
1064 3694 1219 3768 ἄνθρωπον
1236 3719 1285 3750 πο-

186 3796 328 3862 λυχρονίου
347 3794 456 3846 δεῖσθαι
476 3790 653 3860 τιθηνήσεως·
674 3793 717 3848 διὸ
737 3801 781 3848 καὶ
805 3798 861 3848 ιιατ1
881 3792 967 3866 ἀρχὰς
985 3793 1034 3849 οὐκ
1052 3791 1088 3850 ἄν
1110 3815 1177 3849 ποτε
1200 3797 1286 3849 τοιοῦ-

186 3907 234 3941 τον
250 3883 315 3941 ὅντα
336 3890 534 3957 διασωθῆναι.“
572 3890 645 3946 Plut.
666 3891 758 3961 Symp.
779 3892 855 3952 VIII,
874 3895 898 3960 8,
919 3895 947 3946 4r
973 3889 1231 3964 ,(Λνσξίμανδρος)
1250 3894 1286 3945 ἐν

185 3978 325 4054 ἰχθύσιν
351 3987 556 4056 ἐγγενέσθαι
576 3987 607 4040 τὸ
635 3989 745 4057 πρῶτον
760 3984 926 4058 ἀνθρώπους
944 3987 1137 4060 ἀποφαίνεται,
1156 3993 1202 4042 real
1220 4009 1285 4058 τρα-

185 4085 288 4150 φέντας
306 4080 399 4152 ὥσπερ
424 4087 450 4135 ot
473 4086 583 4136 παλαιοὶ
610 4085 671 4154 (pro
689 4085 742 4140 hac
765 4102 839 4147 voce,
859 4103 930 4154 quae
956 4104 1010 4139 non
1031 4087 1159 4156 intellegi
1181 4091 1285 4154 potest,

185 4177 320 4232 Wittenb.
345 4179 428 4234 scribi
449 4180 526 4233 iubet
553 4179 669 4249 ὡσπερεὶ
690 4181 820 4250 παιδείᾳ),
839 4186 883 4233 καλ
906 4187 1073 4252 γενομένους
1091 4180 1201 4239 ἱκανοὺς
1222 4183 1284 4234 ἑαυ-

184 4280 239 4332 τοῖς
258 4280 380 4341 βοηθεῖν,
400 4275 608 4341 ἐκβληθῆναι
629 4278 771 4342 τηνικαῦτα
791 4282 836 4330 καὶ
854 4280 903 4348 γῆς
921 4280 1085 4345 λαβέσθαι.“
