2850 4904
756 359 809 410 178

235 541 348 619 aperto
369 541 428 600 est.
471 531 672 616 Porphyrius
694 530 864 614 Simplicio
886 537 970 596 teste
990 531 1096 596 loenm
1120 532 1168 597 ita
1191 531 1336 616 iuterpre-

236 653 333 725 tatur,
364 644 460 726 quusi
490 642 681 707 Aristoteles
702 642 840 724 primum
863 640 1019 723 physioos
1040 641 1240 723 generaliter
1260 641 1336 706 dieat

237 754 271 820 id
304 753 392 837 quod
423 759 475 818 est
506 771 619 817 nnnm
646 770 767 834 ponere
787 757 920 832 tumque
942 769 999 815 eos
1022 753 1149 816 ratione
1172 751 1334 835 ieiunam

238 883 335 931 unum
367 867 498 946 ponant,
532 860 683 926 bifariam
715 859 839 924 dividat
861 859 896 924 in
918 879 985 940 eos,
1016 862 1072 942 qui
1096 859 1158 926 hoo
1180 882 1274 927 unum
1295 861 1336 925 di·

238 978 313 1040 oent
344 991 485 1056 eorpus
518 971 640 1036 rebus
674 970 901 1035 subiectum
935 971 975 1034 in
1001 972 1243 1049 universnm,
1268 991 1336 1035 non

239 1081 485 1148 definientes
507 1081 593 1145 sius
616 1080 798 1162 speeiem,
820 1084 853 1144 et
875 1080 909 1144 in
933 1099 999 1154 eos,
1015 1080 1071 1160 qui
1085 1077 1150 1145 hoe
1165 1099 1260 1145 unum
1273 1100 1335 1145 esso

238 1193 340 1257 velint
361 1209 505 1275 eorpus
528 1187 720 1271 quoddam
733 1186 954 1270 definitum,
969 1195 1086 1269 atque
1103 1188 1263 1270 quidem
1278 1197 1336 1254 aut

240 1322 356 1368 unum
388 1321 407 1366 e
438 1300 570 1365 tribus
600 1298 807 1363 elementis
829 1303 894 1362 ant
915 1317 1057 1382 eorpus
1079 1298 1272 1380 quoddam
1293 1301 1335 1363 in·

240 1419 300 1477 ter
332 1410 408 1476 duo
441 1411 638 1476 elementa
664 1407 852 1484 medium;
894 1407 1126 1490 interpretatur
1163 1408 1262 1492 igitur
1290 1411 1335 1488 ita,

241 1523 334 1604 quasi
367 1522 518 1604 seriptum
553 1517 597 1582 sit
627 1509 680 1580 ‘oi
710 1513 770 1596 μὲν
801 1510 861 1597 γὰρ
895 1510 934 1578 τὸ
969 1508 1007 1578 lv
1039 1509 1239 1599 ποιήσαντες
1259 1509 1337 1599 ἕιῆ

241 1629 338 1710 σῶμα
358 1624 396 1692 ud
422 1621 643 1708 ὑποκείμενον
663 1623 875 1707 (ἀδιορίστως
894 1623 1093 1707 λογόμενον),
1122 1618 1145 1708 ἢ
1165 1629 1233 1691 τῶν
1250 1631 1337 1708 τριῶν

241 1762 271 1803 τι
297 1732 320 1822 ἢ
338 1729 419 1802 ἄλλο
441 1736 577 1814 nzl’1).
616 1737 723 1818 Atque
748 1736 796 1799 ita
817 1735 1047 1818 interpretatus
1069 1737 1276 1819 posteriorem
1297 1734 1336 1799 di·

240 1850 377 1914 visionis
403 1855 529 1933 partem
552 1846 705 1930 opinatur
735 1843 778 1907 ad
808 1862 865 1908 eos
886 1843 1060 1928 pertinere,
1083 1845 1140 1926 qui
1162 1845 1205 1910 ab
1229 1845 1337 1908 Aristo·
1406 1905 1407 1908 ,

243 1959 307 2024 telo
337 1950 384 2021 ‘oi
412 1949 499 2039 μέν’,
535 1955 677 2039 priorem
702 1952 746 2018 ad
780 1972 846 2032 eos,
877 1953 934 2034 qui
966 1945 1013 2014 ‘oi
1037 1942 1093 2016 δὲ’
1126 1952 1280 2034 dieantur,
1310 1949 1337 2013 id

243 2077 302 2149 est,
337 2067 379 2132 ad
405 2063 695 2144 Anaximandrum,
727 2065 782 2145 qui
814 2062 903 2128 solus
934 2061 977 2127 ab
999 2063 1174 2128 Aristotele
1207 2063 1238 2126 in
1259 2061 1337 2125 hisee

243 2176 432 2244 nominetur.

346 2313 395 2376 Ex
428 2311 595 2397 proposita
630 2307 805 2393 Porphyrii
828 2307 868 2372 de
890 2307 1076 2372 Aristotelis
1098 2309 1170 2373 looo
1193 2303 1338 2373 sententio

245 2422 392 2508 protinus
425 2424 571 2504 apparet,
604 2437 677 2484 euin
708 2417 748 2483 de
770 2416 897 2481 ratione
918 2417 982 2480 loei
1005 2417 1218 2498 grammatica
1238 2416 1279 2479 sie
1298 2414 1336 2476 io-

246 2531 365 2612 dieare,
400 2537 436 2596 ut
468 2529 568 2594 verba
597 2522 649 2590 “dv
682 2521 885 2609 πονήσαντες
916 2519 955 2588 τὸ
978 2517 1016 2588 ὃν
1040 2517 1127 2588 uulf
1148 2525 1191 2590 ad
1210 2506 1254 2587 ‘oi
1274 2509 1337 2602 μετ’

246 2644 289 2706 ad
311 2641 419 2723 posita
442 2639 563 2722 pariter
588 2636 631 2701 ad
650 2628 699 2697 ‘oi
721 2624 775 2697 δὲ’
797 2633 961 2718 pertinere
983 2638 1086 2717 putet,
1115 2640 1148 2699 et
1170 2653 1208 2700 eo
1228 2639 1337 2698 tantum

247 2751 316 2817 eins
339 2747 638 2832 interpretationem
663 2743 795 2809 differre
817 2742 858 2808 ab
881 2763 931 2824 ee,
959 2762 1054 2825 quam
1076 2743 1139 2826 ipsi
1161 2749 1254 2808 anteo
1273 2757 1337 2824 pro·

261 2962 459 2972 ——--

350 3093 379 3161 1)
394 3092 475 3160 Quod
494 3089 530 3146 ad
550 3089 702 3159 Porphyrii
724 3087 891 3142 vocabulum
909 3085 1005 3157 ‘eulpa
1028 3081 1059 3137 τὸ
1079 3082 1259 3156 ὑποκείμενον
1274 3076 1338 3133 idio

248 3196 347 3260 ρίστως
364 3183 529 3260 λεγόμενον’
550 3187 664 3254 attinet,
687 3183 717 3238 id
737 3185 820 3254 plane
838 3181 913 3238 idem
931 3179 1072 3253 signifieat
1090 3185 1176 3250 atque
1194 3175 1339 3235 Aristotelis
1405 3211 1406 3224 r

249 3287 417 3342 vocabulum
435 3285 534 3356 ‘eulpa
554 3281 585 3336 τὸ
604 3277 800 3352 ὑποκιίμενον’
824 3297 875 3350 per
892 3283 1085 3348 resumptum.
1123 3279 1193 3333 Gom
1205 3278 1274 3331 enim
1286 3272 1339 3327 Ari·

254 3384 368 3438 stoteles
386 3382 515 3452 physicos
529 3381 605 3435 dieat
623 3379 652 3433 id
671 3377 746 3447 quod
766 3381 808 3431 est
826 3394 931 3446 ponere
948 3374 993 3430 ’ἓν
1011 3376 1093 3446 σῶμα
1112 3373 1143 3428 τὸ
1163 3373 1338 3444 ὑποκείμενον,
1405 3417 1406 3422 ,

250 3475 340 3549 lireio
359 3481 441 3552 τριῶν
460 3500 485 3531 τι
503 3472 520 3544 ἢ
541 3471 631 3546 dtlo’,
657 3475 758 3547 ’σῶμα
783 3471 813 3526 τὸ
832 3471 925 3527 inor!
952 3490 1003 3543 per
1031 3490 1060 3527 se
1087 3472 1177 3527 solnm
1197 3488 1251 3525 non
1267 3464 1339 3536 signi-
1405 3467 1406 3534 3

251 3577 317 3631 ficet
335 3577 388 3630 nisi
413 3592 537 3644 eorpus
556 3572 728 3643 quoddam
748 3571 782 3624 in
801 3571 1014 3638 universum,
1043 3568 1117 3637 quod
1138 3568 1231 3623 verbis
1253 3558 1341 3630 ’ἣῐῶν
1405 3585 1406 3620 l

250 3674 333 3743 τριῶν
351 3694 375 3726 τι
397 3666 413 3740 ἢ
432 3667 509 3726 ἄλλο’
539 3671 622 3725 modo
650 3669 819 3723 disiunctivo
848 3667 956 3722 duabus
981 3664 1079 3721 formis
1108 3664 1247 3720 definitor.
1280 3659 1340 3713 Por-

250 3770 367 3841 phyrius
385 3768 553 3825 vocabulum
571 3765 665 3838 ‘oripo
685 3762 716 3818 τὸ
735 3760 826 3819 ὑιιοιτ.ι
848 3781 899 3834 per
917 3780 946 3816 se
964 3781 981 3817 n
999 3761 1107 3817 duabus
1126 3761 1184 3816 illis
1203 3757 1294 3815 formis
1306 3771 1340 3807 se-

251 3873 334 3936 parat
363 3866 453 3934 iisque
477 3864 604 3934 opponit,
634 3879 756 3933 ergoque
776 3860 915 3930 intellegit
937 3858 1063 3930 generali
1091 3875 1123 3914 ea
1145 3853 1342 3928 significatione,

252 3981 325 4033 quoe
344 3963 398 4032 ipsi
418 3979 469 4032 per
490 3963 522 4016 se'
538 3961 590 4015 soli
609 3958 748 4024 eonvenit,
768 3956 908 4026 intellegit
927 3955 1015 4025 igitur
1027 3971 1156 4023 eorpus
1175 3955 1209 4008 in
1221 3952 1343 4007 univer-

252 4078 323 4114 sum
343 4059 403 4114 sive
420 4074 546 4127 oorpus
566 4056 712 4111 infinite
731 4053 874 4108 dietum.
911 4051 987 4119 Quae
997 4051 1136 4122 generalis
1154 4049 1281 4108 vocabuli
1297 4045 1343 4112 sig·

251 4155 378 4212 nifloatio
397 4159 430 4210 ut
448 4155 532 4224 plane
545 4154 739 4223 intellegatur,
758 4149 968 4221 perspicuitatis
981 4166 1078 4204 neusse
1096 4147 1132 4202 ad
1151 4143 1255 4218 ‘eulpa’
1275 4140 1345 4198 addit

251 4246 427 4318 ’ἀδιορίστως
445 4242 618 4319 λεγόμενον’.
