2860 4906
731 371 784 424 256

202 546 261 621 lus,
284 545 338 626 qui
360 563 468 610 aerem
491 554 589 610 unum
615 543 759 610 emnium
786 544 981 626 prineipium
1007 541 1089 608 dieit
1115 563 1157 608 ex
1183 540 1317 624 haeque

203 651 328 718 duobus
352 651 455 734 ipsius
476 653 615 718 motibus
645 652 824 734 centrariis,
858 652 1075 718 rarelaetione
1107 658 1139 716 et
1168 651 1316 717 conden-

203 762 340 844 satione,
351 781 462 828 omnes
474 781 525 827 res
536 769 680 844 generat,
703 767 801 842 atque
814 760 1028 827 rarefaetione
1042 760 1172 843 quidem
1188 761 1314 844 iguem,

204 869 456 938 condensatione
481 877 590 936 aulem
610 889 729 952 aquam
751 876 784 936 et
803 877 930 951 terram,
951 868 1123 936 calidum
1145 875 1177 936 et
1198 870 1314 952 frigi-

205 979 290 1046 dum
313 979 451 1046 refertur
481 981 586 1064 prima
612 981 777 1046 contraria
800 979 949 1063 posuisse
961 982 996 1060 ¹).
1039 981 1070 1044 ls
1107 979 1205 1063 igitur
1235 980 1315 1044 sine

204 1089 303 1155 dubio
325 1091 446 1172 pariter
472 1096 569 1172 atque
590 1089 833 1156 Anaximander
866 1109 976 1155 omnes
1010 1109 1062 1154 res
1084 1089 1236 1154 bifariam
1263 1089 1314 1154 ita

111 1273 113 1280 ‚
204 1198 326 1281 divisit,
348 1205 383 1264 ut
404 1198 513 1282 iguem
535 1200 638 1264 solum
653 1198 804 1276 ualidum,
827 1199 1090 1280 reliquasautem
1106 1217 1167 1274 res,
1189 1217 1313 1279 aquam

204 1314 237 1373 et
257 1314 373 1374 terram
397 1343 438 1354 -
458 1329 534 1374 uam
561 1309 633 1391 ipse
660 1328 716 1373 aer
739 1308 863 1375 medius
895 1313 945 1374 est
970 1327 1088 1392 —per
1120 1327 1156 1374 se
1184 1306 1313 1389 frigida

204 1417 340 1492 diaeret;
373 1437 568 1501 quamquam
596 1419 625 1484 is
652 1417 794 1484 ealidum
824 1425 856 1483 et
876 1417 1033 1499 frigidum
1055 1438 1120 1483 non
1142 1416 1204 1482 uisi
1228 1417 1314 1482 rari-

204 1534 270 1594 tate
293 1536 324 1593 et
351 1528 513 1594 densitate
540 1527 695 1594 distinxit.
740 1527 868 1594 Deinde
896 1527 1089 1604 Heraclitus,
1121 1526 1177 1609 qui
1200 1527 1313 1608 ignem

204 1639 309 1720 ipsum
336 1638 476 1721 primum
498 1637 691 1721 principium
721 1639 895 1722 penitnee
924 1658 1011 1716 vero,
1039 1635 1314 1720 quemadmodum

204 1747 444 1813 Anaximander
475 1753 507 1812 et
541 1746 774 1829 Anaximenen,
807 1767 825 1813 e
858 1747 966 1830 priore
1001 1747 1158 1832 principio
1191 1747 1311 1828 gignit,

205 1856 295 1922 huie
320 1858 400 1939 igni
432 1855 568 1941 opponit
595 1861 774 1922 naturam
802 1855 996 1922 humidam
1029 1848 1237 1938 (θάλασσαν),
1276 1855 1314 1919 in

206 1986 302 2048 quam
323 1965 379 2032 ille
402 1965 506 2049 primo
528 1972 680 2049 vertatur,
703 1971 735 2032 et
758 1986 799 2032 ex
822 1965 882 2030 hae
895 1967 1034 2049 primum
1051 1971 1163 2032 natura
1174 1963 1314 2030 humida

205 2083 324 2144 terram
357 2084 389 2141 et
418 2095 526 2142 aerem
556 2074 634 2140 oriri
668 2074 780 2140 statuit
788 2074 823 2155 2).
867 2074 953 2156 Ergo
976 2072 1030 2139 hie
1065 2092 1192 2155 quoque
1227 2071 1314 2138 duas

205 2186 308 2250 solum
331 2187 451 2269 primas
475 2191 606 2252 naturas
629 2185 806 2250 contrarias
818 2183 926 2266 penit,
950 2189 1098 2249 naturam
1120 2183 1250 2265 igneam
1271 2201 1314 2246 ae

206 2292 343 2360 ualidam
367 2300 400 2360 et
422 2299 568 2361 naturam
590 2292 754 2360 humidam
776 2313 815 2358 ae
837 2291 996 2374 frigidam.

306 2404 389 2469 Tum
423 2403 555 2486 propius
583 2403 680 2469 etiam
703 2401 745 2468 ad
768 2403 873 2486 ipsam
894 2399 1128 2468 Anaximandri
1152 2400 1316 2466 rationem

206 2513 365 2579 aeeedunt
394 2532 433 2578 ea
461 2513 525 2579 due
548 2514 706 2579 elementa
738 2513 808 2578 sive
834 2509 1006 2596 principia,
1040 2509 1158 2593 quibus
1181 2510 1318 2576 Parme-

205 2896 286 2963 liora,
306 2894 374 2948 haee
399 2898 491 2948 autem
510 2892 667 2962 posteriora
687 2893 752 2960 sint,
771 2893 807 2946 ab
826 2892 937 2960 illisque
947 2890 1152 2959 quodammodo
1161 2890 1318 2959 pendeant.

206 2992 282 3060 Quae
302 2995 407 3060 quanto
418 3008 502 3060 opere
512 3008 575 3044 eum
585 2989 791 3045 Anaximandri
801 2990 929 3044 doctrina
938 2988 1114 3056 conveniant,
1133 2986 1218 3041 facile
1240 3005 1317 3041 eom-

205 3088 398 3158 prehenditur.

308 3203 335 3272 1)
354 3202 466 3271 Hippoi.
486 3201 594 3257 Refutt.
614 3203 637 3270 Ι,
657 3203 687 3254 7:
720 3197 805 3269 „twa
828 3198 852 3266 (ὁ
873 3196 935 3269 ἀὴρ)
959 3203 996 3258 εἰς
1018 3197 1049 3252 τὸ
1072 3193 1234 3268 ἀραιότερον
1257 3199 1318 3250 δια-

203 3303 288 3374 χυθῇ,
317 3301 372 3372 πῦρ
397 3306 536 3369 γίνεσθαι,
563 3304 658 3372 μέσως
677 3299 707 3353 δὲ
726 3294 809 3352 πάλιν
832 3302 869 3357 εἰς
888 3293 939 3366 dap
967 3290 1158 3367 πυκνούμενον
1182 3295 1212 3352 ἐξ
1235 3288 1319 3364 ἄερος

199 3393 314 3470 ’νέφος
332 3394 527 3452 ἀποτελεῖσθαι
548 3395 615 3451 κατὰ
639 3395 688 3464 τὴν
709 3399 829 3464 πίλησιν,
848 3396 884 3448 ἔτι
905 3391 939 3460 δὴ
957 3394 1063 3464 μᾶλλον
1081 3387 1172 3460 ὕδωρ
1192 3393 1250 3444 κτλ.
1266 3432 1272 3444 .
1288 3432 1317 3445 ..

206 3491 280 3550 οῖ’σιε
310 3493 342 3549 τὰ
375 3490 524 3564 κυριώτατα
553 3495 598 3561 τῆς
630 3499 764 3563 γενέσεως
797 3493 905 3547 ἐναντία
938 3491 1004 3545 εἶναι
1033 3483 1167 3560 θερμόν
1198 3505 1231 3540 τε
1263 3493 1318 3540 καὶ

207 3586 367 3663 ψυχρόν-“

305 3705 334 3775 2)
354 3704 437 3758 Clem.
462 3703 543 3756 Alex.
563 3701 664 3755 Strnm.
689 3699 722 3766 V,
743 3701 784 3752 14.
808 3715 835 3766 p.
853 3697 905 3752 'lll
926 3696 967 3750 ed.
986 3695 1066 3750 Pott:
1090 3691 1195 3764 „nunde
1213 3699 1317 3763 τροπαὶ

207 3805 316 3874 πρῶτον
335 3798 506 3854 θάλασσα·
528 3793 670 3864 θαλάσσης
689 3796 720 3849 dd
738 3793 769 3848 τὸ
787 3795 843 3866 μὲν
865 3791 950 3864 ἣμισυ
967 3793 1012 3862 γῆ,
1031 3789 1062 3844 τὸ
1084 3791 1115 3843 δὲ
1134 3786 1223 3862 ἥμισυ
1247 3812 1319 3860 πρη-

207 3896 298 3968 οτὴρ“.
335 3899 380 3952 Ad
399 3915 470 3967 quae
489 3896 575 3951 verba
594 3893 759 3963 explicanda
779 3891 903 3946 Clemens
922 3889 1015 3944 addit:
1041 3888 1115 3958 „urin
1135 3927 1142 3941 .
1162 3924 1169 3938 .
1190 3927 1196 3939 .
1216 3893 1317 3957 τρέπε-

205 4017 249 4050 ται
267 4000 304 4055 εἰς
322 3993 422 4064 ὑγρὸν
440 3993 471 4048 τὸ
491 3990 527 4052 ὡς
544 3995 658 4064 σπέρμα
676 3991 722 4057 τῆς
740 3984 903 4056 διοικήσιως,
927 3983 942 4039 ὃ
963 3988 1039 4038 καλεῖ
1056 3981 1229 4038 θάλοσσαν.“
1249 3985 1316 4038 Non

207 4111 275 4162 opus
295 4091 415 4158 videtur,
434 4091 488 4144 hoe
506 4091 567 4143 loeo
591 4089 625 4143 de
644 4085 849 4157 significatione
870 4081 1001 4138 vocabuli
1020 4078 1143 4152 πρηστὴρ
1165 4080 1252 4150 plura
1272 4081 1316 4134 di-

136 4236 138 4241 .
207 4207 277 4255 uere,
301 4188 433 4256 queniam
462 4203 532 4256 quae
558 4185 714 4239 similitudo
742 4184 817 4238 inter
836 4180 973 4235 Heracliti
1003 4183 1031 4232 et
1049 4177 1258 4234 Anaximandri
1279 4178 1316 4230 de

207 4285 350 4339 elementis
370 4285 533 4353 opioniones
553 4282 718 4349 intercedat,
738 4281 806 4335 satis
825 4283 951 4349 apparet.
