2864 4910
765 399 819 454 404
883 433 886 438 .

233 563 464 655 ὑγρότητος)
486 568 624 646 αὐτοῖς
645 568 812 654 χορηγία
827 567 989 654 γίνεται,
1008 566 1103 650 περὶ
1127 569 1250 632 ταῦτα
1265 591 1348 649 τρε·

235 678 480 762 οογιένωτ“ῑ).
521 680 583 745 Ηίο
606 680 706 764 igitur
727 682 828 761 locus,
853 679 909 762 qni
925 684 1058 763 propter
1079 679 1214 743 nimiam
1238 677 1346 742 brevi-

233 795 333 854 tatem
355 790 464 871 paullo
487 788 654 854 obscurior
675 788 902 871 etlhucusque,
927 785 1138 870 quodetiam,
1161 807 1224 852 non
1244 788 1347 872 expli·

234 904 325 964 catus
349 905 407 979 est,
430 897 513 964 duas
537 899 680 964 continet
695 906 820 982 partem
844 899 949 981 priore
975 899 1048 981 ipsa
1063 895 1346 976 Anaximandri2),

234 1015 269 1074 ut
291 1009 355 1073 iam
379 1007 496 1074 dehoc
527 1009 596 1073 solo
618 1010 745 1090 loquar,
775 1008 887 1092 opinio
919 1008 1110 1091 proponitur
1143 1005 1183 1072 de
1217 1025 1347 1084 caussa,

236 1138 301 1200 qua
322 1110 355 1180 oi
379 1117 502 1198 τροπαὶ
518 1117 714 1192 efficientem
738 1119 842 1185 altera
864 1117 1007 1198 (indeab
1020 1110 1080 1197 ὥς)
1104 1116 1236 1182 additur
1251 1115 1347 1194 ratio,

238 1247 303 1311 qua
323 1228 569 1295 Anaximander
599 1227 642 1296 ad
665 1227 753 1294 illam
783 1248 875 1295 suam
897 1229 1084 1312 opinionem
1107 1225 1270 1292 adductus
1295 1224 1348 1299 sit,

237 1354 301 1416 qua
327 1334 458 1416 quidem
490 1355 524 1400 re
547 1334 689 1401 omnium
718 1334 858 1400 maxime
890 1335 963 1418 ipsa
983 1335 1221 1401 Anaximandri
1252 1354 1345 1401 mens

237 1445 389 1528 aperitur.
434 1444 519 1510 Tota
548 1445 612 1509 loci
640 1444 805 1510 sententia
827 1445 875 1509 sio
897 1443 991 1510 reddi
1015 1451 1139 1527 potest:
1184 1444 1345 1524 „Quidam

239 1552 368 1638 physici
390 1552 511 1636 dicunt,
536 1573 554 1619 e
580 1561 695 1620 natura
716 1553 851 1619 humida
871 1560 985 1619 ventos
1008 1554 1084 1618 oriri
1106 1552 1221 1636 hisque
1243 1553 1345 1618 solis

186 1699 194 1714 ·
237 1668 274 1727 et
299 1664 417 1728 lunae
432 1660 1346 1750 conversionesperoiroulumeclipticum(cde

238 1767 404 1854 τροπὰς)
428 1772 553 1855 effici,
576 1793 621 1838 ea
642 1779 799 1838 utentes
823 1772 977 1838 ratione
1001 1767 1116 1854 (uigil),
1149 1772 1235 1854 quod
1268 1790 1343 1853 quo·

236 1881 323 1946 niam
346 1882 422 1947 illae
444 1883 557 1948 stellae
579 1883 806 1948 conversiones
829 1882 953 1947 faciant
982 1881 1071 1946 circa
1099 1900 1139 1946 ca
1168 1881 1241 1964 ipsa
1262 1881 1341 1956 loca,

343 2143 369 2210 1)
390 2142 550 2211 Sequuntur
570 2144 644 2212 apud
663 2143 866 2198 Alexandrum:
894 2138 941 2205 „ad
961 2143 995 2196 δέ
1011 2163 1036 2196 τι
1055 2137 1136 2208 αὐτῆς
1160 2143 1217 2210 (τῆς
1235 2137 1342 2210 πρώτης

240 2231 396 2307 ὑγρότητος)
416 2236 589 2309 ὑπολειφθὲν
607 2240 638 2293 ἓν
653 2246 709 2298 τοῖς
727 2241 828 2298 κοίλοις
849 2233 946 2298 τόποις
971 2233 1109 2292 θάλατταν
1132 2239 1200 2292 εἶναι
1219 2280 1226 2292 .
1246 2281 1252 2292 .
1271 2279 1278 2291 .
1300 2243 1343 2305 „et

240 2333 374 2400 denique:
394 2329 507 2402 „saurus
524 2335 571 2402 τῆς
590 2330 669 2402 δόξης
689 2337 826 2405 ἐγένοντο,
850 2333 886 2394 ὠς
910 2338 1014 2404 ἱστορεῖ
1032 2329 1220 2406 Θεόφραστος,
1244 2333 1342 2392 Ἀναξί-

239 2430 363 2498 μανδρος
387 2434 431 2482 κο)
452 2433 612 2500 Διογένηῤ,
638 2451 709 2501 qnae
735 2433 821 2486 verba
849 2432 905 2486 alio
930 2433 991 2486 loco
1021 2431 1181 2486 attutimus.
1217 2431 1342 2485 Zellerus

238 2525 345 2595 (Gesch.
366 2525 387 2594 l,
410 2545 437 2596 p.
459 2528 519 2596 196,
538 2530 567 2595 2)
593 2531 686 2597 putat,
715 2529 839 2583 dubitari
863 2546 953 2597 posse,
980 2546 1055 2596 num,
1086 2528 1162 2597 quod
1182 2527 1341 2582 Alexander

238 2622 314 2677 dicat
332 2623 405 2678 hauc
432 2625 600 2679 sententiam
623 2643 640 2679 a
659 2624 905 2694 Theophrasto
930 2625 1143 2679 Anaximandro
1170 2631 1199 2679 ct
1222 2600 1342 2696 Diogcini

238 2719 336 2779 tribui,
355 2719 391 2774 ad
410 2725 501 2775 totum
520 2722 612 2776 locum
631 2741 667 2778 au
685 2721 759 2777 forte
777 2723 813 2776 ad
831 2727 1004 2792 postremam
1013 2725 1125 2776 tantum
1144 2722 1203 2776 eius
1222 2727 1340 2791 partem,

238 2834 309 2886 qnae
328 2817 363 2871 de
380 2818 453 2871 mari
471 2818 541 2888 agit,
560 2819 739 2872 referendum
757 2820 802 2872 sit.
840 2821 877 2873 at
903 2824 979 2874 totns
1002 2821 1079 2876 locus
1105 2836 1203 2873 unam
1231 2823 1340 2872 tantum

240 2913 365 2967 continet
383 2916 549 2968 sententiam
577 2915 638 2985 ipsa
657 2917 742 2970 etiarn
764 2916 873 2970 ratione
895 2918 1081 2986 grammatica
1100 2915 1271 2981 continuam,
1302 2915 1340 2967 ita

237 3012 269 3061 ut
288 3003 356 3074 αὕτη
375 3005 391 3074 τ)
411 3003 478 3068 δόξα
498 3009 652 3063 necessario
671 3008 731 3064 fere
749 3009 784 3063 ad
804 3013 896 3063 totum
915 3010 1006 3064 locum
1027 3009 1176 3064 referenda
1194 3012 1240 3064 sit.
1259 3010 1340 3064 Prae-

237 3109 326 3167 terea,
350 3121 421 3172 quae
439 3105 535 3173 priore
553 3106 610 3159 loci
627 3111 709 3175 parte
732 3106 767 3161 de
790 3107 840 3161 illa
857 3107 1005 3175 sententia,
1029 3112 1168 3177 quatenus
1190 3125 1223 3162 ea
1242 3107 1278 3162 ad
1296 3103 1340 3162 τὰς

237 3198 340 3270 τροπὰς
358 3202 491 3270 pertinet,
510 3202 653 3272 dicuntur,
672 3208 730 3257 tam
749 3207 911 3258 accuratam
930 3221 963 3258 ac
981 3203 1113 3258 subtilem
1132 3205 1214 3258 huius
1233 3210 1339 3258 senten·

237 3298 295 3351 tiae
314 3298 503 3368 cognitionem
522 3298 656 3367 produnt,
675 3304 780 3354 utnon
799 3301 908 3370 possint
925 3301 979 3354 nisi
998 3319 1015 3354 a
1026 3301 1164 3370 scriptore
1178 3301 1338 3355 doctissimo

240 3379 353 3464 sumpta
372 3412 445 3464 esse;
465 3395 494 3449 id
513 3395 588 3465 quod
601 3413 635 3450 ex
646 3397 708 3466 ipsa
720 3397 908 3466 explicatione
921 3398 1038 3466 patebit.
1075 3396 1169 3464 Quare
1187 3398 1339 3452 rectissime

240 3491 378 3545 Usenerus
399 3491 430 3559 (l.
444 3492 474 3558 1.)
493 3491 581 3545 totius
592 3479 646 3546 hici
660 3494 827 3547 sententiam
841 3492 1034 3562 Theophrasto
1048 3494 1160 3557 tribuit,
1178 3495 1338 3564 pariterque

237 3587 369 3655 1delerns,
388 3587 507 3642 Aristot.
527 3587 644 3643 Meteon.
664 3589 685 3656 l,
703 3606 731 3658 p.
751 3591 812 3643 268.
849 3589 1048 3658 Imprudentcr
1066 3595 1161 3644 autem
1172 3590 1339 3643 Wimmerns

238 3684 324 3737 verba
342 3681 440 3742 ‘cic-
452 3686 650 3755 rpanopevurv’
669 3686 785 3753 omittit,
805 3686 910 3754 quippe
923 3703 995 3754 quae
1014 3703 1077 3739 cum
1095 3685 1226 3754 prorihus
1244 3685 1338 3740 aretia·

237 3779 309 3835 sime
326 3780 494 3834 cohaereant
512 3785 541 3836 et
561 3781 686 3836 omnium
704 3782 827 3836 maxime
845 3783 1016 3836 senteutiam
1035 3782 1174 3850 aperiant.

339 3878 367 3944 2)
386 3877 450 3931 vid.
469 3882 528 3932 not¹
551 3896 642 3948 praec.

339 3973 368 4041 3)
387 3975 421 4026 ln
440 3975 575 4038 oratioue,
595 3993 650 4044 qua
669 3975 807 4046 quaedam
826 3975 942 4031 alicuius
955 3975 1096 4029 sententia
1114 3975 1172 4028 sive
1187 3974 1261 4028 actio
1280 3991 1338 4028 nar·

239 4072 329 4134 ratur,
348 4068 384 4126 nic
402 4087 465 4123 eum
484 4071 635 4140 participio
655 4089 715 4125 eam
736 4072 818 4125 huius
830 4071 984 4126 sententiae
1006 4071 1192 4125 siveactionis
1203 4071 1338 4124 rationem

237 4165 385 4234 significat,
404 4184 487 4234 quam
509 4167 557 4221 ille
575 4168 635 4236 ipse
652 4173 701 4222 aut
717 4169 882 4237 pronuntiet
909 4173 957 4222 aut
981 4173 1057 4222 certe
1084 4168 1258 4238 cogitatione
1278 4185 1339 4222 con·

239 4269 349 4333 ceptam
371 4263 479 4318 habeat.
