2860 4906
758 357 812 412 232

231 531 300 597 κατ’
325 521 414 609 εἶδος
436 530 490 595 καὶ
511 525 594 595 acroi
606 529 820 614 μέγεθος’“);
844 529 903 596 sed
918 529 983 595 iam
998 528 1149 608 vidimus,
1171 529 1222 594 his
1235 527 1330 593 Theo-

234 641 358 728 phrasti
381 640 489 707 verbis
521 661 585 706 non
615 642 719 724 ipsam
744 637 978 704 Anaximandri
1004 641 1205 720 sententiam,
1227 659 1331 704 verum

233 749 396 834 quandam
419 749 514 815 huius
537 749 719 816 sententiae
734 747 1032 834 interpretationem
1056 749 1201 834 proponi.
1223 747 1330 813 Osten-

233 860 339 926 dimus
380 858 477 930 enim.
513 857 575 924 hac
609 861 711 926 solum
742 860 868 924 ratione
902 859 960 924 illa
990 856 1211 942 Theophrasti
1240 857 1332 923 verba
1407 929 1408 934 .

233 969 413 1037 consociari
434 989 531 1052 posse
554 987 626 1034 cum
648 989 687 1034 eo
710 968 893 1034 Aristotelis
914 969 993 1046 loco,
1017 987 1080 1050 quo
1102 966 1131 1032 is
1144 968 1330 1034 Anaximan-
1407 939 1408 1020 i

234 1079 285 1146 dri
306 1078 502 1165 principium
536 1080 716 1164 appellaret
748 1078 953 1158 mixtionem3
989 1075 1141 1160 idemque
1175 1097 1212 1142 eo
1239 1079 1329 1143 etiam

233 1189 377 1256 diximus
400 1188 590 1261 confirmari.
617 1189 703 1270 quod
731 1189 788 1254 illa
810 1187 1029 1272 Theophrasti
1056 1187 1217 1254 sententia
1237 1207 1330 1253 neca

233 1297 412 1384 Simplicio,
446 1299 503 1381 qui
524 1299 612 1364 solus
635 1317 707 1362 eam
728 1277 837 1380 rel'crt,
870 1318 930 1364 nec
965 1297 1006 1362 ab
1040 1296 1106 1362 ullo
1143 1297 1209 1362 alio
1230 1303 1329 1362 vetere

234 1405 391 1489 scriptore
414 1404 446 1470 in
461 1403 646 1470 deliniendo
661 1403 897 1469 Anaximandri
914 1401 1076 1486 principio
1092 1405 1330 1486 adhiberetnr2).

233 1515 285 1580 Ad
317 1513 397 1580 haec
430 1520 620 1597 argumenta
645 1534 730 1579 nnnc
752 1511 874 1579 addere
908 1533 1088 1600 possumus,
1123 1515 1210 1598 quod
1241 1514 1329 1580 facilc

234 1623 364 1707 quidem
392 1622 600 1706 intellegitur,
635 1621 714 1706 quid
746 1623 891 1689 sentiens
916 1623 1169 1708 Theophrastus,
1206 1627 1234 1691 si
1255 1625 1329 1689 Ana-
1407 1637 1408 1644 ’

234 1731 397 1798 ximandri
428 1731 622 1817 principium
660 1731 756 1798 scivit
786 1738 934 1797 naturam
967 1754 1040 1800 csse
1071 1734 1156 1800 inter
1184 1734 1246 1801 duo
1272 1735 1330 1800 ele·

235 1848 343 1908 monta
368 1840 519 1917 mediam,
550 1842 634 1907 hanc
665 1840 895 1924 explicandam
932 1863 1005 1910 esse
1039 1842 1205 1927 putaverit
1242 1837 1330 1928 φύσιν

233 1943 390 2034 ἀόριστον
412 1949 480 2013 aor’
515 1941 613 2032 εἶδος,
648 1951 704 2034 qni
726 1957 835 2017 autem
868 1973 886 2018 e
918 1952 1049 2018 notione
1081 1960 1216 2020 naturae
1244 1952 1329 2019 nullis
1407 2009 1408 2034 ἒ

237 2061 449 2146 qualitatibus
472 2061 626 2128 delinitae
648 2062 725 2128 oriri
747 2064 887 2145 potuerit
909 2063 998 2128 notio
1019 2069 1154 2130 naturae
1176 2063 1329 2130 interduo

236 2175 397 2239 elementa
418 2171 555 2249 mediae,
580 2170 711 2236 omnino
733 2192 797 2237 non
818 2171 1113 2255 comprehenditur.

336 2299 406 2364 Iam
429 2317 503 2364 vero
536 2297 622 2380 quod
648 2297 690 2362 ad
712 2297 927 2383 Porphyrium
950 2300 1077 2382 attinet,
1111 2301 1141 2365 is
1175 2297 1329 2384 Simplicio
1407 2353 1408 2366 .

235 2416 318 2478 teste
354 2409 519 2476 contendit
555 2407 832 2474 Anaximandrum
874 2408 1069 2494 principium
1116 2398 1330 2492 ‘artoptam’

236 2519 345 2585 dicere
366 2510 491 2598 ‘adyto
517 2510 558 2581 tri
581 2515 846 2598 ὑποκείμενον
868 2506 1017 2600 ἔπειρον,
1048 2509 1087 2582 οὔ
1109 2518 1330 2602 drcpiourtc

235 2628 273 2692 τὸ
296 2617 415 2710 εἶδος,
437 2618 504 2689 εἴτε
527 2627 594 2708 πῦρ
616 2618 685 2690 εἴτε
711 2620 799 2709 ὕδωρ
834 2620 900 2690 εἴτε
933 2618 1054 2713 chiffl).
1099 2628 1238 2708 Quorum
1267 2648 1329 2693 ver-

236 2739 348 2804 borum
371 2737 541 2818 sententia,
561 2743 596 2801 ut
616 2742 713 2802 antea
741 2735 988 2820 ostendimns⁴),
1015 2758 1079 2802 non
1106 2738 1187 2805 haec
1213 2743 1267 2814 est,
1292 2736 1328 2801 ah

236 2845 477 2913 Anaximandro
499 2845 697 2930 principium
726 2847 804 2929 poni
828 2867 955 2930 corpus,
984 2843 1070 2930 qu'od
1094 2848 1201 2932 ipsum
1227 2867 1280 2931 per
1299 2863 1329 2910 sc

237 2955 449 3038 qualitatibus
472 2953 615 3020 definitis
645 2961 763 3033 careat,
787 2989 827 3000 -
858 2957 922 3022 tale
952 2955 1038 3021 enim
1064 2977 1181 3040 corpus
1213 2954 1329 3022 omnino

340 3287 367 3355 1)
386 3283 509 3354 simplic.
530 3283 613 3352 Phys.
634 3301 663 3352 p.
686 3285 710 3350 6,
729 3285 754 3352 6,
773 3301 801 3352 p.
821 3283 887 3350 inf.;
915 3283 970 3338 vid.
995 3284 1087 3338 locum
1106 3301 1192 3354 supra
1210 3303 1235 3354 p.
1252 3285 1282 3335 47
1300 3309 1328 3320 -

237 3383 300 3438 Non
318 3383 411 3452 ipsum
433 3380 546 3450 quidem
566 3379 771 3434 Anaximandri
790 3381 961 3450 principium
987 3380 1119 3436 hocloco
1139 3382 1260 3450 appellat
1276 3373 1330 3449 ‘pi-

238 3496 283 3532 σιν
301 3473 433 3548 ἀόριστον
451 3477 510 3530 κατ’
530 3471 624 3544 εἰδοί,
648 3495 747 3530 verum
766 3477 815 3544 ait,
839 3477 861 3530 si
889 3477 951 3546 quis
969 3479 1156 3547 Anaxagorae
1179 3478 1329 3533 mixtionem

237 3577 324 3629 talem
343 3569 430 3646 φύσιν
449 3568 577 3643 ἀόριστον
600 3590 658 3628 esse
672 3577 774 3638 sumat,
793 3573 874 3626 huius
886 3573 1056 3642 principium
1069 3591 1233 3644 corporeum
1250 3572 1329 3628 simile

237 3673 299 3728 fieri
317 3671 457 3742 principio
470 3670 684 3725 Anaximandri.
703 3670 807 3724 Verum
826 3688 860 3724 ex
879 3671 932 3725 hac
950 3670 1061 3726 dicendi
1071 3673 1190 3734 ratione,
1208 3676 1239 3725 ut
1256 3674 1329 3725 antea

237 3769 424 3841 exposuimus,
443 3767 578 3838 sequitur,
599 3773 632 3822 ut
651 3768 792 3822 anteriore
810 3767 932 3837 quodam
954 3769 1016 3823 loco
1036 3768 1241 3824 Anaximandri
1263 3767 1329 3838 prin·

238 3867 343 3938 cipium
362 3865 447 3920 simili
466 3865 576 3920 ratione
593 3863 785 3933 explicaverit.

337 3965 364 4027 2)
381 3961 445 4016 Vid.
463 3979 538 4030 supr.
558 3979 585 4030 p.
608 3962 658 4015 145
678 3966 707 4015 et
728 3962 779 4015 146
798 3979 860 4016 cum
880 3959 974 4016 adnot.

339 4062 368 4132 3)
387 4060 512 4130 Simplic.
531 4059 614 4129 Phys.
634 4061 676 4128 32,
696 4079 721 4128 a,
742 4078 777 4114 m.
799 4058 860 4114 Vid.
879 4063 972 4112 totum
990 4058 1083 4113 locum
1101 4074 1186 4128 supra
1204 4075 1230 4126 p.
1251 4056 1327 4122 nal

240 4163 268 4215 at
286 4177 313 4229 p.
335 4159 394 4213 177.

341 4254 369 4323 4)
388 4253 450 4310 vid.
471 4271 556 4324 supra
575 4272 602 4323 p.
624 4255 683 4322 118,
706 4257 734 4324 l;
751 4272 778 4323 p.
800 4256 849 4307 177
868 4257 897 4307 et
916 4253 968 4306 178
985 4269 1050 4310 cum
1070 4251 1164 4306 adnot.
