<?xml version="1.0" encoding="UTF-8"?>
<!DOCTYPE html PUBLIC "-//W3C//DTD XHTML 1.0 Transitional//EN"
    "http://www.w3.org/TR/xhtml1/DTD/xhtml1-transitional.dtd">
<html xmlns="http://www.w3.org/1999/xhtml" xml:lang="en" lang="en">
 <head>
  <title>
</title>
<meta http-equiv="Content-Type" content="text/html;charset=utf-8" />
  <meta name='ocr-system' content='tesseract 3.04.00' />
  <meta name='ocr-capabilities' content='ocr_page ocr_carea ocr_par ocr_line ocrx_word'/>
</head>
<body>
  <div class='ocr_page' id='page_1' title='image "./anaximandermile00neuhgoog/anaximandermile00neuhgoog_0253.png"; bbox 0 0 2860 4906; ppageno 0'>
   <div class='ocr_carea' id='block_1_1' title="bbox 758 337 812 396">
    <p class='ocr_par' dir='ltr' id='par_1_1' title="bbox 758 337 812 396">
     <span class='ocr_line' id='line_1_1' title="bbox 758 337 812 396; baseline 0 0"><span class='ocrx_word' id='word_1_1' title='bbox 758 337 812 396; x_wconf 74' lang='lat'>228</span> 
     </span>
    </p>
   </div>
   <div class='ocr_carea' id='block_1_2' title="bbox 224 510 1405 4098">
    <p class='ocr_par' dir='ltr' id='par_1_2' title="bbox 224 510 1405 4098">
     <span class='ocr_line' id='line_1_2' title="bbox 229 510 1310 596; baseline -0.003 -17"><span class='ocrx_word' id='word_1_2' title='bbox 229 512 471 581; x_wconf 73' lang='lat' dir='ltr'><strong>Anaximander</strong></span> <span class='ocrx_word' id='word_1_3' title='bbox 503 513 623 596; x_wconf 87' lang='lat' dir='ltr'>apertis</span> <span class='ocrx_word' id='word_1_4' title='bbox 641 512 748 578; x_wconf 89' lang='lat' dir='ltr'>verbis</span> <span class='ocrx_word' id='word_1_5' title='bbox 771 532 792 576; x_wconf 89' lang='lat' dir='ltr'>a</span> <span class='ocrx_word' id='word_1_6' title='bbox 825 530 883 578; x_wconf 93' lang='lat' dir='ltr'>suo</span> <span class='ocrx_word' id='word_1_7' title='bbox 906 510 1066 596; x_wconf 83' lang='lat' dir='ltr'>principio</span> <span class='ocrx_word' id='word_1_8' title='bbox 1098 532 1207 578; x_wconf 86' lang='lat' dir='ltr'>omnes</span> <span class='ocrx_word' id='word_1_9' title='bbox 1227 511 1310 595; x_wconf 87' lang='lat' dir='ltr'>quali·</span> 
     </span>
     <span class='ocr_line' id='line_1_3' title="bbox 228 619 1310 707; baseline -0.005 -17"><span class='ocrx_word' id='word_1_10' title='bbox 228 630 312 690; x_wconf 89' lang='lat' dir='ltr'>tates</span> <span class='ocrx_word' id='word_1_11' title='bbox 333 622 543 707; x_wconf 77' lang='lat' dir='ltr'><strong>separaverit,</strong></span> <span class='ocrx_word' id='word_1_12' title='bbox 576 641 617 686; x_wconf 89' lang='lat' dir='ltr'>an</span> <span class='ocrx_word' id='word_1_13' title='bbox 640 621 746 687; x_wconf 91' lang='lat' dir='ltr'>solum</span> <span class='ocrx_word' id='word_1_14' title='bbox 779 619 813 685; x_wconf 91' lang='lat' dir='ltr'>ei</span> <span class='ocrx_word' id='word_1_15' title='bbox 842 620 948 686; x_wconf 88' lang='lat' dir='ltr'>nullas</span> <span class='ocrx_word' id='word_1_16' title='bbox 982 621 1106 705; x_wconf 85' lang='lat' dir='ltr'>apertis</span> <span class='ocrx_word' id='word_1_17' title='bbox 1138 621 1241 688; x_wconf 88' lang='lat' dir='ltr'>verbis</span> <span class='ocrx_word' id='word_1_18' title='bbox 1268 622 1310 686; x_wconf 89' lang='lat' dir='ltr'>tri-</span> 
     </span>
     <span class='ocr_line' id='line_1_4' title="bbox 228 729 1310 816; baseline -0.002 -18"><span class='ocrx_word' id='word_1_19' title='bbox 228 734 347 814; x_wconf 78' lang='lat' dir='ltr'>buerit,</span> <span class='ocrx_word' id='word_1_20' title='bbox 369 732 530 816; x_wconf 83' lang='lat' dir='ltr'><strong>posterius</strong></span> <span class='ocrx_word' id='word_1_21' title='bbox 553 738 660 798; x_wconf 86' lang='lat' dir='ltr'>autern</span> <span class='ocrx_word' id='word_1_22' title='bbox 681 729 891 796; x_wconf 89' lang='lat' dir='ltr'>verisimilius</span> <span class='ocrx_word' id='word_1_23' title='bbox 913 749 994 813; x_wconf 89' lang='lat' dir='ltr'>esse,</span> <span class='ocrx_word' id='word_1_24' title='bbox 1028 729 1116 813; x_wconf 89' lang='lat' dir='ltr'>quod</span> <span class='ocrx_word' id='word_1_25' title='bbox 1137 738 1170 796; x_wconf 84' lang='lat' dir='ltr'>et</span> <span class='ocrx_word' id='word_1_26' title='bbox 1191 751 1256 796; x_wconf 91' lang='lat' dir='ltr'>eum</span> <span class='ocrx_word' id='word_1_27' title='bbox 1275 732 1310 796; x_wconf 90' lang='lat' dir='ltr'>in·</span> 
     </span>
     <span class='ocr_line' id='line_1_5' title="bbox 228 839 1311 926; baseline -0.004 -18"><span class='ocrx_word' id='word_1_28' title='bbox 228 842 419 910; x_wconf 84' lang='lat' dir='ltr'>cultioribus</span> <span class='ocrx_word' id='word_1_29' title='bbox 443 839 672 926; x_wconf 79' lang='lat' dir='ltr'>philosophiae</span> <span class='ocrx_word' id='word_1_30' title='bbox 706 839 809 906; x_wconf 88' lang='lat' dir='ltr'>initiis</span> <span class='ocrx_word' id='word_1_31' title='bbox 844 847 876 906; x_wconf 88' lang='lat' dir='ltr'>et</span> <span class='ocrx_word' id='word_1_32' title='bbox 906 860 978 906; x_wconf 91' lang='lat' dir='ltr'>oum</span> <span class='ocrx_word' id='word_1_33' title='bbox 998 840 1162 906; x_wconf 83' lang='lat' dir='ltr'>nonnullis</span> <span class='ocrx_word' id='word_1_34' title='bbox 1190 847 1311 906; x_wconf 86' lang='lat' dir='ltr'>veterum</span> 
     </span>
     <span class='ocr_line' id='line_1_6' title="bbox 227 932 1312 1034; baseline -0.006 -16"><span class='ocrx_word' id='word_1_35' title='bbox 227 952 421 1019; x_wconf 80' lang='lat' dir='ltr'>testimoniis</span> <span class='ocrx_word' id='word_1_36' title='bbox 450 932 579 1016; x_wconf 86' lang='lat' dir='ltr'>etcum</span> <span class='ocrx_word' id='word_1_37' title='bbox 602 956 671 1016; x_wconf 90' lang='lat' dir='ltr'>tota</span> <span class='ocrx_word' id='word_1_38' title='bbox 694 950 875 1018; x_wconf 89' lang='lat' dir='ltr'>Aristotelis</span> <span class='ocrx_word' id='word_1_39' title='bbox 903 952 1088 1016; x_wconf 78' lang='lat' dir='ltr'>narratione</span> <span class='ocrx_word' id='word_1_40' title='bbox 1118 952 1235 1034; x_wconf 85' lang='lat' dir='ltr'>optime</span> <span class='ocrx_word' id='word_1_41' title='bbox 1254 969 1312 1013; x_wconf 93' lang='lat' dir='ltr'>con·</span> 
     </span>
     <span class='ocr_line' id='line_1_7' title="bbox 228 1058 1313 1142; baseline -0.005 -16"><span class='ocrx_word' id='word_1_42' title='bbox 228 1063 353 1127; x_wconf 77' lang='lat' dir='ltr'>sentiat.</span> <span class='ocrx_word' id='word_1_43' title='bbox 397 1062 440 1125; x_wconf 86' lang='lat' dir='ltr'>At</span> <span class='ocrx_word' id='word_1_44' title='bbox 471 1062 499 1125; x_wconf 91' lang='lat' dir='ltr'>si</span> <span class='ocrx_word' id='word_1_45' title='bbox 518 1058 803 1126; x_wconf 87' lang='lat' dir='ltr'>Anaximandera</span> <span class='ocrx_word' id='word_1_46' title='bbox 835 1078 895 1124; x_wconf 91' lang='lat' dir='ltr'>suo</span> <span class='ocrx_word' id='word_1_47' title='bbox 931 1059 1090 1142; x_wconf 87' lang='lat' dir='ltr'>principio</span> <span class='ocrx_word' id='word_1_48' title='bbox 1125 1080 1190 1126; x_wconf 93' lang='lat' dir='ltr'>non</span> <span class='ocrx_word' id='word_1_49' title='bbox 1219 1063 1313 1142; x_wconf 83' lang='lat' dir='ltr'>aperte</span> 
     </span>
     <span class='ocr_line' id='line_1_8' title="bbox 228 1167 1313 1254; baseline -0.004 -18"><span class='ocrx_word' id='word_1_50' title='bbox 228 1191 338 1236; x_wconf 90' lang='lat' dir='ltr'>omnes</span> <span class='ocrx_word' id='word_1_51' title='bbox 361 1169 535 1254; x_wconf 87' lang='lat' dir='ltr'>qualitates</span> <span class='ocrx_word' id='word_1_52' title='bbox 555 1169 720 1253; x_wconf 82' lang='lat' dir='ltr'>separavit</span> <span class='ocrx_word' id='word_1_53' title='bbox 741 1167 801 1234; x_wconf 89' lang='lat' dir='ltr'>sed</span> <span class='ocrx_word' id='word_1_54' title='bbox 818 1170 923 1234; x_wconf 89' lang='lat' dir='ltr'>solum</span> <span class='ocrx_word' id='word_1_55' title='bbox 944 1167 975 1232; x_wconf 89' lang='lat' dir='ltr'>ei</span> <span class='ocrx_word' id='word_1_56' title='bbox 991 1189 1055 1234; x_wconf 93' lang='lat' dir='ltr'>non</span> <span class='ocrx_word' id='word_1_57' title='bbox 1070 1176 1182 1252; x_wconf 88' lang='lat' dir='ltr'>aperte</span> <span class='ocrx_word' id='word_1_58' title='bbox 1203 1169 1313 1250; x_wconf 86' lang='lat' dir='ltr'>aliquas</span> 
     </span>
     <span class='ocr_line' id='line_1_9' title="bbox 228 1275 1314 1362; baseline -0.006 -16"><span class='ocrx_word' id='word_1_59' title='bbox 228 1281 348 1362; x_wconf 84' lang='lat' dir='ltr'>tribuit,</span> <span class='ocrx_word' id='word_1_60' title='bbox 371 1279 451 1346; x_wconf 89' lang='lat' dir='ltr'>nihil</span> <span class='ocrx_word' id='word_1_61' title='bbox 463 1278 580 1362; x_wconf 84' lang='lat' dir='ltr'>obstat,</span> <span class='ocrx_word' id='word_1_62' title='bbox 602 1277 773 1360; x_wconf 88' lang='lat' dir='ltr'>quominus</span> <span class='ocrx_word' id='word_1_63' title='bbox 790 1297 962 1358; x_wconf 90' lang='lat' dir='ltr'>sumamus,</span> <span class='ocrx_word' id='word_1_64' title='bbox 982 1297 1058 1356; x_wconf 87' lang='lat' dir='ltr'>eum</span> <span class='ocrx_word' id='word_1_65' title='bbox 1070 1278 1170 1343; x_wconf 86' lang='lat' dir='ltr'>telem</span> <span class='ocrx_word' id='word_1_66' title='bbox 1183 1275 1314 1362; x_wconf 81' lang='lat' dir='ltr'>principii</span> 
     </span>
     <span class='ocr_line' id='line_1_10' title="bbox 228 1386 1313 1471; baseline -0.006 -14"><span class='ocrx_word' id='word_1_67' title='bbox 228 1393 391 1458; x_wconf 89' lang='lat' dir='ltr'>notionem</span> <span class='ocrx_word' id='word_1_68' title='bbox 425 1390 459 1455; x_wconf 92' lang='lat' dir='ltr'>in</span> <span class='ocrx_word' id='word_1_69' title='bbox 492 1395 598 1454; x_wconf 87' lang='lat' dir='ltr'>mente</span> <span class='ocrx_word' id='word_1_70' title='bbox 620 1388 826 1454; x_wconf 84' lang='lat' dir='ltr'>informatam</span> <span class='ocrx_word' id='word_1_71' title='bbox 844 1386 1009 1466; x_wconf 87' lang='lat' dir='ltr'>babuisse,</span> <span class='ocrx_word' id='word_1_72' title='bbox 1045 1407 1110 1470; x_wconf 87' lang='lat' dir='ltr'>qua</span> <span class='ocrx_word' id='word_1_73' title='bbox 1138 1387 1211 1471; x_wconf 89' lang='lat' dir='ltr'>ipsa</span> <span class='ocrx_word' id='word_1_74' title='bbox 1231 1388 1313 1452; x_wconf 87' lang='lat' dir='ltr'>etiarn</span> 
     </span>
     <span class='ocr_line' id='line_1_11' title="bbox 228 1493 1314 1583; baseline -0.005 -18"><span class='ocrx_word' id='word_1_75' title='bbox 228 1499 387 1583; x_wconf 89' lang='lat' dir='ltr'>quaedum</span> <span class='ocrx_word' id='word_1_76' title='bbox 420 1502 488 1566; x_wconf 87' lang='lat' dir='ltr'>eius</span> <span class='ocrx_word' id='word_1_77' title='bbox 520 1493 695 1583; x_wconf 87' lang='lat' dir='ltr'>qualitates</span> <span class='ocrx_word' id='word_1_78' title='bbox 730 1497 989 1581; x_wconf 80' lang='lat' dir='ltr'>continerentur,</span> <span class='ocrx_word' id='word_1_79' title='bbox 1024 1497 1088 1564; x_wconf 91' lang='lat' dir='ltr'>nisi</span> <span class='ocrx_word' id='word_1_80' title='bbox 1119 1505 1223 1564; x_wconf 86' lang='lat' dir='ltr'>certae</span> <span class='ocrx_word' id='word_1_81' title='bbox 1253 1501 1314 1563; x_wconf 91' lang='lat' dir='ltr'>suut</span> 
     </span>
     <span class='ocr_line' id='line_1_12' title="bbox 228 1608 1315 1692; baseline -0.004 -18"><span class='ocrx_word' id='word_1_82' title='bbox 228 1609 379 1691; x_wconf 88' lang='lat' dir='ltr'>rationes,</span> <span class='ocrx_word' id='word_1_83' title='bbox 413 1609 531 1692; x_wconf 92' lang='lat' dir='ltr'>quibus</span> <span class='ocrx_word' id='word_1_84' title='bbox 567 1608 803 1676; x_wconf 85' lang='lat' dir='ltr'>demonstretur</span> <span class='ocrx_word' id='word_1_85' title='bbox 834 1612 1037 1676; x_wconf 79' lang='lat' dir='ltr'>contrarium.</span> <span class='ocrx_word' id='word_1_86' title='bbox 1093 1610 1191 1676; x_wconf 80' lang='lat' dir='ltr'>Tales</span> <span class='ocrx_word' id='word_1_87' title='bbox 1224 1615 1315 1674; x_wconf 86' lang='lat' dir='ltr'>autern</span> 
     </span>
     <span class='ocr_line' id='line_1_13' title="bbox 228 1716 1315 1802; baseline -0.004 -18"><span class='ocrx_word' id='word_1_88' title='bbox 228 1719 336 1802; x_wconf 88' lang='lat' dir='ltr'>plures</span> <span class='ocrx_word' id='word_1_89' title='bbox 358 1717 500 1784; x_wconf 89' lang='lat' dir='ltr'>rationes</span> <span class='ocrx_word' id='word_1_90' title='bbox 522 1719 669 1786; x_wconf 86' lang='lat' dir='ltr'>Zellerus</span> <span class='ocrx_word' id='word_1_91' title='bbox 696 1719 760 1784; x_wconf 92' lang='lat' dir='ltr'>iam</span> <span class='ocrx_word' id='word_1_92' title='bbox 788 1725 863 1784; x_wconf 87' lang='lat' dir='ltr'>ante</span> <span class='ocrx_word' id='word_1_93' title='bbox 891 1718 982 1785; x_wconf 88' lang='lat' dir='ltr'>illam</span> <span class='ocrx_word' id='word_1_94' title='bbox 1005 1720 1185 1785; x_wconf 90' lang='lat' dir='ltr'>sententiae</span> <span class='ocrx_word' id='word_1_95' title='bbox 1205 1716 1315 1784; x_wconf 87' lang='lat' dir='ltr'>conclu·</span> 
     </span>
     <span class='ocr_line' id='line_1_14' title="bbox 228 1826 1245 1912; baseline 0 -20"><span class='ocrx_word' id='word_1_96' title='bbox 228 1829 349 1894; x_wconf 89' lang='lat' dir='ltr'>sionem</span> <span class='ocrx_word' id='word_1_97' title='bbox 372 1826 530 1894; x_wconf 88' lang='lat' dir='ltr'>adhibuit.</span> <span class='ocrx_word' id='word_1_98' title='bbox 575 1827 657 1894; x_wconf 84' lang='lat' dir='ltr'>Sunt</span> <span class='ocrx_word' id='word_1_99' title='bbox 677 1834 785 1894; x_wconf 89' lang='lat' dir='ltr'>autem</span> <span class='ocrx_word' id='word_1_100' title='bbox 808 1827 870 1894; x_wconf 87' lang='lat' dir='ltr'>bae</span> <span class='ocrx_word' id='word_1_101' title='bbox 894 1828 1037 1894; x_wconf 87' lang='lat' dir='ltr'>rationes</span> <span class='ocrx_word' id='word_1_102' title='bbox 1059 1828 1245 1912; x_wconf 87' lang='lat' dir='ltr'>tripertitae.</span> 
     </span>
     <span class='ocr_line' id='line_1_15' title="bbox 328 1937 1317 2020; baseline -0.002 -19"><span class='ocrx_word' id='word_1_103' title='bbox 328 1937 437 2002; x_wconf 90' lang='lat' dir='ltr'>Prima</span> <span class='ocrx_word' id='word_1_104' title='bbox 458 1939 541 2004; x_wconf 88' lang='lat' dir='ltr'>ratio</span> <span class='ocrx_word' id='word_1_105' title='bbox 563 1938 710 2004; x_wconf 80' lang='lat' dir='ltr'>consistit</span> <span class='ocrx_word' id='word_1_106' title='bbox 745 1938 778 2002; x_wconf 90' lang='lat' dir='ltr'>in</span> <span class='ocrx_word' id='word_1_107' title='bbox 807 1939 1056 2004; x_wconf 82' lang='lat' dir='ltr'>ratiocinatione</span> <span class='ocrx_word' id='word_1_108' title='bbox 1077 1938 1225 2020; x_wconf 89' lang='lat' dir='ltr'>quadam,</span> <span class='ocrx_word' id='word_1_109' title='bbox 1247 1955 1317 2018; x_wconf 88' lang='lat' dir='ltr'>quae</span> 
     </span>
     <span class='ocr_line' id='line_1_16' title="bbox 228 2045 1317 2132; baseline -0.002 -20"><span class='ocrx_word' id='word_1_110' title='bbox 228 2045 353 2112; x_wconf 93' lang='lat' dir='ltr'>duobus</span> <span class='ocrx_word' id='word_1_111' title='bbox 374 2047 556 2113; x_wconf 88' lang='lat' dir='ltr'>Aristotelis</span> <span class='ocrx_word' id='word_1_112' title='bbox 587 2047 679 2125; x_wconf 86' lang='lat' dir='ltr'>locis,</span> <span class='ocrx_word' id='word_1_113' title='bbox 714 2046 754 2114; x_wconf 91' lang='lat' dir='ltr'>de</span> <span class='ocrx_word' id='word_1_114' title='bbox 778 2045 866 2113; x_wconf 78' lang='lat' dir='ltr'>Geel.</span> <span class='ocrx_word' id='word_1_115' title='bbox 894 2047 953 2124; x_wconf 86' lang='lat' dir='ltr'>Ill,</span> <span class='ocrx_word' id='word_1_116' title='bbox 977 2049 996 2110; x_wconf 88' lang='lat'>5</span> <span class='ocrx_word' id='word_1_117' title='bbox 1034 2054 1066 2113; x_wconf 88' lang='lat' dir='ltr'>et</span> <span class='ocrx_word' id='word_1_118' title='bbox 1090 2047 1190 2132; x_wconf 90' lang='lat' dir='ltr'>Phys.</span> <span class='ocrx_word' id='word_1_119' title='bbox 1216 2047 1239 2125; x_wconf 90' lang='grc' dir='ltr'>Ι,</span> <span class='ocrx_word' id='word_1_120' title='bbox 1264 2045 1317 2125; x_wconf 75' lang='lat'>4¹),</span> 
     </span>
     <span class='ocr_line' id='line_1_17' title="bbox 228 2156 1318 2243; baseline -0.004 -21"><span class='ocrx_word' id='word_1_121' title='bbox 228 2158 350 2234; x_wconf 82' lang='lat' dir='ltr'>nititur3</span> <span class='ocrx_word' id='word_1_122' title='bbox 383 2157 476 2224; x_wconf 87' lang='lat' dir='ltr'>cuius</span> <span class='ocrx_word' id='word_1_123' title='bbox 509 2157 590 2224; x_wconf 91' lang='lat' dir='ltr'>haec</span> <span class='ocrx_word' id='word_1_124' title='bbox 623 2165 672 2224; x_wconf 92' lang='lat' dir='ltr'>est</span> <span class='ocrx_word' id='word_1_125' title='bbox 694 2159 870 2225; x_wconf 89' lang='lat' dir='ltr'>sententia:</span> <span class='ocrx_word' id='word_1_126' title='bbox 901 2158 1108 2224; x_wconf 84' lang='lat' dir='ltr'>Aristotelem</span> <span class='ocrx_word' id='word_1_127' title='bbox 1139 2158 1244 2243; x_wconf 83' lang='lat' dir='ltr'>priore</span> <span class='ocrx_word' id='word_1_128' title='bbox 1270 2156 1318 2220; x_wconf 91' lang='lat' dir='ltr'>illo</span> 
     </span>
     <span class='ocr_line' id='line_1_18' title="bbox 227 2265 1319 2348; baseline -0.002 -18"><span class='ocrx_word' id='word_1_129' title='bbox 227 2266 298 2330; x_wconf 91' lang='lat' dir='ltr'>loco</span> <span class='ocrx_word' id='word_1_130' title='bbox 321 2265 525 2347; x_wconf 86' lang='lat' dir='ltr'>contendere,</span> <span class='ocrx_word' id='word_1_131' title='bbox 549 2286 614 2348; x_wconf 90' lang='lat' dir='ltr'>eos,</span> <span class='ocrx_word' id='word_1_132' title='bbox 637 2265 833 2348; x_wconf 85' lang='lat' dir='ltr'>quiequam</span> <span class='ocrx_word' id='word_1_133' title='bbox 856 2272 913 2332; x_wconf 92' lang='lat' dir='ltr'>aut</span> <span class='ocrx_word' id='word_1_134' title='bbox 933 2286 1043 2334; x_wconf 87' lang='lat' dir='ltr'>aerem</span> <span class='ocrx_word' id='word_1_135' title='bbox 1067 2274 1124 2334; x_wconf 89' lang='lat' dir='ltr'>aut</span> <span class='ocrx_word' id='word_1_136' title='bbox 1146 2267 1251 2348; x_wconf 80' lang='lat' dir='ltr'>ignem</span> <span class='ocrx_word' id='word_1_137' title='bbox 1271 2271 1319 2331; x_wconf 90' lang='lat' dir='ltr'>aut</span> 
     </span>
     <span class='ocr_line' id='line_1_19' title="bbox 227 2373 1317 2459; baseline -0.004 -19"><span class='ocrx_word' id='word_1_138' title='bbox 227 2381 375 2441; x_wconf 86' lang='lat' dir='ltr'>naturam</span> <span class='ocrx_word' id='word_1_139' title='bbox 408 2373 492 2442; x_wconf 88' lang='lat' dir='ltr'>inter</span> <span class='ocrx_word' id='word_1_140' title='bbox 518 2395 636 2457; x_wconf 89' lang='lat' dir='ltr'>aquam</span> <span class='ocrx_word' id='word_1_141' title='bbox 658 2381 690 2440; x_wconf 90' lang='lat' dir='ltr'>et</span> <span class='ocrx_word' id='word_1_142' title='bbox 712 2395 820 2442; x_wconf 89' lang='lat' dir='ltr'>aerem</span> <span class='ocrx_word' id='word_1_143' title='bbox 842 2376 994 2457; x_wconf 89' lang='lat' dir='ltr'>mediam,</span> <span class='ocrx_word' id='word_1_144' title='bbox 1027 2375 1142 2459; x_wconf 87' lang='lat' dir='ltr'>idest,</span> <span class='ocrx_word' id='word_1_145' title='bbox 1176 2396 1238 2456; x_wconf 87' lang='lat' dir='ltr'>eos,</span> <span class='ocrx_word' id='word_1_146' title='bbox 1269 2374 1317 2456; x_wconf 90' lang='lat' dir='ltr'>qui</span> 
     </span>
     <span class='ocr_line' id='line_1_20' title="bbox 225 2482 1317 2567; baseline -0.003 -19"><span class='ocrx_word' id='word_1_147' title='bbox 225 2489 373 2548; x_wconf 90' lang='lat' dir='ltr'>naturam</span> <span class='ocrx_word' id='word_1_148' title='bbox 388 2482 600 2567; x_wconf 88' lang='lat' dir='ltr'>qualitatibus</span> <span class='ocrx_word' id='word_1_149' title='bbox 622 2482 765 2549; x_wconf 88' lang='lat' dir='ltr'>definitis</span> <span class='ocrx_word' id='word_1_150' title='bbox 788 2489 931 2550; x_wconf 87' lang='lat' dir='ltr'>utentem</span> <span class='ocrx_word' id='word_1_151' title='bbox 953 2505 1051 2550; x_wconf 91' lang='lat' dir='ltr'>unum</span> <span class='ocrx_word' id='word_1_152' title='bbox 1066 2505 1173 2552; x_wconf 90' lang='lat' dir='ltr'>rerum</span> <span class='ocrx_word' id='word_1_153' title='bbox 1194 2486 1317 2552; x_wconf 89' lang='lat' dir='ltr'>elemen-</span> 
     </span>
     <span class='ocr_line' id='line_1_21' title="bbox 227 2591 1316 2675; baseline -0.002 -19"><span class='ocrx_word' id='word_1_154' title='bbox 227 2599 294 2656; x_wconf 84' lang='lat' dir='ltr'>tum</span> <span class='ocrx_word' id='word_1_155' title='bbox 326 2599 458 2675; x_wconf 84' lang='lat' dir='ltr'>ponant,</span> <span class='ocrx_word' id='word_1_156' title='bbox 492 2613 598 2658; x_wconf 86' lang='lat' dir='ltr'>rerum</span> <span class='ocrx_word' id='word_1_157' title='bbox 628 2591 869 2658; x_wconf 89' lang='lat' dir='ltr'>multitudinem</span> <span class='ocrx_word' id='word_1_158' title='bbox 891 2593 1146 2659; x_wconf 90' lang='lat' dir='ltr'>condensatione</span> <span class='ocrx_word' id='word_1_159' title='bbox 1181 2599 1212 2658; x_wconf 89' lang='lat' dir='ltr'>et</span> <span class='ocrx_word' id='word_1_160' title='bbox 1241 2609 1316 2656; x_wconf 90' lang='lat' dir='ltr'>rare·</span> 
     </span>
     <span class='ocr_line' id='line_1_22' title="bbox 226 2699 1316 2784; baseline -0.003 -18"><span class='ocrx_word' id='word_1_161' title='bbox 226 2699 367 2766; x_wconf 83' lang='lat' dir='ltr'>faotione</span> <span class='ocrx_word' id='word_1_162' title='bbox 397 2721 564 2784; x_wconf 85' lang='lat' dir='ltr'>generare,</span> <span class='ocrx_word' id='word_1_163' title='bbox 598 2707 696 2784; x_wconf 87' lang='lat' dir='ltr'>atque</span> <span class='ocrx_word' id='word_1_164' title='bbox 729 2701 806 2768; x_wconf 89' lang='lat' dir='ltr'>inde</span> <span class='ocrx_word' id='word_1_165' title='bbox 838 2702 942 2784; x_wconf 91' lang='lat' dir='ltr'>sequi,</span> <span class='ocrx_word' id='word_1_166' title='bbox 973 2710 1009 2767; x_wconf 84' lang='lat' dir='ltr'>ut</span> <span class='ocrx_word' id='word_1_167' title='bbox 1042 2699 1316 2777; x_wconf 83' lang='lat' dir='ltr'>Anaximandrum,</span> 
     </span>
     <span class='ocr_line' id='line_1_23' title="bbox 226 2810 1316 2894; baseline -0.006 -18"><span class='ocrx_word' id='word_1_168' title='bbox 226 2829 321 2892; x_wconf 84' lang='lat' dir='ltr'>quem</span> <span class='ocrx_word' id='word_1_169' title='bbox 351 2811 428 2886; x_wconf 60' lang='lat' dir='ltr'>loco,</span> <span class='ocrx_word' id='word_1_170' title='bbox 445 2811 623 2894; x_wconf 83' lang='lat' dir='ltr'>posteriore</span> <span class='ocrx_word' id='word_1_171' title='bbox 656 2810 744 2877; x_wconf 88' lang='lat' dir='ltr'>dicat</span> <span class='ocrx_word' id='word_1_172' title='bbox 773 2832 837 2877; x_wconf 93' lang='lat' dir='ltr'>non</span> <span class='ocrx_word' id='word_1_173' title='bbox 864 2810 925 2878; x_wconf 91' lang='lat' dir='ltr'>hoc</span> <span class='ocrx_word' id='word_1_174' title='bbox 956 2810 1053 2876; x_wconf 89' lang='lat' dir='ltr'>modo</span> <span class='ocrx_word' id='word_1_175' title='bbox 1084 2831 1136 2878; x_wconf 89' lang='lat' dir='ltr'>res</span> <span class='ocrx_word' id='word_1_176' title='bbox 1166 2827 1316 2894; x_wconf 84' lang='lat' dir='ltr'>generare,</span> 
     </span>
     <span class='ocr_line' id='line_1_24' title="bbox 226 2918 1318 3003; baseline -0.002 -19"><span class='ocrx_word' id='word_1_177' title='bbox 226 2938 290 2984; x_wconf 90' lang='lat' dir='ltr'>non</span> <span class='ocrx_word' id='word_1_178' title='bbox 311 2918 344 2984; x_wconf 88' lang='lat' dir='ltr'>in</span> <span class='ocrx_word' id='word_1_179' title='bbox 367 2920 407 2983; x_wconf 90' lang='lat' dir='ltr'>iis</span> <span class='ocrx_word' id='word_1_180' title='bbox 431 2926 586 2996; x_wconf 87' lang='lat' dir='ltr'>numeret,</span> <span class='ocrx_word' id='word_1_181' title='bbox 610 2919 666 3002; x_wconf 86' lang='lat' dir='ltr'>qui</span> <span class='ocrx_word' id='word_1_182' title='bbox 678 2926 828 2986; x_wconf 88' lang='lat' dir='ltr'>naturam</span> <span class='ocrx_word' id='word_1_183' title='bbox 839 2920 1053 3003; x_wconf 87' lang='lat' dir='ltr'>qualitatibus</span> <span class='ocrx_word' id='word_1_184' title='bbox 1076 2921 1218 2988; x_wconf 91' lang='lat' dir='ltr'>definitis</span> <span class='ocrx_word' id='word_1_185' title='bbox 1238 2927 1318 2984; x_wconf 86' lang='lat' dir='ltr'>uten-</span> 
     </span>
     <span class='ocr_line' id='line_1_25' title="bbox 226 3026 1318 3113; baseline -0.001 -21"><span class='ocrx_word' id='word_1_186' title='bbox 226 3035 290 3093; x_wconf 91' lang='lat' dir='ltr'>tem</span> <span class='ocrx_word' id='word_1_187' title='bbox 312 3028 409 3094; x_wconf 91' lang='lat' dir='ltr'>rebus</span> <span class='ocrx_word' id='word_1_188' title='bbox 433 3026 601 3096; x_wconf 86' lang='lat' dir='ltr'>subiciant.</span> <span class='ocrx_word' id='word_1_189' title='bbox 646 3029 773 3096; x_wconf 88' lang='lat' dir='ltr'>Pariter</span> <span class='ocrx_word' id='word_1_190' title='bbox 801 3050 875 3096; x_wconf 92' lang='lat' dir='ltr'>eum</span> <span class='ocrx_word' id='word_1_191' title='bbox 906 3032 1082 3113; x_wconf 89' lang='lat' dir='ltr'>posteriore</span> <span class='ocrx_word' id='word_1_192' title='bbox 1105 3031 1178 3096; x_wconf 90' lang='lat' dir='ltr'>loco</span> <span class='ocrx_word' id='word_1_193' title='bbox 1199 3035 1318 3095; x_wconf 87' lang='lat' dir='ltr'>conten-</span> 
     </span>
     <span class='ocr_line' id='line_1_26' title="bbox 226 3135 1318 3224; baseline -0.002 -22"><span class='ocrx_word' id='word_1_194' title='bbox 226 3135 313 3218; x_wconf 90' lang='lat' dir='ltr'>dere,</span> <span class='ocrx_word' id='word_1_195' title='bbox 338 3156 403 3217; x_wconf 89' lang='lat' dir='ltr'>eos,</span> <span class='ocrx_word' id='word_1_196' title='bbox 438 3137 493 3219; x_wconf 90' lang='lat' dir='ltr'>qui</span> <span class='ocrx_word' id='word_1_197' title='bbox 515 3157 612 3203; x_wconf 92' lang='lat' dir='ltr'>unum</span> <span class='ocrx_word' id='word_1_198' title='bbox 647 3157 754 3202; x_wconf 89' lang='lat' dir='ltr'>rerum</span> <span class='ocrx_word' id='word_1_199' title='bbox 776 3137 968 3223; x_wconf 83' lang='lat' dir='ltr'>principium</span> <span class='ocrx_word' id='word_1_200' title='bbox 997 3146 1147 3206; x_wconf 86' lang='lat' dir='ltr'>naturam</span> <span class='ocrx_word' id='word_1_201' title='bbox 1170 3136 1318 3224; x_wconf 85' lang='lat' dir='ltr'>quandam</span> 
     </span>
     <span class='ocr_line' id='line_1_27' title="bbox 225 3242 1317 3330; baseline -0.004 -18"><span class='ocrx_word' id='word_1_202' title='bbox 225 3246 437 3329; x_wconf 88' lang='lat' dir='ltr'>qualitatibus</span> <span class='ocrx_word' id='word_1_203' title='bbox 460 3247 528 3312; x_wconf 89' lang='lat' dir='ltr'>suis</span> <span class='ocrx_word' id='word_1_204' title='bbox 550 3247 728 3326; x_wconf 84' lang='lat' dir='ltr'>delinitam,</span> <span class='ocrx_word' id='word_1_205' title='bbox 750 3253 848 3330; x_wconf 88' lang='lat' dir='ltr'>atque</span> <span class='ocrx_word' id='word_1_206' title='bbox 878 3247 1008 3330; x_wconf 87' lang='lat' dir='ltr'>quidem</span> <span class='ocrx_word' id='word_1_207' title='bbox 1032 3255 1089 3316; x_wconf 87' lang='lat' dir='ltr'>aut</span> <span class='ocrx_word' id='word_1_208' title='bbox 1111 3269 1209 3315; x_wconf 91' lang='lat' dir='ltr'>unum</span> <span class='ocrx_word' id='word_1_209' title='bbox 1231 3267 1246 3312; x_wconf 86' lang='lat' dir='ltr'>a</span> <span class='ocrx_word' id='word_1_210' title='bbox 1269 3242 1317 3310; x_wconf 90' lang='lat' dir='ltr'>tri·</span> 
     </span>
     <span class='ocr_line' id='line_1_28' title="bbox 226 3354 1405 3446; baseline -0.003 -27"><span class='ocrx_word' id='word_1_211' title='bbox 226 3355 284 3422; x_wconf 85' lang='lat' dir='ltr'>bus</span> <span class='ocrx_word' id='word_1_212' title='bbox 308 3356 476 3422; x_wconf 86' lang='lat' dir='ltr'>elementis</span> <span class='ocrx_word' id='word_1_213' title='bbox 503 3362 559 3422; x_wconf 89' lang='lat' dir='ltr'>aut</span> <span class='ocrx_word' id='word_1_214' title='bbox 586 3362 734 3423; x_wconf 89' lang='lat' dir='ltr'>naturam</span> <span class='ocrx_word' id='word_1_215' title='bbox 766 3357 850 3422; x_wconf 87' lang='lat' dir='ltr'>inter</span> <span class='ocrx_word' id='word_1_216' title='bbox 877 3375 984 3422; x_wconf 86' lang='lat' dir='ltr'>aerem</span> <span class='ocrx_word' id='word_1_217' title='bbox 1006 3363 1038 3422; x_wconf 93' lang='lat' dir='ltr'>et</span> <span class='ocrx_word' id='word_1_218' title='bbox 1060 3359 1169 3442; x_wconf 83' lang='lat' dir='ltr'>ignem</span> <span class='ocrx_word' id='word_1_219' title='bbox 1190 3354 1317 3424; x_wconf 88' lang='lat' dir='ltr'>mediam</span> <span class='ocrx_word' id='word_1_220' title='bbox 1404 3421 1405 3446; x_wconf 14' lang='grc' dir='ltr'>χ</span> 
     </span>
     <span class='ocr_line' id='line_1_29' title="bbox 225 3465 1316 3548; baseline -0.005 -17"><span class='ocrx_word' id='word_1_221' title='bbox 225 3471 357 3548; x_wconf 88' lang='lat' dir='ltr'>ponant,</span> <span class='ocrx_word' id='word_1_222' title='bbox 379 3485 485 3530; x_wconf 89' lang='lat' dir='ltr'>rerum</span> <span class='ocrx_word' id='word_1_223' title='bbox 514 3465 753 3532; x_wconf 87' lang='lat' dir='ltr'>multitudinem</span> <span class='ocrx_word' id='word_1_224' title='bbox 777 3465 1030 3532; x_wconf 87' lang='lat' dir='ltr'>condensatione</span> <span class='ocrx_word' id='word_1_225' title='bbox 1061 3472 1094 3531; x_wconf 87' lang='lat' dir='ltr'>et</span> <span class='ocrx_word' id='word_1_226' title='bbox 1115 3465 1316 3532; x_wconf 85' lang='lat' dir='ltr'>rarefactione</span> 
     </span>
     <span class='ocr_line' id='line_1_30' title="bbox 225 3573 1316 3660; baseline -0.005 -20"><span class='ocrx_word' id='word_1_227' title='bbox 225 3573 362 3655; x_wconf 85' lang='lat' dir='ltr'>efficere,</span> <span class='ocrx_word' id='word_1_228' title='bbox 394 3573 673 3640; x_wconf 84' lang='lat' dir='ltr'>Anaximandrum</span> <span class='ocrx_word' id='word_1_229' title='bbox 703 3582 812 3641; x_wconf 89' lang='lat' dir='ltr'>autern</span> <span class='ocrx_word' id='word_1_230' title='bbox 846 3575 942 3642; x_wconf 89' lang='lat' dir='ltr'>simul</span> <span class='ocrx_word' id='word_1_231' title='bbox 976 3595 1047 3642; x_wconf 90' lang='lat' dir='ltr'>eum</span> <span class='ocrx_word' id='word_1_232' title='bbox 1070 3576 1260 3660; x_wconf 78' lang='lat' dir='ltr'>Anaxagora</span> <span class='ocrx_word' id='word_1_233' title='bbox 1288 3575 1316 3634; x_wconf 92' lang='lat' dir='ltr'>et</span> 
     </span>
     <span class='ocr_line' id='line_1_31' title="bbox 225 3681 1314 3769; baseline -0.003 -23"><span class='ocrx_word' id='word_1_234' title='bbox 225 3681 422 3765; x_wconf 82' lang='lat' dir='ltr'>Empedocle</span> <span class='ocrx_word' id='word_1_235' title='bbox 437 3683 471 3748; x_wconf 89' lang='lat' dir='ltr'>iu</span> <span class='ocrx_word' id='word_1_236' title='bbox 484 3703 593 3748; x_wconf 88' lang='lat' dir='ltr'>eorum</span> <span class='ocrx_word' id='word_1_237' title='bbox 608 3703 726 3764; x_wconf 81' lang='lat' dir='ltr'>genere</span> <span class='ocrx_word' id='word_1_238' title='bbox 743 3702 873 3767; x_wconf 82' lang='lat' dir='ltr'>ponere,</span> <span class='ocrx_word' id='word_1_239' title='bbox 895 3685 951 3766; x_wconf 89' lang='lat' dir='ltr'>qui</span> <span class='ocrx_word' id='word_1_240' title='bbox 967 3705 1071 3750; x_wconf 90' lang='lat' dir='ltr'>rerum</span> <span class='ocrx_word' id='word_1_241' title='bbox 1086 3684 1314 3769; x_wconf 86' lang='lat' dir='ltr'>generationem</span> 
     </span>
     <span class='ocr_line' id='line_1_32' title="bbox 225 3789 1405 3884; baseline -0.005 -28"><span class='ocrx_word' id='word_1_242' title='bbox 225 3809 263 3856; x_wconf 90' lang='lat' dir='ltr'>eo</span> <span class='ocrx_word' id='word_1_243' title='bbox 284 3789 352 3856; x_wconf 91' lang='lat' dir='ltr'>fieri</span> <span class='ocrx_word' id='word_1_244' title='bbox 375 3790 495 3871; x_wconf 88' lang='lat' dir='ltr'>dicant,</span> <span class='ocrx_word' id='word_1_245' title='bbox 518 3791 603 3874; x_wconf 91' lang='lat' dir='ltr'>quod</span> <span class='ocrx_word' id='word_1_246' title='bbox 626 3812 643 3857; x_wconf 91' lang='lat' dir='ltr'>e</span> <span class='ocrx_word' id='word_1_247' title='bbox 666 3790 828 3876; x_wconf 88' lang='lat' dir='ltr'>principio</span> <span class='ocrx_word' id='word_1_248' title='bbox 841 3793 1003 3859; x_wconf 89' lang='lat' dir='ltr'>contraria</span> <span class='ocrx_word' id='word_1_249' title='bbox 1026 3794 1089 3877; x_wconf 87' lang='lat' dir='ltr'>ipsi</span> <span class='ocrx_word' id='word_1_250' title='bbox 1114 3794 1211 3860; x_wconf 88' lang='lat' dir='ltr'>insita</span> <span class='ocrx_word' id='word_1_251' title='bbox 1224 3807 1313 3858; x_wconf 87' lang='lat' dir='ltr'>secer·</span> <span class='ocrx_word' id='word_1_252' title='bbox 1404 3833 1405 3884; x_wconf 64' lang='lat'>3</span> 
     </span>
     <span class='ocr_line' id='line_1_33' title="bbox 224 3893 1314 3987; baseline -0.006 -23"><span class='ocrx_word' id='word_1_253' title='bbox 224 3905 357 3975; x_wconf 81' lang='lat' dir='ltr'>nantur3</span> <span class='ocrx_word' id='word_1_254' title='bbox 388 3907 485 3983; x_wconf 89' lang='lat' dir='ltr'>atque</span> <span class='ocrx_word' id='word_1_255' title='bbox 507 3901 582 3967; x_wconf 90' lang='lat' dir='ltr'>inde</span> <span class='ocrx_word' id='word_1_256' title='bbox 609 3903 753 3987; x_wconf 83' lang='lat' dir='ltr'>apertius</span> <span class='ocrx_word' id='word_1_257' title='bbox 786 3904 884 3969; x_wconf 88' lang='lat' dir='ltr'>etiarn</span> <span class='ocrx_word' id='word_1_258' title='bbox 905 3905 1007 3986; x_wconf 88' lang='lat' dir='ltr'>sequi,</span> <span class='ocrx_word' id='word_1_259' title='bbox 1038 3909 1073 3968; x_wconf 92' lang='lat' dir='ltr'>ut</span> <span class='ocrx_word' id='word_1_260' title='bbox 1092 3893 1314 3970; x_wconf 81' lang='lat' dir='ltr'>Anaximandri</span> 
     </span>
     <span class='ocr_line' id='line_1_34' title="bbox 224 4009 1405 4098; baseline -0.006 -23"><span class='ocrx_word' id='word_1_261' title='bbox 224 4011 421 4096; x_wconf 83' lang='lat' dir='ltr'>principium</span> <span class='ocrx_word' id='word_1_262' title='bbox 437 4034 501 4079; x_wconf 94' lang='lat' dir='ltr'>non</span> <span class='ocrx_word' id='word_1_263' title='bbox 517 4016 679 4098; x_wconf 88' lang='lat' dir='ltr'>putaverit</span> <span class='ocrx_word' id='word_1_264' title='bbox 702 4034 774 4081; x_wconf 88' lang='lat' dir='ltr'>esse</span> <span class='ocrx_word' id='word_1_265' title='bbox 789 4021 938 4080; x_wconf 89' lang='lat' dir='ltr'>naturam</span> <span class='ocrx_word' id='word_1_266' title='bbox 960 4013 1105 4080; x_wconf 83' lang='lat' dir='ltr'>definitis</span> <span class='ocrx_word' id='word_1_267' title='bbox 1119 4009 1313 4098; x_wconf 90' lang='lat' dir='ltr'>qualitatibus</span> <span class='ocrx_word' id='word_1_268' title='bbox 1404 4037 1405 4060; x_wconf 62' lang='lat' dir='ltr'>t</span> 
     </span>
    </p>
   </div>
   <div class='ocr_carea' id='block_1_3' title="bbox 326 4256 1282 4329">
    <p class='ocr_par' dir='ltr' id='par_1_3' title="bbox 326 4256 1282 4329">
     <span class='ocr_line' id='line_1_35' title="bbox 326 4256 1282 4329; baseline -0.001 -19"><span class='ocrx_word' id='word_1_269' title='bbox 326 4259 351 4326; x_wconf 88' lang='lat'>1)</span> <span class='ocrx_word' id='word_1_270' title='bbox 369 4256 441 4311; x_wconf 90' lang='lat' dir='ltr'>Vide</span> <span class='ocrx_word' id='word_1_271' title='bbox 460 4257 535 4310; x_wconf 87' lang='lat' dir='ltr'>locos</span> <span class='ocrx_word' id='word_1_272' title='bbox 555 4275 707 4327; x_wconf 86' lang='lat' dir='ltr'>eorumque</span> <span class='ocrx_word' id='word_1_273' title='bbox 725 4259 943 4329; x_wconf 88' lang='lat' dir='ltr'>explicationem</span> <span class='ocrx_word' id='word_1_274' title='bbox 962 4277 990 4328; x_wconf 89' lang='lat' dir='ltr'>p.</span> <span class='ocrx_word' id='word_1_275' title='bbox 1012 4261 1063 4313; x_wconf 79' lang='lat'>152</span> <span class='ocrx_word' id='word_1_276' title='bbox 1082 4277 1123 4329; x_wconf 88' lang='lat' dir='ltr'>sq.</span> <span class='ocrx_word' id='word_1_277' title='bbox 1141 4264 1170 4313; x_wconf 88' lang='lat' dir='ltr'>et</span> <span class='ocrx_word' id='word_1_278' title='bbox 1179 4260 1230 4313; x_wconf 80' lang='lat'>218</span> <span class='ocrx_word' id='word_1_279' title='bbox 1246 4273 1282 4324; x_wconf 88' lang='lat' dir='ltr'>sq.</span> 
     </span>
    </p>
   </div>
   <div class='ocr_carea' id='block_1_4' title="bbox 0 0 1434 4901">
    <p class='ocr_par' dir='ltr' id='par_1_4' title="bbox 0 0 1434 4901">
     <span class='ocr_line' id='line_1_36' title="bbox 0 0 1434 4901; baseline 0 0"><span class='ocrx_word' id='word_1_280' title='bbox 0 0 1434 4901; x_wconf 95' lang='lat' dir='ltr'> </span> 
     </span>
    </p>
   </div>
  </div>
 </body>
</html>
