2860 4906
229 521 325 586 tatis
347 521 472 604 gradu
504 528 637 586 utatur
665 521 771 585 inter
800 520 895 587 illas
924 526 1086 586 naturas
1108 520 1317 586 contrarias

229 627 367 694 medio.
420 629 698 694 Anaximandrum
729 637 838 694 antem
866 630 972 712 ipsum
1011 628 1175 712 principio
1210 634 1317 694 eertum
1403 663 1404 692 3

229 737 389 819 quendam
418 738 592 803 densitatis
614 744 646 803 et
675 739 817 802 raritatis
843 737 980 820 gradum
1009 737 1173 815 tribuisse,
1196 758 1234 804 eo
1255 758 1316 802 oon-

229 846 381 927 firmatur,
409 847 497 928 quod
521 867 593 912 eum
619 847 717 912 rebus
741 867 760 914 e
782 846 944 929 prinoipio
967 847 1057 922 ortis,
1084 847 1187 912 veluti
1208 845 1271 912 aeri
1292 856 1318 910 et

229 963 363 1020 naturae
386 955 547 1031 humidae,
570 955 717 1021 diversos
740 955 834 1020 huius
856 954 1025 1038 qualitatis
1047 955 1168 1039 gradus
1191 955 1318 1020 tribuere

228 1062 412 1145 vidimns1).
456 1063 524 1130 Sed
555 1066 651 1130 iaeile
682 1071 782 1147 patet,
815 1083 888 1130 eum
919 1063 1041 1130 hanooe
1070 1084 1131 1130 neo
1152 1065 1252 1131 solam
1273 1083 1318 1146 po·
1404 1127 1405 1152 ,

230 1173 332 1239 tuisse
352 1194 413 1238 neo
434 1173 571 1256 primam
594 1173 749 1256 prineipii
772 1173 962 1256 qualitatem
983 1180 1108 1257 putare.
1153 1173 1235 1238 Nam
1257 1193 1318 1237 enm

230 1303 335 1347 rerum
367 1281 609 1365 generationem
636 1302 700 1347 non
728 1281 763 1347 in
789 1282 1043 1348 oondensatioue
1065 1289 1098 1348 et
1120 1283 1318 1348 ruminatione

230 1391 342 1458 sedin
364 1393 597 1458 oontrariorum
626 1381 808 1459 seoretione
835 1392 980 1476 posuerit
1009 1391 1186 1475 (quomodo
1208 1397 1318 1457 eontra

230 1503 349 1568 riorum
361 1501 498 1568 seoretio
510 1522 545 1567 se
558 1501 678 1567 habeat
690 1502 733 1567 ad
745 1501 1030 1568 condennationem
1043 1508 1077 1568 et
1086 1499 1319 1568 rarefaotionen
1405 1555 1406 1576 ,

230 1611 326 1676 tertio
347 1609 430 1675 libro
451 1611 636 1676 aoouratius
651 1610 863 1694 ostendetur),
886 1630 1088 1693 oonsequens
1108 1616 1168 1693 est,
1188 1617 1223 1674 nt
1243 1609 1319 1692 ipsas

230 1720 407 1784 eontrarias
429 1719 603 1800 qualitates
625 1740 689 1785 non
712 1721 746 1784 in
782 1720 861 1786 solis
893 1719 1088 1801 quibusdam
1115 1717 1319 1784 densitatibus

232 1833 265 1893 et
286 1826 474 1894 raritatibus
502 1829 654 1911 posuerit,
680 1828 739 1894 sed
761 1849 818 1896 eas
841 1829 1004 1913 putaverit
1026 1829 1108 1894 tales
1131 1847 1212 1910 esse,
1233 1846 1318 1909 quae

233 1954 360 2020 perse
393 1942 527 2000 essent
558 1935 722 2018 aliquid,
759 1955 951 2019 quaeque,
988 1956 1007 2001 e
1042 1933 1319 2019 prinoipioori·

232 2050 352 2124 entes,
382 2043 563 2110 diversos
591 2045 808 2112 densitatis
835 2052 872 2112 et
898 2046 1083 2111 raritatis
1116 2043 1320 2110 adiunctos

232 2151 390 2235 quidem
418 2152 629 2231 haberent,
664 2155 734 2220 sed
767 2157 932 2221 notione
964 2161 1070 2221 oerte
1103 2153 1165 2218 his
1200 2157 1321 2218 essent

234 2262 395 2345 priores.
450 2261 544 2339 Quod
577 2263 606 2327 si
636 2262 682 2328 ita
712 2283 748 2330 se
782 2263 889 2344 babet,
919 2263 1049 2329 omnino
1083 2267 1321 2330 consentaneum

233 2376 292 2448 est,
327 2371 602 2436 Anaximandrum
641 2372 802 2456 principio
836 2373 934 2439 etiam
967 2373 1142 2455 qualitates
1182 2369 1321 2435 tribuisse

233 2481 346 2552 asela
374 2481 445 2546 eius
472 2480 633 2548 densitate
665 2487 698 2546 et
724 2483 855 2548 raritate
885 2485 1014 2548 omnino
1046 2481 1200 2547 diversas.
1244 2478 1321 2556 Quas

233 2589 405 2670 qualitates
430 2609 512 2671 quas
537 2591 715 2672 oportuerit
736 2611 818 2674 esse,
848 2611 912 2656 non
933 2589 1067 2656 difficile
1092 2589 1219 2658 videtur
1239 2588 1322 2653 intel·

234 2698 328 2763 leotu.

333 2806 459 2872 Etenim
481 2808 630 2891 primum,
653 2828 725 2873 oum
748 2808 945 2892 principium
961 2808 1104 2874 medium
1122 2827 1195 2875 esse
1217 2811 1323 2874 statuat

234 2917 317 2981 inter
339 2922 484 2981 naturam
508 2915 648 2982 oalidam
675 2923 773 2999 atque
795 2917 924 3001 igneam
950 2924 982 2983 et
1006 2922 1156 2982 naturam
1186 2915 1323 3002 frigidam

233 3034 329 3107 atque
352 3023 527 3102 humidam,
557 3025 733 3109 harumque
758 3033 945 3092 naturarum
980 3026 1103 3110 primas
1136 3025 1323 3092 differentias

233 3137 265 3198 in
288 3136 394 3200 ealore
426 3140 459 3199 et
480 3136 601 3218 frigore
627 3143 727 3220 ponat
749 3135 904 3214 (vidimus
934 3156 990 3203 eas
1023 3159 1044 3202 a
1065 3136 1238 3203 Plutaroho
1259 3135 1323 3200 sin-

233 3242 360 3327 pliciter
385 3240 423 3307 zo*
454 3239 583 3326 θερμόν
609 3243 663 3307 καὶ
689 3241 728 3310 τὸ
753 3246 882 3328 ψυχρὸν
904 3247 1088 3330 appellari),
1122 3249 1324 3324 decesserat,

233 3374 305 3420 eum
337 3354 495 3440 prinoipio
529 3356 682 3421 tribuisse
719 3354 915 3438 quandam
960 3354 1206 3438 temperiem,
1242 3371 1325 3437 quae

235 3465 337 3530 inter
365 3463 468 3548 ignis
498 3464 680 3530 ardorem
714 3470 751 3529 et
787 3469 958 3528 naturae
991 3461 1172 3529 humidae
1206 3463 1325 3544 frigus

234 3571 360 3639 media
378 3580 491 3639 esset.
538 3571 675 3656 Deinde,
700 3593 772 3638 eum
794 3592 857 3637 non
886 3572 1026 3655 potuerit
1052 3591 1115 3636 non
1138 3570 1325 3636 animadver-

234 3690 312 3764 tere,
346 3683 453 3766 ignem
476 3681 545 3748 sive
575 3680 737 3748 flammam
771 3700 828 3764 per
859 3701 894 3746 se
926 3680 1079 3762 lucidam,
1114 3681 1211 3746 immo
1233 3682 1325 3762 ipsam

233 3793 348 3868 lucem,
381 3799 528 3858 naturam
551 3791 717 3857 humidam
740 3798 847 3857 autem
870 3812 929 3876 per
959 3811 995 3856 se
1020 3789 1233 3872 caliginosam
1254 3805 1325 3864 esse,

184 3983 185 3986 Ἴ
235 3902 290 3966 vix
313 3899 381 3968 fieri
399 3907 514 3985 potest,
537 3902 613 3984 quin
636 3901 830 3984 principium
854 3900 950 3966 simul
973 3899 1059 3964 looe
1081 3897 1248 3979 quadam
1265 3914 1324 3980 per·

338 4207 365 4280 l)
386 4205 426 4262 Cf.
447 4224 532 4279 supra
550 4224 576 4277 p.
595 4207 647 4262 247
663 4210 691 4262 et
710 4206 772 4275 als,
792 4207 816 4260 1.
