2864 4910
785 425 838 477 402

244 593 338 673 Quod
353 595 529 674 Zellerus1)
552 615 570 660 e
593 595 754 660 nonnullis
769 593 954 660 Aristotelis
978 600 1011 660 01
1025 593 1245 678 Theophrasti
1266 596 1350 661 locis

244 704 417 785 concludit,
441 702 675 768 Anaximandri
704 702 865 768 sententia
895 705 991 770 orbes
1023 705 1178 770 coelestes
1210 711 1349 770 vento-

243 835 322 879 rum
344 813 513 898 impulsu
534 811 667 890 moveri,
701 812 750 878 his
778 813 860 878 locis
893 834 957 878 non
990 812 1031 878 de
1064 814 1229 879 stellamm
1260 821 1350 878 motu

243 924 331 988 circa
352 922 465 988 mnndi
486 941 591 1004 axem,
614 921 672 988 sed
695 922 742 986 de
765 923 861 987 solis
884 928 922 986 ct
945 922 1067 988 lunae
1089 923 1349 989 conversione

243 1053 310 1116 per
336 1033 519 1098 circulum
543 1033 775 1117 eclipticum
797 1035 938 1116 agitur.
982 1033 1033 1097 Dc
1063 1032 1123 1097 hac
1145 1033 1244 1115 igitur
1272 1051 1347 1096 oon·

242 1141 390 1208 versione
411 1161 496 1207 nunc
518 1140 718 1206 tractandum
739 1149 797 1207 est.

341 1249 532 1315 Aristoteles
555 1247 682 1314 duobus
705 1248 1026 1332 Metcorologicomm
1050 1251 1138 1327 locis,
1168 1269 1250 1332 quos
1274 1268 1346 1314 sac-

242 1360 313 1441 pius
326 1357 528 1424 laudavimus
544 1359 724 1441 quibusque
734 1358 1008 1423 Anaximandrum
1022 1361 1118 1424 etiam
1129 1359 1278 1442 intellegi
1294 1357 1346 1423 de-

243 1468 499 1544 monstravimus,
532 1466 732 1549 quorundam
764 1466 864 1532 refert
897 1467 1101 1544 sententiam,
1135 1467 1189 1549 qui
1224 1468 1346 1548 dicant,

242 1576 336 1641 initio
368 1582 467 1641 totam
501 1577 588 1641 circa
617 1582 734 1639 terram
767 1575 932 1657 regionem
967 1575 1131 1640 humidam
1165 1575 1270 1641 fuisse
1306 1595 1346 1640 ex

240 1685 365 1768 hacque
386 1692 502 1750 natura
517 1682 651 1750 humida
673 1685 751 1750 solis
767 1683 884 1750 effectu
906 1705 1012 1750 acrem
1030 1685 1210 1758 exstitissc;
1236 1704 1345 1750 aerem

241 1802 349 1860 autem
380 1793 537 1878 praebere
570 1799 717 1875 ventos
748 1793 901 1876 hosque
937 1789 1106 1874 ‘rouredo
1141 1788 1257 1878 ἡλίου
1283 1792 1344 1856 καὶ

241 1895 418 1991 σελὴυὴς’
441 1903 619 1988 efficere.
642 1904 806 1986 Acpricre
818 1902 947 1986 quidem
969 1905 1076 1985 loco²l
1091 1941 1131 1949 -
1146 1924 1281 1970 necesse
1297 1911 1344 1968 cst

241 2014 327 2078 enim
349 2014 436 2079 locos
456 2014 638 2077 accuratius
662 2012 917 2078 considerare-
935 2013 1063 2078 illorum
1077 2015 1268 2080 sententiam
1284 2013 1344 2077 hoc

240 2121 336 2186 modo
350 2121 462 2188 refert:
485 2111 588 2203 ,εἶναι
602 2121 788 2201 τὸπρῶτον
803 2115 901 2204 ὑγρὸν
912 2116 970 2186 τὸν
981 2120 1059 2202 περί
1071 2123 1128 2208 γῆν
1138 2121 1254 2204 τόσου,
1277 2116 1343 2185 ὑπὸ

240 2227 276 2292 δὲ
297 2231 359 2292 τοῦ
381 2224 474 2317 ἡλίου
491 2224 721 2315 ξηραιυόμευου
737 2231 775 2295 τὸ
792 2235 853 2312 μὲν
869 2230 1041 2312 occeptum
1052 2225 1255 2311 πνεύματα
1278 2229 1342 2297 καί

241 2338 390 2418 τροπὰς
409 2337 521 2426 ἡλίου
543 2338 605 2403 καί
625 2339 790 2426 σελήνης
811 2339 1081 2426 φασὶποιεῖν“.
1113 2341 1223 2405 Altero
1235 2347 1343 2405 autem

240 2450 344 2529 loco³l
366 2447 427 2516 hoc
450 2449 559 2516 modo:
586 2445 642 2529 ,τό
665 2457 800 2531 πρῶτον
819 2445 919 2534 ὑγρᾶς
941 2439 1044 2534 οίίσὴς
1065 2449 1191 2536 καὶτῆς
1211 2452 1269 2533 γῆς
1290 2448 1342 2513 καί

240 2561 298 2621 τοῦ
328 2551 453 2640 κόσμου
486 2559 545 2622 τοῦ
578 2557 657 2640 περὶ
683 2553 741 2642 τὴν
764 2561 822 2646 yria
848 2553 914 2623 ὑπὸ
941 2561 1000 2622 τοῦ
1023 2554 1135 2644 ἡλίου
1163 2563 1341 2639 θερμαινο-

239 2665 338 2747 μένου
357 2658 437 2747 σίὲρα
458 2666 611 2750 γενέσθαι
634 2667 688 2730 καὶ
710 2662 769 2730 τὸν
795 2662 872 2732 dion
900 2657 1039 2751 οὐρανὸν
1065 2659 1263 2752 αὐξηθῆναι·
1288 2667 1342 2731 καὶ

239 2777 356 2840 τοῦτον
383 2768 587 2857 πνεύματά
620 2799 660 2840 τε
692 2775 948 2858 παρέχεσθαι
982 2776 1045 2839 καί
1084 2771 1158 2852 τοὶς
1190 2771 1342 2857 τροπὰς

239 2875 360 2948 αὐτοῦ
382 2888 545 2950 moram
592 2887 784 2968 Priusquam
815 2884 1070 2969 progrediamur,
1102 2885 1166 2950 duo
1198 2905 1340 2969 praemo-

239 2994 345 3059 nenda
365 3000 447 3060 sunt.
490 2995 629 3060 Primum
663 2995 696 3060 in
720 2994 916 3079 monterione
945 2995 1009 3059 lcci
1037 2993 1147 3059 verbis
1171 2991 1337 3078 postremis

236 3097 316 3179 ‘rag
339 3097 466 3183 τροπὰς
486 3093 606 3166 αὐτοῦ’
629 3085 804 3187 pronomen
823 3093 946 3166 ‘eluet
956 3093 965 3118 ²
988 3103 1198 3186 grammatice
1220 3101 1339 3166 adduc

239 3213 396 3279 vocabula
419 3218 605 3296 antegressa
619 3215 733 3279 referri
755 3219 869 3297 potest,
893 3212 936 3278 ad
959 3203 1097 3292 οὐρανὸν
1120 3218 1153 3277 01
1176 3211 1216 3276 ad
1239 3205 1339 3296 ἡλίου.
1421 3237 1422 3254 r

240 3319 320 3384 (lum
344 3324 452 3384 autem
474 3321 580 3403 priore
602 3323 673 3386 1000
695 3313 727 3382 ci
744 3319 867 3400 τροπαὶ
888 3326 1001 3402 aperte
1016 3318 1166 3384 dicantur
1188 3320 1288 3386 solis
1303 3324 1339 3383 01

238 3430 359 3512 10000,
382 3429 512 3494 omnino
535 3428 738 3494 referendum
762 3427 876 3494 estad
904 3420 1037 3515 ἥλιον).
1081 3426 1209 3493 Deinde
1231 3427 1336 3494 obser·
1420 3483 1421 3526 ,

239 3537 378 3603 vandum
406 3544 465 3619 cst,
488 3537 655 3620 utriusque
678 3537 740 3603 loci
763 3545 856 3621 parte
879 3538 986 3622 priore
1015 3537 1071 3620 agi
1104 3536 1145 3603 de
1182 3557 1226 3618 rc,
1254 3555 1337 3618 quac

238 3667 302 3712 non
325 3645 388 3712 nisi
410 3647 454 3712 ad
475 3645 586 3712 mundi
601 3646 728 3712 initium
743 3648 912 3730 pertineat,
933 3647 1110 3728 posteriorc
1126 3651 1232 3710 autem
1248 3651 1336 3728 parte

339 3918 366 3986 1)
386 3917 482 3972 Gesch.
502 3915 523 3978 1,
541 3935 570 3985 p.
591 3916 640 3969 196
660 3920 689 3969 01
706 3919 765 3969 not.
786 3917 811 3968 2.

338 4017 365 4081 2)
384 4013 498 4068 Meteor.
517 4013 554 4079 11,
575 4015 598 4067 1.
618 4012 691 4066 3081)
705 4015 730 4067 6.

339 4113 368 4176 a)
389 4111 459 4165 rnre.
480 4111 516 4177 11,
535 4113 560 4164 2.
578 4112 652 4164 aas.
666 4111 709 4163 aa.

342 4209 369 4274 4)
389 4207 417 4260 Si
437 4209 499 4275 qnia
517 4207 606 4261 nihilo
625 4207 716 4260 minus
729 4207 883 4275 putaverit,
902 4201 984 4259 αὐτοῦ
1000 4206 1037 4259 ad
1050 4202 1168 4273 οὐρανὸν
1185 4203 1333 4273 pertinere,
1417 4277 1418 4282 Ἰ

237 4304 263 4355 ei
281 4303 498 4356 existimandum
517 4303 581 4368 erit,
598 4302 791 4371 neglegentius
811 4307 900 4355 totum
920 4319 971 4371 pro
989 4307 1071 4370 parte
1088 4301 1195 4354 dictum
1214 4317 1282 4352 csse.
1417 4287 1418 4300 ³
