2862 4910
793 383 845 435 332

257 549 448 634 simpliciter
471 551 573 617 solum
596 549 848 616 innumerabiles
872 549 1109 616 Anaximandri
1137 549 1281 616 mundos
1303 569 1357 612 mc·

257 666 392 739 morant,
427 659 461 726 id
493 662 552 726 tali
574 661 697 726 faciunt
720 661 951 726 sententiarum
981 661 1223 742 coniunctione,
1244 665 1280 726 ut
1303 678 1356 722 non

256 770 318 834 nisi
340 770 452 836 mundi
475 771 571 836 simul
592 776 776 836 constantes
800 770 946 854 intellegi
968 769 1136 854 possint1).
1413 751 1414 775 ¹

357 879 492 946 Mundus
511 879 584 944 illos
607 879 748 960 aequis
764 879 1004 945 intervallis
1021 881 1124 943 inter
1140 898 1178 944 se
1198 877 1357 958 distare,

259 989 348 1074 apud
369 1009 467 1054 unum
491 989 622 1071 quidem
644 989 820 1055 Stcbacum
843 990 1018 1072 legitur¹);
1048 988 1107 1054 sed
1129 985 1235 1054 nihilo
1258 987 1357 1053 secius

258 1097 436 1183 putandum
458 1103 508 1164 est
529 1119 639 1163 verum
663 1119 744 1164 csse.
768 1101 916 1181 Namque
939 1119 990 1164 res
1012 1104 1045 1163 et
1065 1099 1162 1163 nimis
1184 1097 1356 1181 singularis

258 1216 317 1289 cst,
334 1229 431 1291 quam
454 1215 489 1274 nt
511 1208 614 1273 videri
645 1209 748 1292 possit
780 1211 910 1274 inventa
933 1227 1017 1289 esse,
1045 1215 1077 1272 et
1108 1227 1167 1291 per
1194 1228 1232 1273 se
1268 1209 1356 1273 etiam

257 1319 385 1382 omnino
407 1317 586 1401 probabilis
610 1324 667 1400 est,
695 1325 877 1403 propterea,
912 1316 998 1400 quod
1030 1317 1214 1400 aequalis
1244 1335 1356 1399 quac·

257 1425 405 1492 damet
434 1447 659 1511 congruens
686 1428 855 1510 partium
889 1424 1106 1511 dispositio
1139 1426 1187 1490 ita
1210 1425 1356 1491 convenit
1415 1453 1416 1460 ν

257 1555 328 1601 cum
351 1537 492 1602 naturali
502 1536 642 1619 quadarn
666 1535 782 1602 mentis
804 1538 964 1620 opinione,
987 1543 1022 1601 nt
1038 1534 1099 1601 hoc
1114 1537 1223 1619 ipsum
1246 1553 1356 1601 caussa

257 1642 374 1709 idonea
396 1647 446 1726 sit,
469 1665 526 1710 cur
548 1645 581 1709 in
604 1646 699 1711 rebus
721 1652 869 1729 ponatur,
893 1646 1054 1711 nisialiac
1068 1664 1205 1710 caussae
1218 1645 1355 1710 obstant.

258 1751 363 1834 Atque
385 1752 469 1818 hanc
501 1755 542 1819 ob
564 1773 713 1819 caussam
731 1753 973 1818 Anaximander
999 1753 1096 1819 etiam
1129 1758 1233 1819 ortum
1257 1761 1291 1819 ct
1312 1752 1354 1817 in-

258 1936 456 1948 ———

258 2054 356 2108 r’erorf‘
393 2054 537 2108 Particula
561 2050 631 2106 ‘ded'
659 2054 718 2107 sinc
737 2053 823 2106 dubio
843 2069 875 2106 eo
900 2053 1033 2122 pertinet,
1052 2053 1128 2121 quod
1149 2052 1355 2106 Anaximander

260 2151 430 2220 principium
440 2152 565 2220 posuerit
578 2149 734 2218 infinitum3
752 2168 825 2218 nam,
838 2154 871 2203 ut
884 2149 1103 2203 innumerabiles
1114 2150 1242 2203 oriantur
1252 2149 1354 2216 mundi,

258 2266 309 2317 per
327 2267 356 2302 se
374 2265 430 2302 non
450 2248 514 2302 inde
535 2248 613 2316 sequi
631 2251 733 2316 potest,
752 2246 836 2315 quod,
863 2246 1001 2314 quidquid
1021 2251 1116 2300 ortum
1135 2247 1181 2314 sit,
1205 2247 1235 2299 in
1252 2245 1353 2315 priuci-

259 2345 338 2414 pium
353 2346 483 2412 intereat,
503 2345 552 2399 aed
570 2345 636 2398 inde
654 2345 752 2408 solnm,
772 2344 847 2413 quod
865 2343 1037 2413 principium
1056 2344 1092 2396 sit
1112 2342 1263 2397 infinitum.

359 2444 385 2512 1)
405 2441 528 2511 Simplic.
548 2443 574 2509 6,
593 2460 618 2508 a,
637 2459 663 2510 p.
682 2459 732 2494 m.:
754 2437 888 2510 „t’Arctt
906 2443 978 2510 λέγει
998 2437 1048 2506 τὴν
1065 2437 1165 2510 ἀρχὴν)
1193 2437 1251 2493 τινὰ
1269 2434 1354 2510 φύσιν

256 2534 380 2610 ἄπειρον,
410 2540 438 2598 ἔξ
463 2524 493 2604 ἧς
511 2535 634 2597 ἅπαντας
654 2543 781 2607 γίνεσθαι
811 2536 871 2596 τοὺς
898 2535 1031 2606 οὐρανοὺς
1058 2541 1104 2588 καὶ
1132 2535 1194 2596 τοὺς
1219 2537 1249 2589 ἐν
1266 2532 1354 2595 αὐτοῖς

256 2629 405 2705 κόσμονςιῆ
441 2635 479 2688 Et
499 2634 630 2688 similiter
649 2633 763 2702 Hippoi.
783 2633 890 2687 Reium.
909 2633 931 2697 I,
950 2636 978 2687 6:
1005 2617 1096 2698 ,οὗτος
1119 2629 1209 2702 ἀρχὴν
1231 2633 1284 2703 ἔφη
1304 2625 1353 2702 φύ-

257 2748 302 2784 σιν
331 2728 390 2783 τινὰ
424 2730 472 2783 τοῦ
499 2724 621 2798 dnalpqn,
649 2730 678 2788 ἐξ
708 2714 738 2793 ἧς
763 2734 892 2798 γίνεσθαι
919 2727 981 2787 τοὺς
1011 2725 1141 2798 οὐρανοὺς
1168 2733 1213 2780 καὶ
1239 2724 1299 2787 τοὺς
1324 2729 1353 2779 ἐν

256 2825 347 2886 αὐτοῖς
365 2821 493 2896 κόσμους.
531 2825 582 2879 His
610 2827 677 2880 locis
706 2825 839 2894 quoniam
866 2826 1034 2880 mundorum
1062 2825 1214 2879 multitudo
1241 2825 1353 2878 coniun-

256 2925 335 2994 gitur
353 2940 415 2978 cum
444 2923 505 2991 ipsa
532 2923 664 2992 principii
696 2921 845 2983 infinitate,
872 2922 907 2975 de
933 2927 998 2975 ortu
1028 2926 1123 2975 autem
1142 2921 1306 2976 mundorum
1325 2925 1352 2974 et

256 3021 374 3075 interitu
397 3019 468 3072 nihil
496 3019 619 3087 additur,
644 3019 741 3072 mundi
769 3036 825 3072 uon
846 3023 964 3087 possunt
992 3018 1122 3088 intellegi
1149 3019 1203 3072 nisi
1220 3019 1299 3072 simul
1324 3019 1352 3070 iu

256 3117 366 3171 infinito
391 3120 562 3176 constantem
591 3116 621 3170 id
644 3116 718 3185 quod
747 3133 779 3170 eo
807 3115 922 3186 gravius
949 3120 999 3176 est,
1019 3115 1092 3183 quod
1116 3115 1171 3169 loci
1194 3116 1250 3168 sine
1266 3113 1350 3167 dnbio

175 3251 178 3256 -
258 3213 485 3282 eThcophrasto
505 3211 655 3267 fluxerunt.
693 3212 828 3279 Quod'ad
846 3212 933 3266 verba
954 3209 1003 3264 ‘ot
1023 3207 1135 3278 οὐρανοὶ
1156 3216 1201 3264 καὶ
1218 3214 1243 3263 oi
1259 3211 1289 3263 lv
1307 3208 1350 3263 ai-

255 3317 311 3370 τοῖς
329 3306 442 3381 κόσμοί
473 3310 584 3376 attinet,
614 3307 728 3380 οὐρανὸς
746 3315 844 3378 aperte
862 3303 954 3363 totuin
979 3307 1121 3379 significat
1148 3309 1276 3362 mundum
1304 3309 1350 3376 (cl.

257 3409 373 3462 Aristot.
403 3407 476 3461 Geel.
495 3408 517 3474 1,
545 3410 571 3462 9.
599 3407 738 3475 2781118),
768 3403 869 3477 κόσμοι
889 3410 984 3461 autem
1006 3406 1118 3476 singula
1142 3406 1350 3473 uniuscuiusque

257 3505 354 3559 mundi
381 3521 499 3574 corpora
521 3504 659 3558 coelestia.
696 3504 801 3558 Similis
820 3506 862 3557 cst
888 3503 934 3557 hio
952 3504 1060 3557 Irenaei
1078 3503 1163 3566 locus,
1184 3521 1205 3558 o.
1224 3503 1295 3556 haer.
1315 3501 1348 3563 11,

259 3605 300 3665 14,
324 3602 355 3656 2:
380 3601 610 3670 „Anaximander
640 3606 732 3656 autem
762 3601 825 3662 hoo.
854 3602 930 3669 quod
959 3602 1126 3654 immensum
1154 3606 1202 3668 eat,
1230 3598 1349 3652 omnium

257 3699 371 3752 initium
389 3698 517 3765 subiecit,
549 3739 555 3751 .
580 3737 585 3749 .
612 3737 618 3751 .
651 3715 742 3766 equo
762 3698 946 3752 immenso·
971 3698 1116 3752 mundos
1139 3701 1260 3753 constare
1281 3695 1349 3748 ait.“

257 3796 383 3864 Denique
407 3795 462 3849 huc
480 3795 605 3863 pertinet
628 3795 674 3849 hic
697 3795 774 3849 locus
800 3794 979 3863 Theodoram,
1007 3794 1106 3849 Graec,
1132 3795 1177 3849 aff.
1194 3811 1249 3849 cnr.
1267 3793 1282 3842 4
1302 3792 1347 3854 IV,

255 3912 281 3963 p.
302 3895 353 3946 796
374 3893 415 3947 ed.
437 3891 512 3946 Hal:
547 3888 772 3962 Ἀναξίμανδρος
795 3892 827 3946 δὲ
853 3896 898 3944 καὶ
921 3890 1038 3952 πολλοὺς
1061 3894 1130 3946 εἶναι
1149 3887 1284 3963 (κόσμους)
1304 3893 1349 3940 recl

255 3987 385 4058 ἀπείρους
403 3984 562 4047 catecasta
597 3988 726 4057 Namque
744 3989 862 4043 mundos
880 3990 1007 4061 intellegi
1020 3991 1104 4044 simul
1123 3993 1274 4045 constantes
1283 3985 1348 4040 inde

257 4091 345 4157 patet,
369 4084 444 4154 quod
463 4085 655 4140 Theodoretus
676 4088 919 4141 Anaximandrum
943 4088 1086 4157 componit
1116 4105 1180 4142 cum
1206 4085 1347 4153 Leucippo,

257 4183 427 4249 Democrito,
446 4182 577 4252 Epicuro,
596 4184 714 4253 opponit
739 4190 832 4239 autem
850 4185 962 4239 Platoni
980 4189 1009 4240 et
1027 4185 1184 4240 Aristoteli.

357 4279 384 4346 2)
403 4277 467 4334 Vid.
487 4281 571 4349 supra
590 4298 616 4350 p.
638 4282 698 4343 328,
719 4285 777 4335 net.
797 4283 823 4350 2,
842 4281 903 4336 init.
