2864 4910
764 372 818 426 ³⁷8

239 543 378 625 primum
411 543 577 608 stellarum
610 548 725 608 natura
755 550 789 608 et
812 549 915 607 motus
948 543 1113 608 ccaussis
1135 542 1334 608 naturalibus
1411 539 1412 578 l

239 651 437 734 explicanda
457 657 541 732 sunt,
570 651 671 718 menti
698 653 809 734 sagaci
834 670 982 716 ocurrere
1008 655 1041 716 et
1067 651 1188 716 eximie
1211 651 1336 734 plaeere

240 761 352 844 possit

340 867 436 948 Quod
446 867 490 934 ad
501 870 643 952 reliquos
654 869 829 952 scriptores
845 869 1040 934 recentiores
1052 870 1174 946 attinet,
1189 867 1246 932 vix
1261 887 1335 952 opus

240 985 300 1058 est,
324 973 483 1042 Boethii
491 980 515 1054 ¹)
535 997 714 1043 memorare
729 977 933 1058 seutentiam,
955 977 1011 1060 qui
1034 976 1272 1042 Anaximandri
1292 998 1335 1042 or-

241 1085 298 1150 bes
309 1086 466 1151 coelestes
480 1083 833 1169 opinatursplraeras
856 1105 945 1153 esse
968 1085 1230 1168 crystallinas
1254 1105 1335 1152 sese

240 1195 536 1278 amplectentes,
558 1214 696 1278 quamn
711 1214 924 1278 unaquaeque
936 1193 1077 1278 sphaera
1087 1196 1235 1278 cingatur
1245 1197 1336 1279 ignea

241 1309 275 1370 et
295 1301 393 1370 huius
416 1303 577 1387 sphaerae
596 1303 689 1387 ignes
711 1323 750 1370 eo
772 1305 854 1379 loco,
877 1323 941 1386 quo
962 1304 1059 1370 stella
1079 1321 1227 1387 quaeque
1248 1303 1334 1369 nobis

240 1419 405 1496 appareat,
427 1433 486 1496 per
505 1411 651 1478 foramen
666 1411 838 1478 rotundum
860 1412 903 1477 ad
924 1433 983 1479 nos
1004 1414 1210 1480 transmittat.
1253 1412 1336 1477 Haec

241 1523 325 1587 euim
352 1522 513 1588 sententia
543 1523 700 1604 neglectis
731 1521 947 1605 apertissimis
979 1530 1122 1588 veterum
1149 1521 1334 1588 testimoniis

242 1631 380 1696 conficta
400 1639 459 1698 est

342 1740 434 1806 Unus
445 1740 720 1808 Teichmuellerus
736 1743 809 1808 illos
824 1742 920 1809 orbes
935 1744 1047 1808 statuit
1061 1741 1191 1826 quidem
1206 1741 1333 1808 annuos

242 1869 315 1916 esse
347 1856 487 1916 rotarum
520 1859 710 1916 curvaturae
732 1850 865 1932 similes,
896 1851 952 1933 qui
987 1852 1076 1918 eirca
1108 1851 1221 1918 muudi
1246 1869 1333 1916 axem

243 1963 484 2036 convertantur,
507 1957 566 2024 sed
586 1977 669 2040 quae
686 1956 727 2024 dc
742 1958 804 2024 hac
818 1979 853 2024 re
867 1960 1019 2042 loquitur,
1042 1965 1108 2024 tam
1124 1958 1334 2042 imperspicua

243 2073 275 2132 ct
296 2069 412 2149 partim
434 2069 530 2133 etiam
552 2068 637 2134 inter
657 2087 692 2134 se
713 2069 997 2154 pugnantiasuut,
1020 2073 1056 2132 ut
1077 2089 1140 2132 non
1155 2069 1257 2133 solum
1278 2065 1333 2130 dif-
1413 2063 1414 2146 i

243 2173 328 2240 fioile
350 2177 400 2250 sit,
431 2177 500 2241 eins
531 2177 723 2242 senteutiam
746 2197 951 2259 cognoscere,
984 2175 1043 2242 sed
1077 2183 1111 2240 ut
1144 2176 1216 2260 ipse
1247 2176 1335 2241 etiam

243 2284 390 2349 videatur
421 2285 612 2351 sententiam
636 2306 700 2351 non
726 2285 807 2352 satis
838 2287 924 2352 clare
948 2288 980 2351 in
1005 2287 1114 2351 auimo
1139 2285 1334 2350 informatam

243 2393 405 2460 habuisse.
449 2393 543 2471 Quod
573 2395 669 2462 orbes
692 2397 848 2461 coelestes
879 2395 960 2462 dicit
988 2394 1076 2460 eirca
1104 2392 1218 2459 muudi
1247 2411 1334 2458 axem

242 2505 395 2582 converti,
418 2501 453 2568 id
474 2504 594 2587 accipit
615 2503 756 2568 maxime
779 2509 911 2588 propter
939 2509 1143 2586 anteceptam
1165 2505 1252 2569 illam
1272 2500 1334 2584 opi·
1414 2577 1415 2580 Ἴ

242 2612 381 2694 niouem,
403 2631 468 2694 qua
490 2612 554 2695 ipsi
574 2610 700 2677 infinito
722 2611 882 2695 principio
903 2619 1070 2677 aeternum
1085 2612 1201 2678 tribuit
1223 2615 1334 2676 motum

242 2720 442 2786 circularem.
484 2720 579 2801 Quod
600 2723 738 2786 annulos
760 2719 847 2798 dicit,
871 2720 907 2786 id
928 2728 1015 2786 reete
1038 2720 1112 2786 inde
1127 2722 1236 2800 sumit,
1255 2718 1335 2803 quod

242 2838 386 2897 veterum
407 2833 598 2896 testimoniis
632 2852 704 2897 cum
732 2837 874 2897 rotarum
901 2830 1081 2896 curvaturis
1106 2833 1335 2914 comparantur.
1414 2911 1415 2918 ἵ

243 2941 309 3006 Sed
331 2960 416 3023 quae
445 2939 635 3023 singillatim
655 2938 695 3004 de
721 2937 770 3002 his
793 2938 920 3003 annulis
942 2936 1097 3021 disputat,
1124 2957 1165 3002 ea
1187 2933 1335 3002 eiusmodi

244 3056 328 3131 suut,
348 3056 393 3131 ut,
416 3049 527 3131 quales
548 3067 621 3114 esse
642 3053 744 3131 putet,
766 3047 855 3112 clara
876 3044 1006 3129 quidem
1028 3045 1161 3112 notione
1183 3065 1244 3110 non
1265 3064 1332 3110 oon-

243 3157 310 3241 eipi
330 3159 440 3241 possit,
474 3163 510 3223 ut
536 3163 654 3238 autem,
689 3157 802 3238 quales
828 3161 943 3239 putare
972 3153 1109 3232 videtur,
1142 3156 1224 3220 tales
1255 3158 1334 3220 certe

244 3287 308 3332 non
322 3264 485 3350 potuerint
499 3285 582 3348 esse,
607 3270 639 3330 et
654 3270 785 3348 propter
806 3264 909 3347 ipsius
932 3263 980 3330 rei
1001 3268 1150 3330 naturam
1166 3262 1261 3329 nimis
1280 3259 1334 3326 mi·

244 3376 380 3442 rabilem
403 3382 435 3441 et
466 3381 598 3459 propter
621 3375 796 3459 perfectam
821 3374 891 3440 eins
921 3394 942 3439 a
974 3380 1118 3440 veterum
1151 3370 1335 3455 testimoniis

244 3486 490 3551 dissensionem.
534 3485 583 3550 lla
609 3491 717 3552 autem
738 3503 863 3558 caussa,
897 3502 962 3565 qua
993 3485 1186 3550 annulorum
1218 3484 1334 3549 illorum

245 3595 404 3677 originem
426 3595 566 3677 explicat
585 3592 692 3677 (putat
713 3593 810 3675 enim,
831 3593 859 3658 si
882 3599 969 3659 recto
984 3592 1140 3675 intellexi,
1163 3593 1259 3659 celeri
1272 3591 1334 3656 uni·

245 3704 331 3768 versi
353 3702 466 3768 muudi
494 3703 739 3770 circumactione
766 3702 800 3767 in
823 3711 967 3768 extremo
988 3721 1064 3768 aere
1084 3709 1251 3768 ventorum
1269 3719 1334 3764 vor-

245 3811 326 3878 tices
348 3814 425 3878 oriri
439 3815 528 3880 cavis
540 3813 707 3879 canalibus
719 3819 854 3890 utentes,
877 3811 1001 3895 hosque
1016 3810 1107 3894 ipsos
1122 3811 1196 3878 illos
1210 3809 1335 3877 annulos

246 3925 332 4002 esse)
348 3941 412 3988 uon
426 3922 529 3989 solum
550 3921 638 3987 uullo
653 3929 797 3987 veterum
812 3920 995 3987 testimonio
1010 3927 1213 4003 memoratur,
1234 3937 1334 3984 verum

246 4033 342 4097 etiam
365 4051 479 4115 perse
502 4032 576 4114 ipsa
597 4031 673 4096 talis
693 4036 752 4112 est,
785 4035 821 4094 ut
848 4050 889 4096 ne
908 4028 1105 4113 cogitatione
1136 4028 1262 4112 quidem
1292 4026 1334 4090 iu·

349 4269 373 4338 ll
392 4267 426 4324 Ε.
444 4266 546 4336 Roeth,
564 4267 661 4324 Gosch.
682 4267 732 4324 der
751 4267 861 4324 abendl.
880 4265 984 4324 Philos.
1006 4265 1038 4334 ll,
1056 4283 1083 4336 p.
1106 4266 1157 4320 loe
1178 4282 1217 4334 sq.
