2850 4904
616 374 670 426 221

80 545 298 612 confirmatur
310 546 434 614 duobus
446 547 522 613 aliis
533 547 745 631 argumentis
769 547 905 631 primurn
922 568 970 629 eo,
992 548 1080 630 quod
1089 549 1198 632 paullo

81 663 165 720 ante
189 675 207 720 e
232 655 359 722 duobus
380 656 592 740 Physicorum
625 657 705 722 locis
728 656 1028 736 demonstravimus,
1062 656 1103 722 ab
1125 657 1200 722 Ari·

80 765 206 828 stotele
230 784 296 848 eos,
328 767 383 847 qui
405 771 554 831 naturam
578 765 662 831 inter
693 786 812 849 aquam
847 771 879 830 et
917 785 1024 831 aerem
1057 765 1199 831 mediam

80 879 249 956 ponerent
284 873 449 946 infinitam,
482 896 547 941 non
576 875 658 941 alios
682 875 828 958 intellegi
861 895 956 957 posse
989 874 1052 940 nisi
1075 875 1199 939 Anaxi-

80 982 312 1065 manorumu,
336 982 455 1050 deinde
478 1004 526 1062 eo,
551 983 638 1067 quod
665 1005 765 1069 supra
788 985 998 1068 ostendimus,
1027 1004 1098 1050 eam
1121 1005 1197 1060 rem,

81 1111 173 1174 quae
209 1091 270 1158 hoc
301 1094 371 1158 loco
395 1094 479 1159 inter
501 1114 619 1176 aquarn
642 1101 674 1160 et
697 1113 801 1160 aerem
829 1094 939 1161 media
961 1094 1131 1172 diceretur,
1155 1093 1198 1180 ab

82 1202 268 1268 Aristotele
291 1204 434 1286 intellegi
457 1203 594 1268 eandem
615 1209 713 1286 atque
736 1223 816 1280 eam,
847 1223 930 1286 quae
952 1203 1028 1268 aliis
1049 1202 1130 1268 locis
1151 1202 1197 1268 di·

82 1318 218 1377 ceretur
241 1313 324 1377 inter
349 1333 458 1378 aerem
481 1319 513 1378 et
535 1313 644 1396 ignem
667 1313 825 1392 media²);
858 1332 954 1394 quarn
977 1310 1109 1394 quidem
1130 1331 1197 1376 rem

81 1420 125 1484 ab
149 1439 194 1486 eo
216 1420 260 1486 ad
284 1420 564 1488 Anaximandrum
586 1421 700 1488 referri
723 1421 804 1488 satis
826 1420 1043 1505 probavimur.

191 1529 385 1612 Priusquam
413 1530 674 1616 progrediamur,
709 1531 851 1596 breviter
883 1529 1048 1596 inicienda
1071 1528 1198 1594 videtur

82 1659 138 1704 res
163 1638 333 1722 quaedam,
357 1660 452 1722 quam
476 1641 511 1706 in
530 1640 748 1725 explicatione
760 1639 929 1726 proposita
940 1639 1105 1722 tetigimus
1128 1638 1197 1721 qui-

83 1747 161 1814 dem
196 1737 255 1814 nec
277 1769 354 1814 vero
385 1751 546 1834 persecuti
580 1771 698 1816 sumus.
743 1751 903 1830 Diximus,
938 1768 1096 1824 caussam,
1132 1767 1197 1830 qua

83 1863 268 1924 commotus
289 1859 480 1924 Aristoteles
502 1861 606 1926 solum
628 1861 662 1926 in
685 1858 870 1937 indicandis
891 1860 942 1937 iis,
972 1860 1028 1942 qui
1050 1865 1197 1924 naturam

85 1967 175 2033 iuter
203 1989 322 2050 aquam
356 1975 388 2034 et
420 1989 529 2036 aerem
557 1969 698 2035 mediam
732 1989 829 2036 unum
866 1989 972 2035 rerum
1006 1969 1198 2048 elementum

85 2082 257 2158 ponerent,
292 2083 420 2160 praeter
454 2078 559 2164 ipsam
597 2078 691 2144 huius
726 2087 861 2146 naturae
890 2076 1018 2144 mediae
1050 2078 1196 2161 appella·

84 2188 210 2252 tionem
232 2186 426 2272 praecipuas
464 2188 576 2267 etiarn,
614 2188 730 2271 quibus
758 2189 807 2254 illi
843 2186 926 2254 hanc
961 2193 1107 2253 naturam
1142 2187 1195 2254 de-

85 2295 229 2378 linirent,
265 2297 492 2364 attributiones
509 2385 511 2389 ι
526 2297 719 2378 addidisset,
753 2318 823 2363 earn
858 2317 929 2364 esse
961 2296 1079 2376 videri,
1107 2296 1195 2379 quod

85 2404 172 2470 hanc
203 2405 456 2489 appellationem
487 2406 531 2472 ad
564 2405 810 2490 significandam
844 2404 927 2472 hanc
960 2412 1108 2471 naturam
1131 2425 1195 2469 non

86 2514 239 2580 sufficere
271 2520 409 2597 putaret.
453 2513 489 2580 si
521 2535 585 2579 non
614 2513 760 2580 sufficere
784 2514 928 2597 putabat,
951 2533 1099 2580 caussam
1122 2504 1195 2578 esse

87 2629 226 2708 oportet,
258 2644 315 2690 cur
347 2625 394 2688 ita
422 2624 594 2708 putaverit.
655 2623 725 2689 Iam
756 2641 831 2688 vero
868 2624 948 2690 satis
986 2622 1195 2703 ostendimus,

88 2732 299 2798 Aristotelem
321 2731 555 2798 Anaximandri
583 2731 780 2815 principium
815 2750 879 2797 non
909 2730 1011 2798 solum
1047 2738 1194 2796 naturam

88 2842 174 2907 inter
196 2861 314 2924 aquam
344 2848 377 2906 et
398 2861 515 2923 aerem,
546 2861 657 2938 verum
687 2831 750 2906 non
781 2840 886 2906 minus
918 2860 1016 2924 saepe
1047 2845 1194 2905 naturam

87 2951 175 3018 iuter
195 2971 303 3017 aerem
326 2958 357 3016 et
370 2953 476 3036 ignem
489 2958 587 3034 atque
600 2972 662 3017 uno
686 2952 784 3016 etiam
806 2952 876 3016 loco
889 2950 984 3016 modo
998 2949 1195 3017 disiunctivo

87 3060 158 3126 sive
184 3061 267 3125 inter
288 3079 407 3144 aquam
430 3066 462 3126 et
484 3080 591 3128 aerem
614 3061 683 3126 sive
707 3061 791 3125 inter
814 3079 920 3125 aerem
945 3066 977 3125 et
999 3059 1107 3142 ignem
1129 3078 1194 3123 me·
1275 3049 1277 3053 ’

87 3168 174 3236 diam
196 3171 376 3253 appellare3
403 3175 502 3254 atque
528 3169 587 3236 has
616 3170 761 3236 diversas
792 3170 938 3236 eiusdem
961 3169 1115 3254 principii
1137 3187 1195 3252 ap·
1290 3195 1292 3200 ·

88 3278 282 3361 pellationes
306 3280 351 3345 ita
369 3285 494 3346 tanturn
526 3279 669 3345 diximus
695 3279 790 3360 plane
813 3279 980 3364 explicari,
1012 3279 1040 3344 si
1061 3297 1194 3361 ponere·

88 3408 177 3471 mus,
208 3387 487 3454 Anaximandrum
521 3389 626 3472 ipsum
660 3387 859 3472 principium
895 3407 988 3452 suum
1019 3407 1081 3454 nec
1112 3387 1196 3451 inter

89 3515 208 3579 aquarn
231 3503 263 3562 ct
282 3517 389 3564 aerem
412 3517 471 3564 nec
484 3498 568 3564 inter
587 3516 695 3563 aerem
718 3504 751 3562 et
771 3496 881 3579 ignem
903 3495 1044 3562 medium
1061 3493 1195 3576 dixisse,

89 3625 202 3673 verum
226 3605 272 3671 ita
295 3607 533 3689 informavisse,
555 3613 592 3673 ut
612 3609 683 3690 pari
705 3606 775 3672 iure
807 3612 943 3689 utroque
967 3605 1062 3671 modo
1084 3611 1196 3690 posset

89 3715 258 3799 explicari.
303 3715 342 3782 Id
373 3715 473 3800 igitur
505 3714 566 3780 hoc
589 3715 659 3780 loco
682 3714 809 3781 videtur
842 3717 970 3780 omnino
1004 3713 1194 3780 confirmari.

89 3824 238 3908 Namque
260 3824 288 3890 si
312 3825 554 3892 Anaximander
578 3825 649 3910 ipse
665 3824 860 3909 principium
887 3823 1025 3890 dixisset
1047 3831 1194 3890 naturam

90 3932 173 4000 inter
195 3953 314 4017 aquam
337 3938 370 3998 et
391 3952 498 3998 aerem
521 3930 671 4014 mediam,
703 3931 776 4015 ipsa
803 3930 900 3997 huius
927 3938 1061 3996 naturae
1082 3931 1195 4014 appel-

191 4188 219 4256 l)
237 4184 309 4242 Vide
328 4203 414 4256 supra
431 4204 460 4256 p.
479 4185 530 4240 211
553 4190 582 4240 et
601 4190 659 4240 not.
680 4188 704 4239 l.

192 4285 219 4350 2)
237 4282 309 4338 Vide
325 4301 412 4352 supra
430 4301 456 4352 p.
478 4283 529 4336 100
550 4301 591 4352 sq.
