2864 4910
756 395 812 452 ato

233 569 322 634 lerna
339 575 436 634 acute
458 589 537 635 sane
558 575 591 635 ct
612 569 777 653 sagaciter
800 572 832 636 in
855 569 941 635 hunc
962 569 1093 636 modum
1116 569 1344 636 ratiocinatur:

231 672 293 742 ‘si
317 679 595 744 Anaximandrum
617 679 789 744 statuimus
812 679 891 744 solis
906 679 1017 744 orbem
1041 681 1207 763 putavisse
1230 681 1342 746 orbem

235 789 305 853 sive
328 789 481 854 annulum
504 807 562 872 per
583 795 686 854 totum
707 789 791 854 coeli
812 788 968 854 ambitum
990 791 1212 873 pertinentem,
1236 792 1341 872 sequi·

234 902 296 978 tur,
319 903 355 962 ut
376 895 462 963 hunc
484 897 595 964 orbem
606 900 769 982 putaverit
782 898 1007 981 magnitudine
1021 919 1086 963 non
1101 900 1173 982 plus
1194 899 1342 982 viginti

235 1012 387 1088 septem
408 1008 473 1071 vel
494 1008 639 1091 viginti
660 1013 748 1072 octo
770 1007 949 1091 partibus
964 1009 1120 1074 maiorem
1139 1027 1220 1091 esse,
1244 1027 1340 1090 quam

236 1113 472 1181 diametrum
494 1117 573 1182 solis
595 1117 797 1200 apparentis,
820 1124 855 1182 at
877 1115 949 1182 lieri
970 1136 1034 1181 non
1058 1123 1176 1200 potest,
1197 1123 1234 1182 ut
1255 1116 1340 1182 huuc

236 1222 356 1305 orbem,
388 1225 417 1290 si
439 1244 512 1290 eum
536 1226 717 1309 putavisset
742 1227 896 1291 annulum
930 1245 1002 1292 esse
1032 1245 1092 1310 per
1122 1232 1222 1292 totum
1258 1227 1340 1292 coeli

235 1333 389 1398 ambitum
422 1334 647 1417 pertinentem,
682 1340 852 1418 putaturus
886 1334 985 1401 fuerit
1015 1335 1243 1419 magnitudine
1280 1356 1341 1400 nou

236 1443 309 1525 plus
331 1441 479 1526 viginti
501 1448 652 1526 septem
672 1445 735 1510 vel
757 1444 903 1528 viginti
927 1450 1015 1510 octo
1045 1445 1124 1510 solis
1154 1446 1340 1529 apparentis

235 1549 412 1616 diametros
433 1553 608 1633 continere,
640 1554 760 1636 quippe
791 1571 875 1635 quac
901 1551 1157 1635 magnitudinum
1187 1555 1273 1644 ratio
1294 1554 1339 1618 ui·

235 1661 333 1724 mium
366 1677 439 1724 cum
468 1659 540 1742 ipso
560 1661 725 1726 oculorum
754 1659 876 1726 iudicio
901 1666 1038 1745 pugnet3
1070 1680 1148 1745 ergo
1178 1663 1340 1726 nonlicet

235 1773 387 1849 statuere,
411 1787 485 1833 eum
507 1768 587 1834 solis
609 1769 723 1835 orbem·
754 1771 918 1854 patavisse
941 1771 1094 1836 annulum
1117 1789 1192 1836 esse
1214 1789 1274 1854 per
1294 1775 1339 1834 to·

234 1882 301 1941 tum
331 1875 442 1941 mundi
472 1876 627 1942 ambitum
656 1868 932 1945 circumcuntem'.
977 1878 1044 1945 Sed
1074 1878 1136 1944 hoc
1169 1880 1231 1945 etsi
1266 1897 1339 1943 acu·

234 1986 358 2050 tissime
378 1987 562 2051 conclusum
584 1995 644 2069 est,
666 1994 775 2053 tamen
797 1988 871 2072 ipsa
891 1988 1150 2054 ratiocinationis
1165 1988 1339 2072 propositio

234 2114 329 2176 quam
351 2095 495 2158 maxime
517 2093 588 2160 lieri
610 2101 716 2178 potest
738 2096 862 2161 incerta
883 2101 941 2161 cst.
1136 2176 1139 2182 Ι

337 2202 466 2267 Etenim
503 2202 537 2267 iu
574 2202 636 2269 hac
673 2204 895 2287 propositione
931 2205 1081 2288 ponenda
1114 2206 1267 2287 zellerns,
1306 2210 1339 2268 ut

238 2309 346 2392 paullo
379 2315 454 2374 ante
486 2308 634 2391 diximus,
666 2309 741 2375 iude
775 2309 1000 2394 proficiscitur,
1033 2311 1119 2393 quod
1145 2311 1337 2377 Placitorum

235 2419 408 2500 scriptores
431 2419 583 2499 referunt,
606 2417 839 2484 Anaximandri
871 2423 1030 2485 sententia
1059 2421 1138 2486 solis
1161 2421 1269 2486 orbem
1291 2422 1336 2484 vi-

234 2527 316 2609 ginti
340 2532 464 2611 septem
487 2528 539 2592 vel
562 2526 679 2610 viginti
702 2534 776 2592 octo
799 2528 946 2610 partibus
968 2528 1124 2594 maiorem
1147 2547 1336 2611 essequam

235 2643 377 2702 terram
410 2637 473 2701 vel
506 2635 630 2719 ipsum
662 2635 785 2702 solem
813 2644 1083 2719 apparentem,
1120 2637 1336 2703 narrationem
1421 2721 1422 2724 Ἴ

234 2763 310 2810 vero
333 2746 429 2827 plane
451 2743 611 2810 diversam
635 2744 814 2829 Hippolyti,
839 2744 896 2827 qui
917 2745 1155 2811 Anaximandri
1178 2747 1337 2812 sententia
1421 2753 1422 2760 ’

235 2855 312 2920 solis
346 2853 456 2919 orbem
486 2854 566 2920 dicit
592 2854 707 2936 viginti
740 2861 864 2938 septem
901 2854 1048 2936 partibus
1080 2857 1233 2920 maiorem
1264 2874 1337 2920 esse

234 2983 330 3046 quam
351 2963 480 3028 orbem
503 2963 667 3044 lunae¹)‚
700 2968 810 3028 censet
841 2964 883 3027 ab
910 2982 1017 3028 errore
1048 2962 1189 3045 quodam
1214 2984 1250 3030 ac
1273 2964 1336 3028 ior·

234 3080 323 3140 tasse
341 3092 405 3138 non
437 3073 501 3138 nisi
522 3092 543 3137 a
571 3072 686 3138 calami
709 3092 818 3138 errore
839 3074 1020 3157 profectum
1044 3093 1126 3140 esse.
1171 3074 1236 3138 Iam
1259 3092 1336 3138 uero

235 3181 374 3266 primum
395 3181 453 3247 illa
480 3181 568 3265 apud
591 3181 787 3246 Placitorum
815 3182 989 3266 scriptores
1017 3184 1158 3248 narratio
1181 3201 1240 3247 non
1261 3200 1336 3244 con-

235 3295 324 3366 tinet,
347 3291 433 3374 quod
454 3291 599 3356 Zellcrns
623 3292 731 3370 sumit,
762 3291 841 3356 solis
865 3292 975 3357 orbem
1002 3291 1120 3374 viginti
1143 3296 1259 3376 septem
1283 3291 1335 3354 vel

233 3402 352 3486 viginti
374 3408 445 3466 octo
470 3400 616 3484 partibus
630 3400 785 3465 maiorem
803 3419 983 3483 essequam
999 3400 1097 3465 solis
1112 3397 1336 3484 apparentis
1420 3455 1421 3475 ,

234 3511 478 3577 diametrum.
529 3508 656 3574 Etenim
682 3509 729 3573 illi
758 3509 932 3593 scriptores
963 3509 1082 3586 dicunt,
1118 3509 1196 3575 solis
1225 3506 1334 3571 orbem

233 3620 468 3688 Anaximandri
490 3619 652 3685 sententia
672 3617 788 3710 viginti
811 3624 935 3703 septem
958 3619 1010 3683 vel
1032 3617 1148 3702 viginti
1170 3624 1238 3683 octo
1259 3635 1333 3698 par-

233 3729 321 3796 tibus
336 3729 490 3794 maiorem
506 3746 578 3792 esse
593 3745 689 3808 quam
705 3734 845 3792 terram
858 3727 920 3792 vel
936 3727 1056 3792 solem
1070 3730 1335 3809 apparentem,

334 3917 360 3984 l)
378 3914 493 3985 Hippol.
511 3911 620 3968 Relutt.
641 3912 663 3975 I,
682 3915 713 3967 6:
734 3911 820 3981 „elcut
844 3911 875 3966 δὲ
894 3911 945 3966 τὸν
963 3907 1063 3967 κύκλον
1080 3913 1128 3965 τοῦ
1145 3910 1219 3979 ἡλίου
1236 3911 1333 3963 ἐπια-

232 4013 587 4068 καιεικοσαπλασίονα
617 4007 695 4077 [τοῦ]
731 4010 789 4074 τῆς
826 4004 972 4078 σελήνης,
1001 4014 1046 4062 καὶ
1081 4003 1234 4063 ἀνωτάτω
1266 4005 1335 4074 μὲν

232 4112 324 4165 εἶναι
342 4105 402 4163 τὸν
420 4105 525 4174 ἡλίου,
555 4099 728 4158 κατωτάτω
753 4103 789 4156 δὲ
814 4103 892 4165 τοὺς
913 4107 978 4159 τῶν
1003 4101 1167 4160 ἀπλανῶν
1185 4099 1334 4168 ἀστέρων

233 4204 398 4266 κύκλους,“
435 4203 498 4258 Νοιι
517 4202 607 4271 ipsam
626 4201 731 4268 lunam,
755 4201 803 4255 sed
827 4201 911 4256 lunae
935 4203 1031 4255 orbem
1051 4201 1186 4271 intellegi,
1205 4216 1236 4252 ex
1253 4201 1332 4250 ante·

232 4305 344 4363 omenti
363 4300 513 4371 Hippolyti
533 4298 724 4368 disputatione
743 4303 831 4366 patet
