2850 4904
637 395 688 451 175

92 573 169 633 tam
197 569 273 634 eius
295 570 451 635 rationem
474 568 718 651 grammaticam
739 569 942 652 respicimus,
969 570 1017 635 sic
1032 571 1221 654 intellegen-
1265 625 1271 642 .

94 677 163 744 dus
207 684 274 743 est:
305 671 355 760 „oi
388 675 447 759 μὲν
478 671 538 760 γὰρ
572 671 612 740 ἐν
643 676 886 763 ποιήσαντες
909 672 953 741 τι)
977 670 1022 742 ἐν
1043 679 1154 761 σῶμα
1175 675 1218 743 τὸ

95 779 392 869 ὑποκείμενον,
425 780 446 871 ἢ
467 793 543 851 τῶν
564 787 685 869 τριῶν
706 810 742 850 τι
766 779 786 874 ἢ
806 775 916 865 ἄλλο,
948 781 968 849 ὅ
990 785 1072 852 ἐστι
1095 785 1221 872 σορὸς

93 894 174 978 μὲν
199 892 453 980 πυκνότερον
476 896 593 979 ἀέρος
614 895 656 961 (λέ
684 890 947 982 λεπτότερον,
969 883 1070 962 τᾶλλα
1089 902 1221 991 γεννῶνι

94 1001 294 1092 πυκνότητι
325 1007 378 1072 καὶ
410 1002 565 1090 μανότητι
590 1005 699 1071 πολλὰ
720 1006 907 1084 ποιοῦντες·
943 1001 973 1072 oi
995 1007 1032 1073 δέ
1053 1004 1108 1092 [ἐν
1129 1032 1221 1075 ποι-

96 1111 278 1202 ήσαντες
310 1110 354 1179 τὰ
388 1107 430 1179 iio
456 1117 567 1197 σῶμα
593 1111 635 1180 τό
667 1115 788 1195 cinca,
821 1109 842 1204 ἢ
872 1117 948 1179 τῶν
978 1123 1097 1198 τριῶν
1127 1141 1164 1183 τι
1201 1117 1221 1205 ἢ

96 1226 203 1291 ἄλλο
224 1224 317 1305 κτλ]
350 1223 384 1289 ἐκ
410 1225 469 1289 τοῦ
497 1219 570 1302 ἐνὸς
592 1219 727 1302 ἐνούσας
758 1220 816 1302 τοὶς
838 1220 1061 1311 ἐναντιότητας
1082 1223 1221 1309 ἐκκρίνε-

97 1335 195 1401 choi
219 1335 347 1420 quoac‘i
371 1339 476 1419 Atque
499 1357 584 1402 nuno
607 1337 671 1401 iam
694 1336 793 1402 facile
816 1343 963 1420 apparet,
990 1337 1024 1402 in
1045 1338 1127 1421 ipsis
1149 1339 1220 1403 Ari-

98 1447 242 1512 stoteli!
271 1446 380 1512 verbis
412 1439 460 1509 ‘oi
494 1443 530 1510 δὲ
565 1444 600 1510 ἐκ
632 1447 703 1510 τοῦ
735 1441 828 1522 ἐνὸς
859 1442 993 1523 ἐνούσας
1018 1469 1046 1509 τ.
1072 1443 1097 1512 ἐ.
1121 1445 1145 1513 ἐ.
1164 1446 1222 1533 qu'

97 1557 306 1622 vocabulum
335 1547 410 1620 ‘coi
441 1549 523 1632 ἑνός’
563 1557 608 1620 ita
642 1555 893 1639 intellegendum
917 1575 998 1636 esse,
1029 1556 1122 1639 quasi
1146 1560 1235 1625 scri-⁴

99 1672 204 1750 ptum
241 1665 284 1730 sit
311 1661 386 1728 ‘roe
419 1659 490 1741 ἐνὸς
523 1661 647 1728 ἐκείνου
680 1665 755 1744 (τοῦ
787 1663 1002 1746 διωρισμένοι·
1030 1659 1221 1750 δηλονότι)’,

101 1774 301 1857 significare
324 1775 425 1859 igitur
446 1794 571 1850 unum,
594 1774 680 1856 quod
700 1772 815 1840 eodem
828 1772 924 1839 modo
939 1779 1036 1856 atque
1059 1776 1092 1840 in
1115 1776 1222 1860 priore

101 1884 324 1969 physicorum
346 1889 438 1967 parte
461 1882 626 1949 definitum
647 1883 698 1948 sit.
743 1883 832 1948 ilaec
853 1889 961 1950 autom
982 1886 1045 1951 loci
1067 1886 1222 1970 interpre-

101 1993 196 2060 tatio
220 1999 342 2076 quanto
365 2013 464 2077 opere
487 1994 684 2060 consentiret
705 2013 777 2058 cum
800 2013 840 2059 ea
861 2013 907 2072 re,
931 1994 1018 2075 quod
1037 1995 1164 2078 physici
1188 1994 1223 2060 id

103 2103 203 2187 quod
227 2109 278 2169 est
303 2123 366 2169 non
392 2103 495 2168 solum
521 2123 619 2170 unum
646 2102 705 2169 sed
736 2104 834 2168 etiam
858 2109 961 2169 motu
984 2103 1109 2170 insito
1133 2123 1223 2190 prae-

103 2214 219 2279 ditum
244 2231 315 2278 esse
337 2213 465 2290 vellent,
491 2233 591 2297 supra
612 2213 842 2297 explicavimus
851 2215 882 2288 ¹).

218 2322 267 2386 17.
311 2323 380 2388 Iam
396 2324 557 2406 pergimus
578 2321 622 2388 ad
640 2324 836 2404 quaestionis
851 2328 975 2406 partem
990 2324 1222 2406 gravissimam.

104 2434 292 2514 Postquam
315 2432 504 2498 Aristoteles
533 2430 686 2515 physicos
720 2430 754 2496 id
788 2430 875 2514 quod
905 2437 955 2497 est
988 2451 1107 2516 ponere
1140 2431 1222 2497 dixit

101 2537 161 2606 “ah
186 2543 285 2623 σῶμα
306 2535 344 2604 τέ
369 2531 607 2622 ὑποκείμενον’,
643 2539 676 2605 id
709 2561 824 2625 corpus
858 2559 878 2604 a
913 2540 1058 2625 physicis
1081 2544 1222 2627 positum

105 2650 229 2717 modo
256 2649 505 2716 disiunctivo
524 2669 583 2734 per
604 2669 671 2732 eas,
694 2668 778 2732 quae
800 2669 821 2714 a
842 2649 980 2733 singulis
1003 2650 1146 2735 physicis
1168 2671 1222 2735 po-

105 2765 198 2829 sitae
222 2762 297 2843 sint,
325 2761 424 2844 ipsius
448 2759 569 2826 formas
591 2761 742 2842 explicat,
773 2758 833 2824 hac
855 2757 1076 2844 adpositione:
1098 2751 1137 2847 ‘q
1157 2760 1223 2822 τῶν

106 2871 218 2954 τριῶν
240 2893 271 2934 τι
295 2861 315 2957 ἢ
336 2857 425 2950 tato,
455 2862 475 2933 δ’
506 2866 574 2934 ἐστι
606 2862 712 2950 ντνρός
743 2864 802 2949 μὲν
835 2869 1035 2949 πυκνότερον
1062 2857 1159 2949 ολέρος
1189 2867 1224 2932 δέ

107 2969 345 3062 λεητότερον’.
389 2979 438 3044 Ex
475 2978 535 3046 hao
573 2978 765 3044 disiunctiva
797 2977 980 3061 explicandi
1016 2979 1154 3060 ratione,
1191 2980 1220 3044 si

108 3095 222 3177 ipsam
245 3089 469 3157 disiunctionis
500 3091 662 3155 notionem
688 3088 885 3170 respicimus,
920 3089 1072 3169 sequitur,
1094 3093 1130 3152 ut
1151 3087 1222 3152 Ari-

109 3202 251 3268 stoteles
275 3219 429 3275 omnes,
463 3216 546 3281 quae
569 3219 589 3263 a
611 3196 754 3282 physicis
775 3196 901 3282 positae
927 3202 1045 3278 essent,
1078 3197 1223 3280 corporis

111 3313 242 3377 formas
265 3308 456 3375 indicaverit
473 3307 508 3390 ²).
554 3305 649 3386 Quod
681 3309 707 3372 si
735 3325 848 3371 verum
869 3311 928 3389 est,
959 3325 1089 3390 prorsus
1119 3307 1224 3371 soluta

111 3427 168 3486 est
191 3418 351 3502 quaestio,
375 3417 416 3483 do
439 3435 502 3500 qua
524 3417 658 3500 agimus.
704 3415 852 3496 Namque
876 3416 902 3479 si
924 3435 1073 3492 omnes,
1097 3434 1181 3497 quae
1204 3437 1225 3481 a

111 3530 263 3615 physicis
287 3529 412 3614 positae
436 3534 553 3608 essent,
576 3527 696 3591 formas
715 3524 881 3606 indicavit,
903 3530 1149 3589 consectaneum
1164 3529 1223 3600 est,

112 3649 150 3707 ut
175 3639 220 3705 ad
243 3655 501 3720 unumquemque
525 3634 732 3718 physicorum
764 3652 829 3698 unc
849 3632 960 3715 aliqua
982 3651 1021 3697 ex
1046 3631 1132 3698 hisco
1158 3632 1220 3696 for-

223 3911 249 3979 1)
267 3907 299 3962 P.
321 3909 379 3962 161.

221 4008 250 4077 2)
269 4005 362 4061 Possis
380 4003 499 4066 obicere,
518 4008 630 4073 praeter
657 4002 707 4056 has
730 4001 856 4072 corporis
884 4001 988 4054 formas
1016 3999 1051 4053 sb
1071 3998 1225 4052 Aristotele

116 4107 185 4162 aliis
202 4105 272 4160 iocis
290 4102 440 4158 memorari
460 4101 544 4156 etiam
564 4105 693 4155 naturam
713 4099 788 4152 inter
806 4115 899 4153 aerem
923 4101 952 4151 ct
970 4114 1072 4166 aquam
1094 4096 1224 4150 mediam.

117 4207 159 4258 As
180 4204 236 4256 iam
255 4200 436 4268 ostendimus,
467 4199 503 4252 ab
521 4198 675 4252 Aristotele
693 4196 809 4250 eandem
828 4213 887 4248 rem
911 4198 971 4248 turn
989 4194 1066 4247 inter
1084 4201 1177 4246 serem
1196 4195 1225 4245 ct

118 4302 224 4371 ignem.
247 4303 308 4352 tum
328 4300 401 4351 inter
420 4315 513 4350 serem
532 4301 560 4350 et
579 4313 680 4364 aquarn
701 4294 822 4348 mediam
840 4293 940 4346 dicero.
