2860 4906
786 373 839 428 258

245 553 304 628 est,
337 545 482 631 patibilis
518 547 625 630 potius
659 566 756 629 quarn
795 565 895 629 agens
928 545 1014 628 εἰτ’).
1074 548 1181 628 Atque
1216 545 1337 629 propius

245 657 340 720 etiam
363 654 404 720 ad
429 662 572 721 veterum
595 655 860 739 physiologorum
883 656 1088 736 maximeque
1115 651 1337 718 Anaximandri

244 763 403 830 rationem
414 765 539 830 aceedit
551 785 590 831 eo
602 766 683 846 loeo,
707 783 771 846 quo
786 764 842 846 ait,
864 764 991 847 ipsam
1013 763 1213 836 materiam
1237 761 1337 844 quasi

245 872 443 955 quandam
466 873 746 956 frigiditatem
761 872 939 954 putandam
955 892 1036 954 esse,
1058 880 1241 957 propterea,
1262 869 1336 954 quod

245 987 331 1048 terra
352 992 384 1048 et
405 1001 498 1066 aqua,
524 1002 606 1066 quae
629 983 694 1048 sint
716 984 861 1055 materia,
886 982 1068 1066 frigiditate
1089 981 1223 1048 definita
1241 981 1336 1056 sintq.

346 1094 415 1159 Iam
439 1111 509 1158 oum
533 1093 663 1160 omuino
685 1092 835 1158 videatur
850 1091 1103 1157 demonstratum
1124 1112 1205 1175 asse,
1226 1089 1336 1157 Anaxi·

193 1227 195 1233 ’
246 1201 414 1268 mandram
437 1201 518 1268 duas
541 1202 643 1268 solum
666 1203 787 1286 primas
803 1207 946 1266 statuere
969 1206 1100 1266 naturas
1122 1221 1163 1267 ex
1185 1200 1256 1283 ipso
1277 1201 1336 1266 iuli·

245 1311 314 1376 nito
335 1312 491 1395 principio
515 1316 612 1386 ortas,
649 1315 798 1374 naturam
825 1311 954 1394 igneam
986 1328 1121 1392 eamque
1152 1309 1285 1375 ualidam
1307 1317 1335 1373 et

245 1425 392 1484 naturam
416 1417 580 1484 humidam
601 1438 736 1501 eamque
758 1416 923 1500 frigidam,
946 1419 1013 1483 sive
1035 1413 1094 1504 τὴν
1116 1413 1220 1503 φλόγα
1240 1411 1337 1503 stada

245 1525 407 1610 ὑγρασίαν,
428 1528 572 1611 protinus
595 1533 741 1610 apparet,
776 1525 845 1591 has
868 1545 952 1590 esre
981 1545 1046 1592 eas
1074 1535 1232 1591 naturas
1258 1547 1337 1591 eon·

246 1637 401 1719 trarias,
429 1635 536 1701 inter
564 1655 658 1718 quas
686 1636 773 1719 ipse
795 1635 1086 1701 Anaximander·
1112 1637 1337 1720 principium

245 1746 416 1811 voluerit
442 1745 607 1810 medium
636 1765 730 1810 esse.
774 1744 922 1827 Namque
950 1751 1046 1810 autea
1071 1745 1279 1828 probavimus,
1307 1743 1337 1808 id

246 1853 333 1936 quod
346 1855 492 1936 sequenti
508 1853 616 1936 eapite
632 1854 738 1936 magis
755 1851 853 1918 etiam
868 1852 1048 1938 apparebit,
1072 1873 1144 1919 eum
1160 1852 1335 1938 principium

246 1963 317 2028 sine
340 1962 438 2029 dubio
460 1962 608 2028 medium
626 1982 698 2028 esse
722 1963 864 2028 voluisse
887 1964 970 2028 inter
994 1983 1050 2028 eas
1072 1969 1204 2028 naturas
1225 1966 1336 2027 eontra-

246 2072 320 2150 rias‚
344 2091 426 2154 quas
448 2073 553 2156 ipsum
576 2092 634 2157 per
656 2092 692 2139 se
714 2073 860 2156 potentia
883 2073 1059 2137 ooutiueret
1080 2091 1272 2154 quarumque
1292 2089 1336 2134 se-

246 2182 386 2245 cretione
416 2200 520 2246 rerum
548 2181 783 2247 multitudinem
810 2185 995 2262 generaret;
1032 2179 1092 2245 has
1127 2187 1232 2246 autem
1261 2197 1337 2244 uuna

247 2307 318 2354 esse
340 2289 549 2372 eognovimus
572 2296 720 2355 naturam
749 2290 877 2372 igneam
899 2309 1035 2371 eamque
1064 2287 1201 2354 ualidam
1231 2296 1262 2355 et
1284 2307 1336 2351 na-

249 2405 354 2464 turam
391 2397 556 2465 humidam
593 2418 729 2482 eamque
764 2399 928 2482 frigidam;
965 2398 1051 2464 inter
1084 2397 1142 2463 bas
1172 2397 1268 2481 igitur
1287 2415 1335 2480 pu·

246 2506 364 2572 taudus
401 2512 451 2572 est
476 2508 671 2592 principium
703 2507 843 2574 medium
876 2507 1041 2591 posuisse,
1071 2507 1176 2572 altera
1201 2505 1336 2572 subtilius

247 2617 349 2681 altera
371 2615 514 2686 densius.
562 2618 668 2684 Possit
700 2617 832 2701 quidem
866 2617 1008 2700 quipiam
1040 2615 1208 2699 probabile
1238 2613 1335 2693 viden,

247 2722 288 2788 ab
310 2744 349 2789 eo
377 2725 567 2809 principium
595 2728 679 2793 iuter
702 2727 808 2810 ignem
837 2733 870 2792 ot
891 2746 1022 2792 aerem
1044 2723 1187 2790 medium
1209 2724 1336 2809 positum

247 2837 328 2914 esse,
352 2840 523 2918 propterea
545 2837 632 2918 quod
656 2837 761 2919 ipsum
787 2855 863 2901 aere
887 2854 1025 2918 quoque,
1052 2834 1174 2918 quippe
1198 2855 1215 2900 e
1236 2839 1336 2898 natura

247 2935 381 3002 humida
403 2943 482 3020 orto,
512 2942 695 3006 necessario
724 2940 877 3004 subtilius
899 2940 951 3021 sit,
983 2959 1040 3006 aer
1069 2948 1178 3008 autem
1206 2941 1338 3007 subtilior

248 3064 320 3110 erse
342 3045 489 3112 videatur
510 3053 626 3113 natura
640 3047 783 3114 humida.
827 3047 893 3112 Sed
914 3046 947 3113 id
969 3050 1012 3115 ab
1024 3048 1259 3116 Anaximandri
1279 3048 1337 3132 opi·

247 3154 342 3218 nioue
370 3161 543 3238 propterea
573 3157 712 3223 alienum
741 3161 799 3238 est,
832 3155 920 3238 quod
945 3177 1016 3222 eum
1041 3158 1182 3226 vidimus
1212 3159 1337 3224 nenessi-

247 3269 313 3330 tate
329 3263 471 3346 quadam
493 3264 686 3349 principium
707 3263 850 3330 medium
874 3284 994 3347 ponere
1012 3263 1166 3332 debuisse
1190 3267 1338 3332 intereas

247 3378 380 3438 naturas
402 3373 591 3451 contrarias,
615 3393 695 3456 quas
718 3375 789 3456 ipso
806 3373 964 3456 prinoipio
987 3374 1147 3438 contineri
1170 3379 1203 3440 at
1226 3393 1265 3438 ex
1278 3375 1338 3456 ipso

248 3481 374 3547 seuerni
396 3483 502 3548 vellet.

348 3588 514 3674 Superest,
538 3596 571 3655 ut
586 3588 805 3672 quaerendum
828 3587 872 3654 sit
888 3587 992 3654 detea
1008 3591 1142 3673 ratione,
1164 3610 1248 3673 quae
1268 3592 1339 3654 iuter
1408 3639 1409 3658 t

247 3696 307 3762 bas
318 3698 554 3764 Anaximandri
568 3685 689 3782 primas
709 3703 841 3763 naturas
857 3703 890 3762 et
904 3696 1137 3764 Aristotelis
1157 3700 1338 3764 elementa
1408 3699 1409 3756 ἶ

249 3806 441 3884 intercedam
469 3805 680 3904 quatratione
708 3807 836 3890 cognita
858 3805 1006 3889 protinus
1033 3806 1164 3890 patebit
1194 3803 1337 3890 quomodo
1408 3823 1409 3858 ι

350 4073 377 4139 ι)
396 4070 513 4126 meras.
532 4071 579 4140 1v,
599 4073 624 4126 o.
644 4071 752 4124 asara
771 4089 822 4139 sq„
841 4072 904 4126 αα.
924 4071 962 4124 ru.
982 4075 1007 4125 4.
1028 4074 1100 4126 asan
1114 4071 1139 4126 a.

349 4167 378 4235 2)
399 4167 517 4221 Meteor.
536 4167 582 4234 IV,
597 4171 643 4222 ll.
662 4169 736 4222 389ίι
749 4169 796 4220 29:
830 4167 891 4230 „dei
914 4167 945 4221 dd
963 4169 1058 4235 λαβεῖν
1075 4165 1124 4234 τὴν
1141 4166 1207 4234 ὕλην
1226 4158 1338 4236 ψυχρά·

248 4259 325 4329 rnre?
349 4281 408 4316 τινα
428 4263 494 4316 εἶναι
515 4263 586 4316 κτλ.“
1151 4313 1156 4330 1

1403 4567 1409 4850 l
