2864 4910
706 329 824 406 'aaa

345 527 446 605 Quem
475 527 580 591 locum
610 527 637 590 si
669 525 854 590 accuratius
889 524 1089 609 inspicimus,
1122 528 1264 608 protinus
1290 545 1337 607 ap
1405 555 1406 618 j

246 644 347 721 paret,
370 636 501 702 Tatium
525 637 652 719 proprie
677 656 741 700 non
770 633 803 699 id
826 654 934 718 agere,
963 642 998 700 nt
1020 637 1100 700 solis
1120 634 1265 718 figuram,
1288 633 1339 698 sed

246 753 281 812 nt
302 765 374 811 cunr
401 744 565 810 describat
586 744 725 827 modum,
757 764 820 826 quo
843 746 899 808 lux
932 763 950 808 e
986 745 1054 809 sole
1088 745 1209 808 emissa
1232 743 1339 808 didun-

245 856 356 926 datur:
379 876 451 921 oum
467 857 550 920 enim
562 854 661 936 dicat,
677 853 911 918 Anaximandri
924 854 1084 920 sententia
1103 847 1221 918 ‘solem
1242 854 1339 917 lucem

246 963 412 1031 effundere
436 970 526 1028 rotae
548 963 651 1046 figura
672 969 812 1028 utentem
822 953 839 1038 ',
864 963 1037 1046 significat,
1061 963 1143 1028 lucis
1157 961 1339 1028 effusionem

248 1073 342 1138 modo
365 1072 506 1156 quodam
528 1073 606 1147 fieri,
629 1075 683 1156 qui
705 1072 879 1140 definiatur
894 1093 943 1146 eo,
968 1071 1055 1155 quod
1071 1075 1120 1138 sol
1134 1073 1268 1155 figuram
1290 1071 1338 1134 ha-

247 1183 322 1248 beat
343 1189 432 1248 rotae
451 1183 599 1248 similem.
643 1183 712 1248 Iam
741 1185 886 1266 sequenti
916 1183 979 1249 loci
1002 1189 1102 1266 parte,
1131 1201 1196 1264 qua
1222 1191 1340 1248 senten-

247 1293 325 1356 tiam
346 1293 545 1375 propositam
570 1291 722 1375 explioat,
745 1290 895 1373 ostendit,
918 1311 991 1368 non,
1020 1312 1083 1375 qua
1114 1293 1237 1358 ratione
1260 1293 1339 1374 ipse

248 1400 328 1482 sol,
350 1400 409 1466 scd
431 1420 497 1484 qna
511 1403 636 1467 ratione
658 1403 716 1468 sol
737 1422 810 1466 una
830 1421 913 1466 oum
929 1401 1010 1467 suis
1027 1400 1157 1467 radiis
1174 1407 1339 1484 sumptus

248 1511 383 1593 liguram
407 1507 527 1576 habeat
549 1519 639 1576 rotae
663 1511 808 1577 similem.
854 1509 934 1576 Cum
961 1509 1102 1576 enimin
1125 1516 1197 1576 rota
1217 1516 1280 1576 tres
1299 1509 1339 1574 di·

248 1620 391 1702 stinguat
423 1627 542 1703 partes,
578 1640 691 1686 cavum
720 1619 912 1698 modiolum,
949 1617 1167 1698 curvaturam,
1200 1619 1339 1686 radiose

249 1728 388 1795 modiolo
411 1728 453 1794 ad
478 1735 681 1795 curvaturam
705 1729 912 1813 pertinentes,
940 1729 1048 1813 ipsum
1075 1730 1176 1794 solem
1199 1728 1339 1794 nonnisi

249 1858 320 1904 oum
343 1838 483 1905 modiolo
496 1846 671 1922 comparat,
695 1860 766 1904 eam
781 1840 822 1905 ob
841 1859 1000 1914 caussam,
1024 1837 1119 1922 qnod,
1142 1837 1339 1904 utmodiolns

250 1969 349 2014 cavus
372 1951 422 2024 sit,
446 1949 492 2014 ita
515 1950 562 2014 sol
585 1971 603 2016 e
626 1969 720 2015 cavo
743 1950 998 2030 lucememittat3
1020 1970 1093 2016 cnm
1116 1947 1220 2015 radiis
1241 1955 1338 2012 autem

212 2077 222 2102 ¹
250 2078 313 2122 non
344 2058 450 2141 ipsum
483 2061 584 2126 solem
619 2059 677 2125 sed
705 2060 784 2124 solis
814 2058 924 2124 radios
956 2065 1130 2143 comparat,
1168 2065 1339 2142 propterea,

250 2167 367 2249 quode
384 2187 464 2233 cavo
479 2169 535 2233 illo
550 2170 660 2236 emissi
681 2170 881 2234 extrinsecus
904 2168 938 2234 in
961 2168 1071 2234 orbem
1082 2167 1299 2234 diffundantur
1307 2168 1338 2244 ι);

250 2295 321 2342 cum
345 2281 432 2342 rotae
452 2283 624 2344 curvatura
645 2275 793 2360 denique,
816 2278 843 2342 si
866 2277 1039 2360 imaginem
1053 2279 1201 2342 volumus
1216 2275 1339 2356 absolvi,

251 2406 437 2469 comparare
468 2405 531 2452 non
566 2393 672 2470 potest
701 2388 766 2452 nisi
799 2387 887 2470 ipsas
907 2406 969 2463 res,
998 2406 1079 2470 quas
1108 2387 1239 2454 ultimas
1270 2385 1340 2452 solis

251 2493 333 2560 radii
355 2494 518 2579 attingunt
543 2495 576 2560 in
599 2495 706 2578 iisque
736 2497 830 2579 quasi
853 2495 1131 2580 terminantium
1156 2503 1247 2562 rotae
1267 2493 1339 2560 radii

251 2606 283 2668 in
305 2611 486 2670 curvatura.
531 2603 648 2688 Quare,
681 2605 708 2671 si
742 2605 802 2672 lroe
829 2604 939 2688 aliquo
974 2604 1069 2671 modo
1102 2605 1247 2670 volumus
1276 2623 1339 2668 cum

252 2712 358 2796 priore
392 2713 454 2779 loci
487 2721 578 2798 parte
603 2715 796 2796 consentire,
832 2714 1021 2781 sumendum
1051 2716 1120 2789 erit,
1158 2715 1224 2780 illic
1251 2712 1340 2778 verba

249 2815 371 2888 ‘solem
401 2823 506 2888 lucem
530 2823 695 2890 effundere
723 2829 813 2890 rotae
836 2824 939 2906 figura
965 2815 1124 2889 ntentem'
1157 2825 1203 2888 ita
1225 2822 1340 2888 intelle-

252 2929 359 3012 genda
381 2949 462 3004 esse,
495 2937 529 2995 ut
551 2933 599 2996 sol
621 2953 685 2996 non
708 2932 856 3021 ipseper
878 2951 923 3013 se,
958 2930 1016 2997 sed
1039 2951 1079 2996 ea
1106 2937 1230 2996 tantum
1250 2937 1340 3014 parto,

252 3047 410 3120 quatenus
432 3039 535 3105 lucem
548 3039 692 3106 efflandat
713 3061 815 3122 eoque
838 3061 873 3106 se
889 3041 983 3123 quasi
999 3041 1033 3104 in
1050 3039 1160 3104 radios
1173 3038 1340 3118 exstendat,

253 3145 380 3212 dicatur
401 3153 491 3213 rotae
514 3148 648 3232 figuram
662 3146 825 3230 habere2).
868 3149 957 3215 Haec
973 3148 1001 3214 si
1014 3149 1061 3214 ita
1082 3169 1118 3214 se
1134 3148 1261 3221 habent,
1282 3153 1340 3211 toto

243 3321 376 3404 ’πέμπιιὺ
395 3322 477 3377 αὑτὸν
495 3321 554 3393 (τὸν
574 3320 658 3390 ἣλιον)
684 3325 714 3378 τὸ
738 3327 798 3396 φῶς
821 3325 935 3396 σχῆμα
955 3326 1077 3396 ἔχοντα
1102 3325 1234 3395 τροχοῦ.
1257 3319 1341 3389 ὥσπερ

253 3419 307 3494 γὰρ
327 3421 357 3475 ἐν
374 3423 412 3491 τῷ
430 3423 520 3493 τροχῷ
539 3425 616 3488 κοίλη
635 3423 709 3476 ἐστὶν
728 3419 744 3489 ἣ
764 3415 910 3493 πλήμνη,
929 3424 984 3492 ἔχει
1010 3422 1036 3474 δ’
1060 3417 1109 3474 ἀπ’
1128 3418 1210 3488 αὐτῆς
1226 3419 1341 3474 ἀνατετα-

253 3522 340 3588 μένος
356 3515 404 3577 τὰς
422 3519 556 3588 κνημῖδας
575 3517 644 3587 πρὸς
661 3515 710 3585 τὴν
728 3520 831 3579 ἔξωθεν
854 3517 923 3586 ἁψῑ
930 3519 948 3572 d
953 3538 986 3578 ος
1004 3513 1203 3589 περιφοράν,
1222 3513 1341 3570 οὕτωκαὶ

253 3609 345 3682 αὐτόν,
364 3611 420 3668 ἀπὸ
440 3616 532 3668 κοίλου
550 3612 580 3668 τὸ
600 3615 660 3686 φῶς
669 3616 858 3685 ἐκπέμποντα,
878 3613 925 3682 τὴν
943 3609 1077 3670 ἀνάτασιν
1094 3615 1149 3670 τῶν
1156 3615 1273 3670 [ἐκτίνων
1289 3633 1341 3666 ποι·

253 3717 354 3779 εῖοθοι,
374 3716 419 3764 καὶ
443 3712 545 3772 ἔξωθεν
572 3709 655 3772 αὐτὰς
682 3708 770 3781 κύκλῳ
794 3716 945 3783 portianus·
983 3712 1176 3767 Posteriorum
1203 3712 1341 3768 verborum

254 3808 392 3862 sententia
409 3808 478 3862 haec
496 3812 547 3875 est,
566 3805 614 3866 τὰς
633 3803 743 3866 ἀκτῖνας
760 3808 856 3862 omnia
873 3809 903 3862 in
920 3808 1018 3862 orbem
1037 3808 1211 3864 collustrare.

356 3904 383 3972 l)
401 3905 524 3959 Zelleruu
544 3904 665 3973 quidem,
684 3905 702 3956 l.
722 3905 750 3972 l.,
780 3905 852 3959 hanc
875 3905 929 3960 loci
952 3909 1062 3974 partem
1086 3905 1128 3960 ita
1147 3905 1291 3976 intellegit,
1314 3907 1342 3956 ut

253 3999 319 4052 solis
338 3999 411 4053 radii
430 4017 444 4053 u
466 4000 586 4068 cylindri
604 3998 742 4054 foramine
753 4000 846 4054 emissi
865 4001 1037 4055 extrinsecus
1055 4017 1107 4070 per
1124 4005 1216 4055 totam
1233 3999 1341 4070 cylindri

253 4095 400 4164 planitiem
417 4094 537 4150 diffundi
556 4096 700 4166 dicentum
724 4102 754 4151 at
772 4097 841 4152 haec
859 4097 1006 4166 sententia,
1025 4097 1109 4150 nimis
1128 4097 1195 4152 s'ane
1208 4097 1342 4160 mirabilis,

253 4193 431 4247 nullomodo
450 4192 518 4262 ipsis
538 4191 614 4248 Tatii
632 4193 725 4248 verbis
744 4193 927 4265 significatur,
946 4194 995 4249 sed
1013 4211 1030 4249 a
1047 4193 1158 4249 Zellero
1177 4195 1300 4250 sumitur.

354 4292 381 4358 2)
400 4289 431 4344 ln
450 4291 654 4344 enuntiatione:
675 4295 817 4363 ,ntpnuv
834 4287 918 4348 αὐτὸν
935 4289 966 4346 τὸ
985 4287 1045 4364 φώς
1066 4293 1163 4365 σχῆμα
1176 4294 1273 4364 ἔχοντα
1290 4310 1341 4360 τρο-
