2864 4904
238 523 346 584 menta
368 516 507 584 mediam
528 515 704 599 appellare,
730 514 829 578 immo
855 514 891 579 in
916 515 1140 600 explicatione
1164 518 1254 584 illins
1277 517 1334 583 Ari·
1401 484 1403 624 i

238 626 364 694 stotelis
386 625 448 692 loci
471 625 657 708 vituperare
689 623 789 688 etiam
811 624 1035 690 Alexandrum
1069 631 1223 692 naturam
1258 628 1334 692 illam

239 734 382 814 mediam
421 732 664 800 Anaximandro
697 732 910 815 tribuentem3
946 741 1046 816 atque
1080 734 1116 800 in
1146 756 1187 802 ea
1219 736 1335 802 demun
1403 765 1404 786 α

238 845 459 914 commentarii
481 851 585 930 parte,
610 861 694 924 qnae
714 842 805 906 illam
826 843 1077 926 explicationem
1103 852 1270 928 sequatur,
1290 865 1335 929 pa·
1404 840 1405 930 l

238 960 380 1037 riterqne
402 957 435 1020 in
457 953 686 1022 commentario
708 952 742 1017 in
766 953 867 1018 libros
890 952 932 1019 de
948 952 1059 1034 Coelo,
1085 955 1195 1038 ipsum
1210 975 1335 1039 qnoque,
1404 935 1405 940 ἵ

158 1049 162 1056 ’
239 1066 409 1134 seductum
431 1066 503 1132 sine
524 1063 622 1130 dnbio
645 1063 835 1128 auctoritate
845 1062 1025 1128 Alexandri
1047 1073 1148 1130 antea
1167 1067 1335 1151 improbati,

238 1182 389 1244 naturam
410 1176 497 1239 illam
515 1171 654 1239 mediam
675 1171 718 1239 ad
733 1171 1013 1238 Anaximandrum
1029 1173 1152 1240 referre
1161 1174 1195 1258 ¹).
1241 1175 1335 1254 Quare
1406 1198 1407 1210 ¹

241 1290 278 1352 nt
302 1282 409 1366 simul,
441 1279 582 1366 quidde
612 1280 673 1346 hac
700 1282 862 1346 sententia
887 1281 1097 1347 indicandum
1126 1283 1180 1366 sit,
1210 1284 1244 1348 in
1274 1285 1336 1368 ipso

239 1397 414 1473 conspectu
434 1397 582 1476 ponatur,
603 1390 638 1471 in
657 1385 842 1454 adimendis
866 1387 1031 1472 Simplicii
1053 1390 1137 1455 locis
1168 1392 1217 1458 ita
1237 1411 1335 1458 versa·

240 1502 356 1581 bimur,
375 1508 412 1565 ut
432 1500 571 1580 primum
597 1496 638 1562 de
666 1496 706 1561 iia
729 1494 810 1560 locis
832 1515 978 1578 agamm
1007 1498 1065 1580 qui
1088 1498 1181 1564 illam
1204 1502 1335 1584 explica·
1408 1556 1409 1586 p

240 1613 362 1678 tionem
384 1606 587 1690 antecedunt,
614 1604 732 1671 deinde
755 1604 795 1670 de
825 1606 901 1689 ipsa
923 1606 983 1670 illa
1004 1609 1236 1691 explicatione,
1258 1609 1337 1676 deni·
1408 1617 1409 1634 ¹

241 1740 305 1805 qne
316 1720 356 1786 de
372 1718 414 1786 iis
425 1719 514 1792 locis.
537 1716 592 1800 qni
604 1736 676 1782 eam
687 1717 970 1799 sequunturetiis‚
991 1718 1048 1800 qni
1066 1719 1100 1783 in
1113 1720 1336 1785 commentario

243 1834 276 1897 in
299 1830 397 1896 libros
420 1829 461 1895 de
483 1827 581 1893 Coelo
603 1828 762 1910 leguntur.

345 1937 522 2022 Incipimne
542 1936 642 2020 igitar
662 1935 704 2001 ab
727 1935 769 2000 iis
791 1934 880 2010 locis,
899 1936 961 2018 ·qui
983 1938 1016 2002 in
1038 1937 1150 2020 priore
1175 1938 1234 2004 illa
1256 1944 1337 2023 parte
1410 1985 1411 1992 α

242 2046 464 2114 commentarii
496 2045 529 2110 in
562 2043 662 2109 libros
691 2041 845 2128 physicos
871 2043 1032 2126 leguntur,
1066 2045 1125 2127 qui
1148 2066 1222 2112 eam
1251 2047 1336 2112 etiam

217 2193 219 2199 v
243 2157 285 2224 ob
308 2175 456 2224 caussam
477 2153 608 2220 maximi
629 2152 782 2218 momenti
804 2160 888 2231 aunt,
919 2152 1007 2236 quod
1029 2153 1080 2218 his
1103 2157 1245 2222 maxime
1266 2156 1337 2222 Sim·
1411 2179 1412 2182 ¹

242 2267 362 2354 plinius
384 2285 444 2332 sua
469 2269 584 2352 sponte
616 2264 768 2345 nullaque
796 2261 984 2346 explicandi
1012 2267 1208 2331 necessitate
1236 2266 1338 2350 pulsus
1412 2335 1413 2338 ,

243 2377 287 2444 de
309 2372 543 2442 Anaximandri
575 2372 734 2456 principio
765 2370 902 2436 disserit
954 2372 1070 2454 Itaque
1093 2372 1279 2460 Simplicius
1308 2377 1338 2439 in

244 2483 472 2552 commentario
502 2481 536 2546 in
561 2480 659 2566 Phys,
681 2481 706 2557 Ι,
735 2483 764 2560 2,
794 2481 829 2545 in
854 2482 1000 2564 generali
1027 2480 1086 2548 illa
1115 2481 1336 2568 disputatione,
1413 2555 1414 2578 χ

244 2613 311 2678 qua
342 2595 482 2662 omnium
516 2598 660 2657 veterum
703 2589 970 2674 philosophorum
1003 2590 1169 2676 principia
1207 2593 1339 2660 breviter

245 2701 424 2779 adumbrat,
457 2707 628 2785 postquam
659 2718 725 2776 eos,
761 2698 871 2781 quiid
901 2697 988 2781 qnod
1023 2707 1073 2766 eet
1101 2701 1156 2766 vel
1188 2723 1336 2770 summum

245 2812 387 2878 omnium
420 2829 525 2876 rernm
550 2809 742 2892 principium
774 2827 872 2874 unum
894 2814 1019 2872 tantum
1041 2817 1209 2896 ponerent,
1237 2810 1339 2876 divicit

244 2923 279 2987 in
301 2938 366 3002 ece,
389 2919 445 3002 qni
467 2939 573 2984 rernm
595 2916 791 3002 principium
808 2936 906 2981 n-num
929 2923 961 2981 et
977 2917 1152 2997 immotum,
1178 2921 1337 2995 clinem,

246 3029 303 3112 qni
325 3049 422 3096 unum
445 3033 477 3094 et
499 3031 586 3090 motu
605 3021 704 3089 insito
719 3020 912 3104 praeditum,
933 3020 967 3086 id
988 3029 1046 3105 est,
1069 3043 1258 3106 corporeum
1271 3043 1338 3089 esse

246 3137 376 3220 vellent,
398 3143 431 3203 et
451 3135 510 3200 hoo
533 3152 642 3200 rursus
663 3131 697 3196 in
719 3150 784 3208 eos,
807 3132 862 3213 qui
884 3130 918 3196 id
940 3151 1038 3197 unum
1060 3131 1256 3218 principium
1276 3153 1339 3197 cor-

246 3266 379 3332 poreum
401 3245 527 3310 finitum
556 3249 587 3307 et
610 3235 644 3306 in
668 3259 734 3320 eos,
765 3239 820 3322 qui
848 3238 1006 3305 infinitum
1030 3249 1197 3324 ponerent,
1227 3241 1338 3308 Anaxi·

250 3354 420 3422 mandram
443 3373 516 3420 eum
539 3351 620 3417 dicit
641 3369 723 3428 esee,
745 3350 802 3432 qni
825 3348 946 3432 primns
969 3368 1068 3414 unum
1084 3350 1229 3416 omnium
1243 3369 1338 3416 rerum

247 3464 448 3550 principium
472 3461 591 3528 dixerit
617 3459 819 3539 infinitum).
863 3460 946 3524 Tum
979 3457 1073 3526 huius
1107 3461 1258 3546 principii
1288 3478 1338 3523 na-

352 3677 378 3745 l)
396 3676 449 3730 Eat
473 3674 542 3728 haec
559 3672 697 3728 sententia
716 3688 758 3740 ea,
777 3688 860 3739 quam
876 3670 1145 3726 Schleiermaoherua
1164 3672 1194 3726 in
1211 3685 1338 3726 commen-

249 3773 357 3828 tatione
380 3773 415 3828 de
443 3769 654 3825 Anaximandro
679 3768 833 3838 proposuit.
870 3768 942 3824 Vide
964 3749 1013 3822 1²1·ss
1032 3767 1105 3822 Schl.
1132 3767 1233 3824 Werke
1250 3767 1296 3835 111,
1315 3768 1338 3822 Ξ.

248 3888 276 3939 p.
299 3870 449 3936 reo-ma
472 3867 531 3922 rm.

349 3969 376 4036 2)
396 3965 518 4035 Simplic.
541 3963 623 4032 Phys.
647 3964 672 4032 6,
698 3981 724 4030 a,
746 3967 811 4032 poet
833 3981 885 4016 m.:
918 3963 989 4032 „cciv
1007 3962 1039 4016 ol
1063 3961 1095 4016 ἓν
1117 3967 1164 4015 καὶ
1187 3956 1339 4032 κινούμενον

251 4071 295 4119 καὶ
325 4059 439 4135 ἄπειρον
467 4059 602 4133 λεγόντων
621 4058 844 4134 Ἀναξίμανδρος
869 4100 876 4113 .
897 4101 903 4113 .
924 4100 930 4113 .
952 4100 957 4111 .
982 4053 1070 4129 ἀρχήν
1092 4076 1120 4111 τε
1143 4062 1189 4111 καὶ
1213 4061 1340 4125 στοιχεῖον

249 4169 337 4232 εἴρηκε
360 4162 414 4215 τῶν
439 4155 527 4215 ὄντων
553 4156 584 4212 τὸ
610 4152 733 4228 ἄπειρον,
764 4157 870 4226 πρῶτος
897 4157 975 4208 τοῦτο
1003 4149 1126 4225 τοῦνομα
1157 4159 1270 4226 κομίσας
1297 4151 1339 4215 τῆς

248 4255 360 4330 ἅραῆς·“
