2862 4910
606 400 659 454 329

61 575 127 655 qui
168 574 448 640 Anaximandrum
489 575 632 641 referunt
662 573 820 641 infinitam
858 577 1050 642 mundorum
1077 577 1183 643 multi-

61 683 226 749 tudinem
258 684 410 768 deinceps
445 684 616 750 orientium
657 684 935 768 occidentinmque
968 706 1099 770 ponere,
1137 689 1182 752 ita

64 907 363 984 όντιιςκόσμουςί·
389 911 450 980 Quo
463 914 524 968 loco
541 915 664 983 primum
682 914 724 969 ‘ot
736 912 856 985 οὐρανοὶὶ
879 922 907 970 et
925 915 971 974 ‘ot
988 911 1107 975 ἅπαντες
1119 911 1184 968 κόσ-
1253 965 1256 972 .

63 1005 142 1080 μοι’
166 1009 209 1063 ita
221 1009 443 1080 distinguuntur,
462 1015 494 1064 ut
511 1008 543 1064 ‘d
559 1007 685 1080 οὐρανὸς
704 1011 843 1082 significet
854 1012 997 1081 coelum,
1014 1009 1045 1066 ‘ri
1056 1012 1110 1071 πιὶς
1120 1007 1183 1065 κόσ-

64 1103 140 1177 μος’
159 1108 256 1162 autem
274 1107 383 1175 ipsum
406 1111 514 1161 totum
531 1107 701 1177 mundum,
720 1110 817 1164 cuius
835 1107 851 1162 ὁ
871 1107 987 1178 οὐρανὸς
998 1108 1123 1177 parasit3
1142 1111 1184 1161 at·

67 1220 132 1272 que
147 1203 216 1256 inde
235 1209 360 1272 apparet,
378 1204 561 1280 Plutarchum
578 1223 635 1260 non
654 1206 871 1261 innumerabilia
889 1207 989 1260 unius
1008 1205 1185 1260 cuiusdam

67 1300 200 1354 mundi
218 1317 371 1369 corpora,
391 1320 489 1382 verum
502 1303 719 1358 innumerabiles
733 1304 896 1374 intellegere
908 1303 1058 1357 m'undos·
1077 1302 1185 1356 Deinde

69 1417 143 1453 cum
163 1398 216 1452 hos
234 1387 352 1452 mundos
372 1417 405 1453 ex
424 1399 534 1454 infinito
553 1400 630 1456 dicat
647 1396 882 1471 ιἀποιιειιρίσθιιί,
903 1401 932 1454 id
951 1410 1001 1466 eat,
1021 1405 1184 1455 secretos

69 1514 108 1551 es
118 1513 166 1564 se,
185 1512 238 1549 neo
254 1511 321 1549 vero
332 1495 462 1566 deinceps
477 1497 581 1552 secerni
600 1497 645 1551 vel
664 1501 839 1552 secretum
850 1498 894 1565 iri,
912 1497 973 1566 ipso
986 1495 1106 1566 perlecti
1116 1501 1184 1550 tem-

69 1592 159 1662 poris
178 1609 232 1645 usu
251 1591 399 1662 significat,
418 1609 448 1646 se
459 1593 578 1646 mundos
591 1593 756 1664 intellegere
774 1593 839 1647 iam
852 1594 956 1647 simul
976 1596 1185 1647 constantes.
1239 1579 1243 1590 ¹

68 1690 157 1744 Haec
175 1689 311 1758 temporis
329 1689 448 1759 perfecti
465 1689 634 1760 significatio
653 1691 804 1762 respicitur
814 1691 900 1744 etiam
918 1689 1064 1758 aZellern,
1084 1689 1184 1744 Geseh.

69 1788 95 1857 Ι,
119 1786 185 1854 199,
204 1788 230 1840 3.

183 1881 255 1937 Tum
274 1881 481 1953 Simplicius
499 1882 582 1953 Phys.
600 1885 662 1953 257,
673 1887 698 1946 6,
717 1901 745 1954 p.
763 1903 800 1939 m.
821 1885 863 1955 (in
876 1885 994 1940 Aristot.
1013 1883 1096 1953 Phys.
1108 1883 1184 1953 VIII,

74 1985 98 2035 l.
112 1979 192 2036 250b
207 1983 253 2034 18:
281 1975 357 2050 ,ὅσοι
377 1980 433 2052 μέν
451 1977 579 2049 ἀπείρους
597 1997 625 2034 τε
644 1976 766 2052 κόσμους
784 1981 856 2036 είνυί
871 1997 943 2054 φασι
961 1976 1102 2040 καὶτοὺς
1119 1981 1186 2052 μὲν

72 2085 210 2150 γίνεσθαι
230 2073 306 2138 τοὺς
318 2078 353 2131 δὲ
366 2083 535 2149 φθείρεσθαι
554 2079 622 2132 τῶν
640 2073 786 2148 κόσμων,
806 2074 852 2132 ἀεί
859 2094 948 2150 φασιν
967 2077 1035 2132 εἶναι
1047 2077 1184 2148 κίνησιν“)’

74 2177 152 2230 haec
170 2175 269 2228 habet:
299 2177 343 2242 „ol
365 2173 420 2243 μέν
441 2170 495 2244 γὰρ
517 2169 683 2245 ἀπείρους
705 2175 749 2244 τῷ
773 2168 900 2240 πλήθει
926 2171 1001 2232 τοὺς
1029 2167 1186 2245 κόσμους

73 2271 263 2343 ὑποθέμενοι,
288 2267 323 2329 ὠς
344 2273 370 2322 ot
395 2273 459 2339 περὶ
476 2266 752 2341 Ἀναξίμανδρον
775 2273 820 2322 καὶ
841 2263 1007 2323 Λεύκιππον
1026 2273 1072 2321 καὶ
1090 2264 1185 2340 Δημό·

74 2385 191 2440 κρινον,
207 2371 253 2420 καὶ
272 2362 386 2437 ὕστερον
408 2370 435 2420 οἱ
457 2371 522 2437 περὶ
540 2364 709 2437 Ἐπίκουρον,
728 2371 892 2437 γινομένους
918 2361 1014 2426 αὐτοὺς
1042 2369 1087 2419 καὶ
1106 2372 1186 2436 φθει-

75 2469 216 2538 ρομένους
240 2462 376 2518 ὑπέθεντο
403 2465 448 2518 ἐπ’
475 2458 598 2534 ἀπείρου,
618 2459 729 2518 ἀλλων
746 2465 814 2532 μὲν
831 2460 874 2517 ἀεὶ
892 2467 1057 2534 γινομένων,
1075 2458 1186 2518 ἀλλων

76 2563 95 2614 d
103 2563 117 2616 ὲ
135 2565 344 2633 φθειρομένων,
363 2565 409 2614 καί
427 2557 599 2628 τὴνκίνησιν
616 2557 707 2615 ἀίδιον
727 2562 824 2631 ἔλεγον
832 2562 847 2616 ’.
885 2559 945 2629 Quo
964 2561 1026 2615 loeo
1046 2557 1186 2630 ’ἀπείρους

76 2653 216 2730 κόσμους
238 2658 365 2729 intellegi
383 2659 526 2713 mundos
540 2659 641 2712 simul
654 2661 873 2726 constantes,
892 2658 957 2712 inde
969 2662 1096 2727 apparet,
1110 2658 1186 2727 quod

77 2773 199 2810 numero
219 2754 325 2824 plurali
344 2754 448 2809 dicitur
472 2748 596 2810 ‘citima
617 2753 681 2826 μὲν
699 2758 856 2825 γινομένων
881 2749 992 2808 ἀλλων
1016 2753 1052 2807 δὲ
1071 2760 1185 2826 φθειρο-

77 2847 204 2923 μένων’;
229 2869 294 2906 nam
313 2852 337 2905 si
358 2870 444 2905 unum
463 2856 574 2906 tantum
592 2869 703 2920 quoque
722 2849 848 2921 tempore
874 2851 1009 2905 mundum
1027 2869 1087 2906 esse
1104 2855 1186 2920 puta·

77 2949 176 3009 visset,
195 2947 344 3003 dicendum
364 2948 388 3002 ei
409 2947 508 3002 inisset
526 2942 622 3001 ‘iiiior
641 2949 749 3019 μὲν-
769 2943 851 3002 ἀλλον
870 2944 928 3002 δέ’.
965 2948 1071 3002 Eadem
1091 2951 1185 3002 autem

77 3046 193 3100 ratione
218 3045 302 3097 simul
326 3048 413 3114 patet,
438 3045 620 3117 Aristotelem
647 3046 733 3101 etiam
757 3063 790 3100 eo
813 3046 884 3109 loeo,
911 3045 959 3114 qui
983 3045 1028 3099 his
1048 3043 1187 3114 Simplicii

78 3141 176 3195 verbis
196 3140 361 3209 explicatur,
380 3141 474 3210 plures
493 3142 611 3196 mundos
624 3142 795 3196 intellexisse
814 3142 897 3196 simul
908 3146 1081 3209 constantem
1100 3145 1186 3212 atque

78 3255 144 3291 eum
165 3237 216 3290 illo
235 3237 295 3291 loco
316 3237 351 3291 de
369 3237 581 3292 Anaximandro
604 3256 715 3308 quoqne
738 3239 914 3309 cogitavisse,
938 3237 1076 3316 Simplicii
1096 3238 1184 3308 expli·

79 3335 194 3389 catione
212 3333 361 3403 probabile
378 3333 420 3388 fit.

186 3429 348 3498 Sequuntur
367 3430 422 3484 duo
441 3430 490 3484 alii
509 3429 681 3500 Simplicii
701 3431 763 3497 loci,
782 3431 830 3500 qni
842 3431 975 3501 leguntur
996 3431 1024 3484 in
1038 3435 1185 3486 comment.
1272 3441 1275 3448 ·

80 3527 251 3581 inAristot.
278 3525 351 3580 Geel.
371 3525 427 3580 91b
441 3529 477 3582 30
499 3532 528 3581 et
546 3528 620 3580 2731>
634 3528 669 3581 38
693 3527 816 3582 Carsten.
853 3527 953 3582 Priore
977 3528 1039 3582 loco
1062 3527 1117 3581 ait:
1142 3529 1187 3595 „ot

80 3624 137 3693 μὲν
156 3621 205 3676 ἕνα
230 3615 341 3694 κόσμον
359 3660 366 3675 .
387 3663 393 3676 .
412 3665 418 3677 .
437 3624 540 3692 ἔλεγον,
566 3619 638 3676 ὅσοι
665 3621 710 3694 μὴ
733 3622 899 3693 ἐδέχοντο
926 3621 963 3676 τὸ
988 3616 1131 3692 ἀπειρον
1149 3624 1187 3679 έν

81 3718 167 3794 ἀρχῇ
186 3759 193 3774 .
214 3761 220 3772 .
241 3760 246 3772 .
267 3722 294 3776 ol
311 3719 343 3773 δὲ
368 3723 414 3772 καὶ
432 3713 555 3786 πλήθει
578 3716 739 3789 ἀπείρους
764 3714 925 3791 κόσμους,
950 3715 1186 3789 ώςᾌναξίμαν-

83 3817 163 3886 δρος
180 3815 237 3886 μέν
254 3809 399 3885 ἄπειρον
420 3817 462 3886 τῷ
484 3820 626 3886 μεγέθει
650 3815 699 3881 τὴν
720 3813 809 3888 ἀρχὴν
831 3819 950 3886 θέμενος
973 3813 1133 3884 ἀπείρους
1152 3817 1187 3878 ἐξ

82 3909 191 3966 αὐτοῦ
209 3914 253 3982 τῷ
269 3907 388 3978 πλήθει
408 3907 532 3984 κόσμους
550 3919 640 3966 ποιεῖν
657 3913 780 3966 δοκεῖ.“
818 3913 916 3968 Altero
934 3913 995 3967 loeo
1014 3913 1066 3967 ait:
1088 3914 1186 3984 ,Ἀνα-

81 4009 230 4081 ξίμανδρος
250 4049 256 4062 .
275 4049 281 4062 .
302 4049 308 4063 .
335 4004 451 4078 ἀπειρον
474 4010 580 4080 πρῶτος
603 4007 731 4078 ὑπέθετο,
754 4013 799 4063 ίύυ
825 4010 874 4082 έχρ
898 4011 1022 4080 χρῆσθαι
1047 4007 1116 4080 πρὸς
1138 4007 1186 4069 τάς

82 4109 205 4176 γενέσεις
222 4101 364 4177 ἀφθόνως.
386 4110 432 4158 καὶ
454 4101 603 4176 κόσμους
626 4102 791 4175 ἀπείρους
814 4090 900 4173 οὗτος,
923 4109 969 4160 καὶ
993 4105 1110 4160 ἕκαστον
1132 4108 1187 4160 τῶν

84 4198 199 4274 κόσμων
218 4203 247 4263 ii
263 4199 405 4272 ἀπείρου
422 4203 478 4256 τοῦ
494 4197 648 4256 τοιούτου
667 4208 849 4275 στοιχείου
863 4200 993 4272 ὑπέθετο,
1011 4200 1047 4262 ὥς
1060 4203 1187 4258 δοκεῑ.“

84 4299 115 4354 In
133 4300 212 4354 hisce
230 4299 340 4354 duobus
358 4301 435 4363 locis,
455 4299 618 4370 ceteroquin
636 4301 703 4354 satis
722 4299 837 4370 apertis,
856 4300 961 4354 mirum
981 4299 1071 4354 rideri
1084 4303 1186 4370 potest,
