2850 4904
743 345 796 397 1⁷4

225 539 285 585 nee
306 541 324 585 e
347 521 443 586 rebus
465 519 531 585 ullo
553 519 660 598 modo,
693 527 799 586 utrum
832 522 968 587 voluerit
1004 521 1161 604 intellegi,
1194 519 1314 586 divinari

224 635 340 713 potest,
360 629 546 694 necessario
569 629 638 695 iere
661 628 866 695 statuendum
886 635 945 711 est,
973 649 1047 695 eum
1071 649 1132 696 nee
1153 650 1244 696 uuam
1263 648 1314 694 neo

225 739 360 803 alteram
383 737 528 820 intellegi
551 739 703 820 voluisse,
725 739 888 820 quoniam,
904 739 932 804 si
954 739 1119 822 voluisset,
1141 740 1210 804 siue
1231 738 1314 803 dubio

225 845 335 929 aliquo
356 853 443 912 certe
464 846 571 928 modo,
593 853 699 912 utram
711 849 818 924 vellet,
843 847 1083 931 significaturus
1099 849 1221 923 fuisset,
1237 865 1314 931 prae·

225 957 335 1022 sertim
362 977 434 1022 oum
459 958 664 1041 inpromptu
685 963 773 1022 esset
794 959 863 1023 sine
886 953 953 1022 ulle
976 957 1131 1023 orationis
1154 957 1314 1022 mutatione
1395 989 1396 1036 1

226 1071 282 1131 aut
313 1065 360 1132 ita
392 1065 517 1132 dicere:
547 1060 595 1130 ‘oi
618 1064 656 1130 de*
678 1061 715 1130 ἓν
735 1066 795 1148 μὲν
816 1060 1015 1153 ποιήσαντες
1034 1063 1073 1132 τὸ
1095 1055 1144 1150 dv,
1171 1061 1215 1153 μὴ
1234 1067 1316 1146 σῶμα

225 1173 275 1252 δέ,
301 1173 372 1239 ἀλλ’
399 1168 576 1256 ἀσώματόν
601 1197 631 1240 τι
661 1174 727 1255 (vel
749 1177 878 1242 brevius
906 1179 1016 1243 etiam:
1041 1170 1089 1241 ‘oi
1118 1175 1155 1240 δὲ
1176 1170 1212 1240 ἓν
1232 1168 1315 1258 ποιή-

225 1307 341 1362 σαντες
361 1278 538 1366 ἀσώματόν
558 1307 589 1349 τι
597 1275 620 1366 ’)
653 1283 689 1348 ἐκ
713 1287 773 1349 τοῦ
793 1279 867 1362 ἑνός
887 1277 980 1370 κτλ.’,
1013 1293 1069 1353 eut
1090 1289 1150 1352 ita:
1170 1279 1217 1350 ‘ol
1238 1284 1270 1348 δὲ
1287 1278 1316 1347 ἓν

226 1388 423 1480 ποιήσαντες
456 1390 495 1456 τι)
530 1387 569 1457 ὃν
599 1395 695 1476 σῶμα
716 1397 786 1474 μὲν,
818 1389 863 1480 μὴ
885 1395 953 1458 τῶν
974 1395 1076 1478 τριῶν
1097 1394 1134 1460 δέ
1154 1417 1187 1459 τι
1207 1387 1227 1480 ἢ
1249 1383 1315 1457 illo

227 1506 292 1586 (vel
321 1504 463 1570 brevius:
489 1496 539 1567 ‘oi
559 1502 596 1568 δὲ
617 1496 819 1586 ποιήσαντες
839 1498 885 1591 μὴ
906 1505 975 1568 τῶν
996 1507 1097 1588 τριῶν
1118 1527 1150 1569 τι
1171 1497 1192 1592 ἢ
1211 1491 1316 1578 ἄλλο’),
1396 1551 1397 1604 p

224 1604 293 1676 em*
327 1606 442 1695 ἕτερόν
475 1636 507 1678 τι
541 1612 639 1694 σῶμα
664 1609 757 1694 παρὰ
778 1605 905 1678 ταῦτα’.
951 1615 986 1680 Si
1008 1618 1080 1699 quis
1103 1616 1204 1681 nihilo
1225 1615 1316 1679 miuus

226 1723 295 1788 fieri
317 1743 413 1808 posse
434 1729 541 1806 putet,
577 1729 613 1787 ut
633 1724 824 1789 Aristoteles
847 1725 1090 1790 ulteramutram
1114 1723 1251 1806 intellegi
1273 1741 1316 1786 vo-

226 1834 333 1916 luerit,
371 1831 635 1916 respondendum
657 1840 717 1913 est,
754 1833 838 1898 hano
860 1854 928 1900 rem
950 1853 1008 1914 per
1029 1854 1065 1900 se
1083 1853 1148 1900 nou
1169 1853 1239 1900 esse
1260 1831 1318 1915 qui-

227 1942 301 2008 dem
330 1943 438 2027 iniis,
469 1963 553 2026 quae
585 1945 715 2009 omuino
750 1965 815 2008 nou
848 1946 974 2031 possint
1005 1945 1086 2027 fieri,
1116 1943 1317 2010 sedeamus

227 2053 388 2118 levissimo
421 2051 552 2136 quidem
582 2059 774 2137 argumento
799 2055 930 2137 probari
952 2075 1058 2138 posse,
1083 2073 1189 2138 neque
1209 2053 1318 2119 direoto

228 2181 269 2226 ex
291 2162 357 2227 ullo
380 2162 476 2228 huius
498 2163 600 2245 ipsius
624 2163 686 2228 loei
707 2169 878 2245 momento,
900 2183 1006 2246 neque
1029 2163 1115 2242 iude,
1140 2161 1225 2246 quod
1239 2162 1317 2225 loeus
1397 2173 1398 2226 1

228 2272 321 2336 aliter
342 2291 405 2336 non
427 2273 529 2355 possit
551 2272 722 2354 explicari,
754 2270 916 2353 siquidem
949 2292 1023 2337 eum
1045 2273 1111 2337 elia
1133 2273 1251 2338 ratione
1272 2285 1317 2332 ex·

228 2380 342 2463 plioeri
376 2399 473 2464 posse
505 2380 571 2445 iam
605 2379 813 2446 ostendimus.
857 2381 1033 2448 Praeterea
1064 2374 1318 2446 antemuralis

228 2490 410 2555 Aristotelis
432 2490 522 2572 loeis,
556 2509 636 2572 quos
657 2497 755 2555 antee
776 2491 839 2556 iem
863 2489 1115 2573 significavimus
1137 2489 1195 2555 sed
1216 2489 1247 2553 iu
1268 2486 1318 2550 hae

229 2598 446 2684 disputatione
468 2599 770 2682 praetermittendos
804 2619 878 2666 esse
911 2602 1105 2678 censuimus,
1134 2599 1318 2666 demonstre-

230 2709 323 2788 bitur,
354 2710 395 2774 ab
419 2709 590 2774 Aristotele
612 2710 785 2775 elteromm
810 2709 1031 2794 physicorum,
1063 2708 1097 2775 id
1132 2715 1182 2775 est
1213 2704 1319 2772 Auari-

229 2818 365 2903 maudri,
388 2819 581 2903 principium
600 2839 716 2902 eorpus
732 2819 896 2900 quoddam
913 2818 1037 2902 hooque
1055 2839 1172 2904 eorpus
1187 2824 1320 2883 naturam

229 2927 393 3012 quandem
414 2931 498 2994 iuter
519 2928 583 2995 duo
605 2930 764 2995 elementa
785 2928 923 2995 mediam
946 2948 1018 2994 esse
1036 2931 1162 3012 putari3
1182 2945 1260 3011 quae
1274 2923 1319 2988 de-

230 3040 417 3105 monstratio
441 3041 632 3104 senteutiam
657 3038 698 3104 de
722 3038 783 3104 hoo
804 3038 875 3104 loeo
899 3038 1099 3122 propositam
1122 3036 1266 3115 firmabit,
1291 3037 1319 3096 ut

229 3152 302 3234 ipsa
324 3168 363 3214 ea
385 3147 573 3214 firmabitur.

327 3258 388 3323 His
421 3258 578 3341 expositis
610 3259 674 3322 iam
706 3257 845 3323 breviter
876 3259 925 3322 sio
956 3259 1032 3322 lieet
1064 3255 1267 3323 concludere:
1296 3250 1319 3312 si

229 3367 428 3450 Aristoteles,
451 3387 524 3432 eum
546 3367 665 3432 alteros
688 3365 849 3450 physicos,
872 3386 937 3449 eos,
960 3366 1016 3449 qui
1037 3365 1196 3432 vocabulo
1215 3355 1261 3426 ‘oi
1275 3347 1318 3422 δὲ’

230 3477 470 3560 intelleguntur,
503 3476 667 3561 prioribus
705 3483 891 3560 opponeret,
932 3475 965 3540 iu
1001 3475 1091 3540 hisee
1125 3474 1235 3540 ulteris
1264 3489 1318 3534 uon

229 3587 371 3669 aliquam
394 3606 412 3651 e
435 3585 535 3652 tribus
557 3586 621 3650 illis
644 3584 834 3650 differentiis
857 3585 1003 3668 intellegi
1027 3584 1138 3660 voluit,
1177 3582 1318 3664 sequitur,

229 3703 264 3763 ut
287 3716 345 3762 neo
366 3695 476 3762 verbis
495 3689 547 3758 ‘liv
569 3688 766 3781 ποιήσαντες
786 3687 826 3756 τὸ
851 3685 890 3756 ὃν
911 3683 995 3756 root.¹
1028 3692 1071 3759 od
1102 3685 1152 3756 ‘oi
1175 3689 1247 3773 μέν’
1269 3688 1320 3755 ud-

229 3806 344 3892 positis
356 3805 538 3889 siguificare
549 3804 689 3870 voluerit
705 3802 867 3886 quondam
886 3800 1113 3885 differentiam,
1129 3821 1194 3884 que
1209 3801 1324 3884 priores

230 3917 270 3983 ab
294 3917 404 3983 alteris
427 3914 587 3981 different.
631 3912 754 3992 Quodsi
786 3919 893 3978 eutem
926 3912 982 3978 illo
1014 3912 1114 3977 verba
1146 3931 1211 3976 uon
1233 3909 1325 3991 sigui-

229 4025 326 4092 fioant
341 4026 482 4111 priorum
498 4024 705 4109 physicorum
721 4021 762 4088 ab
776 4023 886 4088 alteris
903 4019 1200 4099 differentiam,
1224 4037 1325 4084 neees-

231 4137 319 4201 sario
342 4141 546 4218 utrorumque
581 4153 702 4217 genus
732 4132 802 4198 sive
824 4132 1018 4196 rationem
1041 4129 1223 4196 omuibus
1245 4127 1325 4212 phy-

229 4247 327 4311 siois
350 4265 594 4311 communem
616 4243 811 4326 significant.
855 4240 962 4320 Quare
983 4242 1083 4323 loeus,
1119 4240 1148 4305 si
1170 4239 1262 4304 simul
1281 4245 1322 4301 to·
