2864 4910
629 389 682 442 403

92 553 143 619 de
166 576 211 633 re,
235 576 319 638 quae
341 566 498 643 perpetuo
519 559 588 642 fias
611 560 646 626 id
660 561 748 644 qnod
766 564 862 628 etiam
885 563 1020 628 eforma
1035 565 1206 631 verborum

91 667 202 726 ποεῖν
225 671 257 730 et
279 664 481 747 παρέχεσθαι
506 676 651 753 apparet.
695 671 856 756 Perpetuo
879 672 964 737 enim
987 672 1066 738 solis
1091 674 1207 739 affeetu

92 793 116 837 e
143 774 225 839 mari
247 796 385 858 vapores
409 786 588 861 exsurgunt
609 785 788 862 ventosque
811 779 962 846 eftioiunt.

203 883 261 949 His
283 885 383 968 igitur
407 885 530 952 duobus
553 886 634 952 loois
657 887 897 954 Anaximander
923 890 1206 973 reformidarem,

94 999 220 1058 ventos
244 1013 261 1058 e
286 999 402 1059 natura
423 992 556 1060 humida
578 1002 665 1062 ortos
681 997 759 1062 solis
783 1004 814 1062 et
837 998 930 1064 lunae
950 996 1114 1079 ‘sponde'
1139 1001 1207 1066 effi·

93 1121 184 1166 nere.
229 1102 295 1166 Iam
318 1124 395 1169 vero
424 1103 546 1185 τροπαὶ
575 1126 640 1171 non
668 1107 852 1190 significant
880 1110 1045 1176 stellarum
1074 1131 1205 1177 eonver-

93 1211 210 1284 siones
234 1213 266 1276 in
289 1214 482 1296 universum,
511 1214 569 1279 sed
597 1221 671 1280 sunt
693 1217 885 1283 vocabulum
907 1221 1071 1303 proprium
1094 1240 1204 1285 aarum

94 1321 355 1398 conversionum,
389 1343 473 1405 quae
496 1345 516 1389 a
538 1326 721 1390 solstitio
750 1325 799 1390 ad
819 1327 994 1394 brumam
1015 1350 1036 1396 a
1059 1331 1205 1396 bruma·

94 1448 175 1509 qne
199 1429 245 1494 ad
269 1432 489 1498 solstitium
516 1433 606 1514 fiunt,
638 1455 787 1517 quaeque
816 1436 918 1501 solis
954 1443 991 1501 et
1013 1438 1140 1521 lunae,
1164 1446 1204 1516 et,

95 1543 134 1600 ut
159 1543 274 1619 postea
295 1541 456 1621 cognitum
479 1546 538 1622 est,
563 1542 702 1606 omnium
724 1543 925 1624 planetarum
949 1543 1100 1628 propriae
1122 1554 1204 1611 sunt.

95 1645 208 1722 Quare
231 1645 319 1729 apud
342 1648 535 1714 Plaoitorum
563 1651 661 1715 etiam
687 1651 863 1733 scriptores
885 1651 957 1718 duo
988 1660 1062 1719 suut
1084 1656 1203 1738 eapite,
1254 1700 1262 1716 .

95 1775 235 1836 quorum
258 1758 368 1836 altero¹
383 1751 392 1775 ‘'
406 1757 485 1838 ντερὶ
506 1748 653 1838 ἀστέρων
675 1761 782 1842 φορᾶς
797 1760 852 1825 καὶ
870 1753 1081 1846 κινήσεωςἸ)
1104 1766 1204 1830 altero

92 1856 326 1951 ‘melitina
349 1859 687 1950 aponnv'agitu12).
733 1871 838 1951 Atque
866 1869 926 1936 has
956 1873 1044 1954 ipsas
1073 1893 1203 1938 eonver-

98 1978 211 2042 siones
227 1976 268 2041 ab
278 1977 453 2042 Aristotele
470 1978 625 2060 intellegi,
642 1978 718 2043 iude
733 1980 830 2043 etiarn
846 1986 943 2062 patet,
958 1980 1044 2062 quod
1056 2002 1120 2046 non
1130 1982 1204 2046 sim-

96 2087 226 2166 pliciter
245 2079 484 2167 (τᾶςτροτιάξ,
508 2086 575 2170 sed,
598 2081 917 2174 τάςτροττάςὴλίοο
940 2088 1004 2152 καὶ
1027 2083 1205 2175 σελήνης’
1239 2073 1244 2080 ’

97 2195 220 2260 dioit³t
254 2196 339 2279 Ergo
362 2216 402 2261 ex
423 2195 473 2261 his
485 2196 670 2261 Aristotelis
691 2197 771 2262 loois
784 2196 847 2262 duo
861 2203 1029 2284 apparent,
1052 2199 1201 2282 primum,

95 2305 374 2372 Anaximandrum
398 2305 460 2370 soli
486 2312 517 2370 et
537 2307 655 2371 lunae
676 2308 972 2372 conversionem
995 2327 1061 2390 per
1083 2309 1204 2372 eiron-

94 2416 176 2479 lnm
193 2415 421 2497 eoliptioum
443 2414 593 2491 tribuere,
618 2413 747 2495 deinde,
772 2434 843 2480 eum
860 2414 944 2480 hano
960 2415 1203 2481 conversionem

96 2521 185 2586 effici
209 2528 321 2605 putare
353 2523 482 2586 ventis
516 2523 612 2588 solis
636 2521 782 2588 effectu
817 2542 835 2588 e
869 2533 1007 2588 natura
1038 2523 1204 2588 humida

97 2633 233 2696 ortis.

200 2740 264 2805 Sed
285 2759 337 2805 res
360 2741 490 2804 omnino
506 2739 671 2822 perlinitur
692 2741 742 2822 iis,
766 2741 1048 2822 quae'Alexander
1070 2740 1112 2806 ad
1128 2741 1202 2806 illos

97 2850 286 2915 Aristotelis
309 2851 398 2914 locos
421 2849 634 2933 explicandos
658 2845 916 2932 eTheophrasto
940 2845 1086 2931 adfert⁴).
1111 2850 1202 2928 Quae

96 2965 258 3042 quatenus
284 2958 326 3023 ad
346 2965 488 3024 nostram
508 2961 727 3040 quaestionem
740 2959 911 3043 pertinent,
934 2957 1015 3024 haee
1038 2967 1123 3023 sunt:
1150 2951 1200 3038 „oi

94 3063 238 3150 μὲνγὰρ
266 3059 374 3131 αὐτῶν
402 3067 730 3152 (τῶνφτσισλόγων)
754 3118 761 3132 .
785 3119 791 3130 .
816 3065 992 3148 λέγουσιν,
1019 3117 1025 3130 .
1052 3067 1203 3149 γίνεσθαι

95 3173 137 3240 τοὶ
160 3170 334 3256 πνεύματα
357 3174 393 3255 ἐξ
413 3169 514 3258 αὐτῆς
536 3177 608 3259 (τῆς
630 3174 815 3260 ὑγρότητος)
838 3175 893 3238 καὶ
914 3171 1066 3255 sponde
1087 3174 1202 3264 ἡλίου

95 3283 160 3349 καὶ
182 3284 354 3371 σελήνης,
380 3278 424 3362 uie
446 3280 500 3348 (1ιά
524 3280 582 3360 τὰς
600 3276 736 3366 ἀτμίδος
758 3285 876 3360 ταύτας
896 3283 950 3348 καὶ
965 3284 1203 3364 ἀναθυμιάσεις

94 3386 255 3457 κάκείνων
285 3389 347 3470 τὰς
379 3395 506 3474 τροπὰς
539 3392 755 3475 ποιουμένων,
793 3389 878 3491 ἔνθα
912 3388 1093 3480 ἡτοιύτης
1124 3394 1204 3480 (τῆς

202 3692 227 3757 1)
247 3688 322 3743 Plut.
341 3689 417 3742 Plao.
436 3689 472 3750 Il,
494 3691 539 3758 163
559 3690 654 3743 Galen.
674 3691 759 3756 ο.13;
780 3687 882 3742 Euseb.
893 3687 952 3749 XV,
968 3691 1002 3757 347
1009 3707 1015 3756 ;
1035 3687 1111 3741 Stob.
1123 3687 1144 3748 Ι,
1157 3691 1200 3741 94.

204 3787 233 3851 2)
251 3785 326 3839 Plnt.
344 3787 420 3840 Plao¹
442 3787 478 3854 ΙΙ,
498 3787 546 3853 233
567 3787 663 3840 Galen.
686 3789 732 3855 ¹43
751 3785 827 3840 Stob.
846 3786 867 3852 1,
887 3787 930 3838 25.

199 3883 228 3950 3)
249 3881 393 3948 Quomodo
414 3882 546 3949 ldelerns‚
566 3883 683 3936 Aristot.
704 3883 817 3936 Meleor.
837 3882 858 3948 Ι,
878 3897 904 3948 p.
917 3881 977 3946 497,
996 3879 1049 3932 hoo
1068 3880 1128 3933 loco
1141 3899 1200 3948 rpo-

97 3977 153 4038 πὰς
171 3979 324 4048 intellegat,
345 3997 378 4032 ex
399 3980 457 4032 eius
467 3979 561 4032 verbis
580 3997 636 4032 non
647 3983 739 4048 patet3
758 3979 827 4032 dioit
846 3978 920 4030 enim
939 3976 1106 4044 simpliciter
1124 3978 1201 4030 ‘eon-

96 4075 259 4128 versiones’.

198 4172 226 4239 4)
247 4172 324 4224 Alex.
345 4172 375 4224 in
393 4174 513 4226 Aristot.
533 4173 645 4227 Meteon.
665 4177 747 4241 pel,
766 4191 791 4241 a,
810 4191 836 4242 p.
857 4173 923 4239 inf.;
946 4172 1089 4234 Wimmer‚
1110 4169 1201 4222 Theo·

97 4267 160 4336 phr.
181 4266 264 4336 frgm.
285 4270 335 4336 39;
358 4269 472 4335 Usener,
493 4271 573 4322 Anal.
593 4269 733 4337 Theophr.
753 4287 780 4338 p.
801 4271 843 4320 42.
