2864 4904
790 329 826 392 80

257 507 365 578 ficatio
387 509 537 592 demitur,
556 529 630 576 oum
652 510 849 588 Aristoteles,
872 509 913 574 de
931 527 1083 574 sensuum
1097 504 1340 592 perceptionibus

258 640 369 704 agens
397 621 501 704 ipsum
523 639 651 686 sensum
673 618 838 686 contendit
859 638 925 685 non
946 620 979 684 in
1001 617 1156 702 patiendo
1177 618 1290 696 solum,
1315 611 1341 676 id

258 737 318 814 est,
341 730 374 796 in
396 728 535 812 quadam
568 731 816 795 commutatione
839 730 933 813 pulsu
964 733 1097 794 externo
1120 725 1236 792 effecta
1256 724 1342 790 oonsi-

259 846 353 916 itere
377 837 435 906 sed
461 832 573 921 ’παρὰ
594 833 633 904 τὸ
656 831 813 918 πάσχειν’
844 858 916 904 esse
938 837 1061 920 aliquid
1084 838 1188 922 ipsum
1221 827 1260 898 td
1285 827 1343 896 oio-

260 943 427 1016 θάνεσθαι
440 948 473 1031 ¹),
500 954 671 1032 propterea
693 947 825 1030 scilicet,
847 946 933 1029 quod
955 947 1028 1031 ipsa
1049 945 1209 1012 sentiendi
1233 946 1293 1008 vis·
1307 941 1344 1006 ia·

260 1060 378 1126 cuultate
399 1055 554 1143 patiendi,
578 1076 661 1140 quae
683 1057 826 1140 corporis
842 1055 974 1140 propria
997 1054 1049 1134 sit,
1070 1076 1135 1121 non
1149 1053 1344 1126 contineatur,

260 1167 319 1234 sed
339 1166 382 1233 ad
401 1187 472 1232 eam
493 1186 513 1230 a
536 1165 697 1248 principio
720 1166 849 1230 omnino
867 1163 1007 1244 diverso,
1030 1165 1072 1230 ab
1087 1166 1192 1230 anima
1206 1159 1344 1230 accedat

260 1281 292 1342 ct
307 1296 379 1342 oum
391 1275 525 1359 quaerit,
548 1281 652 1340 utrum
668 1295 716 1358 ea,
740 1295 822 1358 quae
847 1276 953 1340 animo
966 1276 1061 1340 insita
1077 1273 1130 1356 sit,
1145 1276 1191 1340 vis
1205 1268 1343 1338 movendi

260 1386 433 1472 peculiaris
464 1383 624 1467 quaedam
655 1385 754 1450 animi
777 1385 914 1450 facultas
937 1383 980 1449 sit
1009 1377 1120 1464 ‘rcapti
1147 1377 1187 1446 roi
1209 1371 1345 1446 εἰωθότα

260 1493 415 1578 λέγεσθαι
436 1492 489 1558 καὶ
511 1488 552 1557 τὰ
572 1489 724 1577 εἰρημένα
733 1481 752 1576 ³,
783 1492 816 1558 id
838 1500 888 1559 est
914 1487 1026 1575 ‘mopsi
1047 1488 1107 1578 τὴν
1127 1486 1281 1574 αἴσθησιν
1300 1483 1343 1549 καὶ

265 1683 463 1692 ——a——n—

261 1805 387 1880 θάτερον,
415 1803 509 1876 ὥσπερ
531 1801 797 1877 λευκὸςιᾶνθρωπος
825 1805 912 1878 παρὰ
940 1805 1059 1861 λευκὸν
1082 1811 1139 1860 καὶ
1165 1801 1344 1876 ἄνθρωπον·

262 1909 371 1976 μετέχει
388 1899 442 1974 γὰρ
460 1898 572 1958 miros·
591 1897 606 1970 ἢ
627 1895 727 1976 ὄτανῇ
748 1909 864 1976 θατέρου
889 1900 1006 1974 θάτερον
1025 1899 1148 1975 διαφορά
1166 1923 1211 1969 τις,
1230 1895 1343 1968 ὥσπερὸ

263 1995 440 2071 ἅνθρωπος
461 1997 553 2069 παρὰ
579 2001 662 2070 ζῷον
684 2003 738 2053 καὶ
760 2002 906 2056 cracow
944 2001 985 2055 De
1015 2018 1069 2070 quo
1088 2003 1160 2070 loco,
1188 2001 1233 2070 qui
1260 2016 1292 2052 ne
1315 1993 1343 2049 ab

263 2096 423 2151 Alexandro
443 2097 555 2165 quidem
575 2103 650 2153 recte
669 2098 853 2169 intellegitur,
877 2117 938 2154 oum
963 2099 999 2153 ad
1021 2102 1148 2152 nostram
1172 2097 1343 2168 quaestionem

264 2211 319 2247 non
338 2194 408 2248 levis
426 2194 472 2262 sit,
491 2194 586 2263 paucis
599 2195 728 2250 indicabo
743 2196 810 2264 quid
829 2196 955 2250 sentiam.
992 2196 1091 2265 Itaque
1110 2196 1193 2250 homo
1206 2195 1279 2250 albus
1298 2207 1343 2244 non

264 2291 369 2346 dicitur
387 2307 445 2346 esse
464 2289 539 2360 παρὰ
562 2288 660 2346 λευκὸν
681 2296 726 2345 καὶ
748 2286 912 2363 ἄνθρωπον,
936 2310 969 2347 ea
994 2293 1112 2361 ratione,
1136 2297 1267 2361 quatenus
1289 2289 1345 2342 haec

264 2388 297 2442 in
317 2388 392 2457 ipso
412 2388 561 2444 coniuncta
579 2392 653 2457 sunt,
681 2389 729 2444 sed
755 2393 891 2458 quatenus
920 2406 1045 2444 seorsum
1072 2405 1124 2458 per
1151 2406 1181 2443 se
1206 2389 1343 2448 sumuntur,

266 2489 402 2554 quatenus
421 2485 509 2556 igitur
529 2485 624 2540 album
645 2503 696 2556 per
719 2503 822 2540 senon
846 2487 1000 2542 necessario
1024 2491 1067 2541 est
1085 2486 1178 2556 homo,
1201 2486 1247 2540 sod
1262 2483 1344 2554 potest

265 2597 323 2635 esse
341 2581 397 2636 alia
420 2582 556 2650 quaedam
575 2600 628 2651 res,
652 2601 693 2636 ex.
713 2601 757 2653 gr.
779 2584 839 2652 nix,
867 2587 895 2637 et
918 2587 1056 2651 quatenus
1078 2583 1162 2637 homo
1185 2600 1235 2652 per
1255 2593 1343 2636 senon

264 2675 418 2734 necessario
438 2679 480 2730 est
497 2675 587 2738 albus,
615 2677 662 2730 sed
681 2681 774 2746 potest
793 2677 849 2732 alio
867 2677 960 2738 colore
983 2679 1034 2732 uti.
1071 2677 1185 2734 Pariter
1206 2679 1281 2732 homo
1298 2689 1344 2727 non

264 2771 368 2826 dicitur
394 2789 452 2826 esse
473 2772 548 2842 παρὰ
567 2773 637 2842 ζῴον
654 2777 700 2826 καὶ
718 2774 818 2828 δίπουν
835 2791 868 2827 ea
886 2773 1003 2842 ratione,
1031 2778 1168 2844 quatenus
1192 2775 1258 2829 haec
1271 2770 1344 2840 ipsius

264 2874 395 2924 naturam
405 2870 579 2924 constituunt
598 2871 645 2924 sed
658 2875 795 2939 quatenus
805 2888 929 2925 seorsum
941 2889 992 2940 per
1010 2877 1210 2935 desumuntur,
1228 2873 1343 2942 quatenus

264 2965 353 3035 igitur
371 2965 476 3022 animal
495 2984 546 3037 per
565 2985 594 3022 se
612 2985 668 3022 non
686 2969 842 3022 necessario
861 2972 903 3022 est
919 2969 998 3039 bipes
1018 2970 1065 3024 sed
1084 2975 1179 3044 potest
1197 2970 1252 3026 alia
1272 2966 1342 3021 etiam

265 3061 425 3117 differentia
442 3065 494 3133 uti,
521 3069 550 3120 et
573 3065 651 3136 bipes
677 3083 733 3120 non
752 3066 908 3120 necessario
933 3070 976 3120 est
1004 3067 1034 3120 in
1053 3066 1179 3132 animali,
1206 3067 1253 3122 sed
1268 3061 1343 3136 Ροῒθθῑ

264 3159 348 3214 otiam
368 3160 397 3213 in
417 3159 473 3214 alia
491 3176 522 3213 re
540 3159 638 3228 inesse,
657 3177 700 3214 ere
718 3178 761 3230 gr.
780 3160 809 3214 in
829 3160 898 3214 sella
916 3163 944 3214 et
963 3177 1065 3214 mensa.
1102 3160 1196 3229 Atque
1216 3162 1255 3215 ita
1271 3155 1343 3212 sotum

264 3257 288 3310 si
306 3257 382 3312 locus
401 3256 587 3326 intellegitur,
606 3256 781 3312 demonstrat
793 3257 831 3326 id,
850 3257 926 3326 quod
938 3256 1105 3312 Aristoteles
1124 3257 1343 3312 demonstraturus

264 3357 315 3421 est,
333 3370 480 3408 numerum
503 3353 647 3407 binarium
664 3371 716 3422 per
741 3369 844 3408 senon
868 3370 927 3407 esse
950 3353 1058 3422 aliquid
1085 3351 1161 3422 παρὰ
1179 3351 1227 3428 τᾲς
1247 3345 1289 3407 dio
1303 3364 1343 3418 pn

265 3445 359 3510 oddar.
395 3449 492 3520 Itaque
510 3451 537 3504 h.
556 3451 576 3504 l.
595 3451 762 3506 Aristoteles
780 3467 837 3505 non
856 3451 934 3518 dicit,
959 3451 1049 3520 ipsam
1069 3452 1210 3520 quandam
1228 3468 1283 3505 rem
1298 3457 1343 3499 este

267 3547 374 3615 aliquid
387 3544 603 3619 accicipitur,
623 3553 758 3616 quatenus
777 3548 846 3604 haec
863 3547 893 3602 in
905 3549 966 3617 ipsa
980 3549 1128 3603 coniuncta
1147 3553 1226 3617 sunt3
1243 3543 1343 3602 abbiate

266 3643 342 3698 enim
360 3643 500 3698 notione
520 3646 610 3700 solum
629 3646 739 3701 divorsa
763 3650 818 3714 est3
846 3646 895 3700 sed
919 3649 1055 3714 quatenns
1079 3645 1149 3702 haec
1160 3662 1286 3700 seorsum
1304 3652 1343 3708 ptr

266 3756 294 3794 se
313 3744 475 3811 sumuntur3
494 3743 656 3811 apartibus
676 3747 770 3796 autem
793 3743 834 3797 ita
852 3742 970 3811 sumptis
994 3742 1079 3797 etiam
1103 3743 1178 3798 loco
1203 3739 1342 3812 separata

266 3841 325 3892 est.
361 3837 437 3909 Ergo
457 3837 484 3892 h.
504 3837 522 3891 1.
541 3830 616 3906 παρά
634 3856 657 3888 u
678 3853 710 3890 ea
728 3834 932 3907 significatione
951 3836 1110 3906 adhibetur,
1134 3853 1218 3906 quam
1240 3834 1342 3906 priorem

266 3934 417 4002 posuimus.
718 3980 721 3986 .

368 4032 394 4095 l)
412 4031 464 4085 An.
486 4029 738 4098 11,12.4241,16:
764 4034 809 4100 „sl
834 4022 883 4086 οὖν
905 4031 964 4084 ἐστὶ
985 4028 1015 4084 τὸ
1043 4025 1192 4102 ὀσμᾶσθαι
1217 4022 1299 4096 παρὰ
1317 4015 1342 4074 τὸ

266 4121 417 4198 πάσχειν
434 4146 474 4192 τι,·
499 4120 515 4194 ἢ
537 4123 569 4180 τὸ
586 4126 643 4198 μὲν
660 4123 808 4197 depictae
825 4130 880 4178 καὶ
898 4122 1136 4189 αἰσθάνεσθαι,
1162 4125 1177 4180 ὁ
1196 4125 1227 4180 di
1243 4121 1289 4193 ἀὴρ
1306 4135 1343 4172 uo

267 4219 329 4279 θὼν
347 4226 453 4293 ταχέως
470 4219 603 4290 αἰσθητὸς
621 4223 751 4294 γίνεται.“
