2864 4904
657 293 819 366 '104

246 483 328 550 nihil
359 482 450 550 aliud
482 483 626 568 intellegi
657 482 722 548 nisi
751 483 841 554 illam
863 484 968 568 ipsam
999 488 1145 548 naturam
1175 481 1330 562 infinitam,

245 611 340 676 quam
362 593 404 660 ab
425 592 665 659 Anaximandro
682 592 820 659 vidimus
841 613 939 658 unum
961 591 1103 658 omnium
1122 613 1223 658 rerum
1250 593 1327 674 priu-

246 701 368 788 eipium
389 703 476 787 poni.
519 701 572 768 Ad
586 723 683 786 quarn
706 723 773 769 rem
794 701 1086 783 demonstranm
1107 723 1179 767 oum
1195 701 1331 766 omnibus

156 859 160 870 1
246 810 313 878 illis
334 812 502 878 voeabulis
525 809 759 879 ostenderimus
773 810 910 878 eandem
930 831 999 878 rem
1013 811 1193 894 significari,
1213 811 1331 896 proprie

248 923 326 990 satis
349 922 399 1004 rit,
432 923 459 987 ri
485 921 526 989 de
548 941 611 988 uno
637 922 746 1004 aliquo
768 941 878 988 eorum
899 920 1148 1003 demonstretur3
1174 919 1228 986 sed
1249 937 1332 1002 prae-

247 1037 452 1114 statumen,
475 1030 610 1098 eandem
631 1051 698 1098 rem
727 1031 913 1114 singillatim
938 1029 980 1097 de
1008 1030 1157 1098 omuibus
1179 1025 1332 1096 venabulis

248 1142 428 1226 ostendere,
457 1143 608 1226 nequis,
639 1140 964 1225 rideunoaliquo
996 1161 1062 1207 non
1095 1139 1334 1208 demonstratum

248 1254 301 1335 sit,
332 1273 441 1320 rursus
464 1252 660 1331 subdubitet,
690 1272 768 1319 num
790 1271 867 1319 vere
888 1251 1067 1318 dixerimus
1092 1251 1159 1317 illis
1180 1248 1334 1316 vocabulis

249 1362 386 1430 eandem
416 1383 483 1429 rem
512 1363 696 1447 significari.
739 1363 899 1429 Probatur
920 1367 1028 1428 autem
1058 1381 1110 1427 res
1140 1367 1174 1427 et
1203 1380 1242 1426 ex
1272 1359 1336 1442 ipso

249 1471 419 1540 Aristotele
442 1477 474 1539 et
495 1491 536 1539 ex
557 1471 628 1539 eius
649 1471 889 1557 interpretibus,
912 1490 1045 1553 quorum
1066 1468 1248 1537 testimonia
1269 1486 1336 1533 oon-

249 1581 378 1648 firmant
399 1581 442 1662 id,
466 1581 587 1666 quode
609 1583 688 1648 solis
704 1581 888 1648 Aristotelis
909 1581 991 1646 loeis
1006 1585 1156 1646 aeeurate
1179 1575 1335 1663 explieatis

249 1691 463 1775 oognoroitur.
508 1690 644 1757 Videtur
664 1698 771 1758 autem
792 1691 836 1757 ad
852 1691 1120 1776 perspicuitatem
1141 1690 1249 1755 utilius
1264 1705 1336 1766 esse,

250 1801 387 1886 primurn
410 1801 620 1885 interpretum
646 1800 824 1867 sententias
850 1819 1032 1885 proponere
1057 1819 1096 1865 ao
1123 1804 1192 1864 tum
1222 1797 1335 1863 demun

250 1909 357 1993 ipsum
380 1910 585 1978 Aristotelem
607 1912 783 1977 eonsulere.
825 1909 876 1975 Ab
899 1911 966 1975 illis
988 1909 1088 1992 igitur
1114 1909 1275 1974 ordiemur
1293 1909 1336 1969 at·

251 2039 313 2102 que
336 2018 383 2086 ita
404 2018 445 2086 de
466 2020 508 2086 iis
526 2039 669 2105 memus,
697 2027 732 2086 ut
756 2020 860 2105 primo
889 2021 998 2087 omnia
1028 2039 1140 2086 eorum
1168 2015 1337 2086 testimonia

250 2127 444 2212 adferemus,
466 2135 534 2195 tum
556 2129 597 2197 de
619 2150 729 2197 eorum
751 2132 943 2197 auctoritate
965 2149 1169 2214 quaeramus.

356 2239 384 2304 7.
407 2238 541 2306 Veteres
557 2238 657 2324 igitur
673 2239 859 2307 Aristotelis
881 2240 1083 2324 interpretes,
1109 2240 1253 2325 exeeptis
1270 2235 1337 2302 solis

252 2348 389 2416 Nieolao
410 2349 613 2416 Damaseeno
635 2355 668 2416 et
682 2349 874 2434 Porphyrio,
896 2349 937 2415 de
960 2369 1096 2432 quorum
1117 2349 1276 2416 sententia
1294 2364 1336 2410 se-

253 2477 359 2525 orsum
381 2457 612 2542 disputandum
636 2457 705 2538 erit,
728 2461 879 2526 unanimo
910 2477 1069 2525 eonsensu
1088 2479 1172 2524 eum
1198 2450 1236 2522 τὸ
1259 2445 1338 2533 παρὰ

252 2559 462 2647 τὰστοιχεῖα
494 2573 561 2633 tum
591 2561 630 2630 τὸ
662 2561 782 2650 peragi
818 2573 851 2634 et
881 2568 965 2634 inter
998 2588 1105 2634 aerem
1139 2575 1173 2634 et
1193 2570 1292 2650 ignem
1311 2566 1338 2626 et

254 2679 337 2743 inter
358 2696 466 2743 aerem
496 2681 529 2742 et
555 2697 672 2760 aquam
692 2676 736 2742 ad
767 2697 865 2752 unum
887 2677 1166 2743 Anaximandrum
1198 2676 1337 2744 referunt.

253 2787 393 2853 Primum
426 2785 649 2853 Alexander
675 2786 1015 2872 Aphrodisiensis‚
1048 2787 1104 2870 qui
1131 2787 1242 2853 horum
1268 2780 1335 2849 anti·

253 2896 426 2981 quissimus
448 2903 507 2980 est,
529 2897 632 2963 tribus
662 2897 883 2963 commentarii
916 2895 949 2962 iu
980 2897 1081 2964 libros
1112 2895 1337 2983 metaphysieos

252 3006 331 3073 looia
364 3005 636 3072 Anaximandrum
675 3009 713 3073 iis
749 3006 947 3089 adnumerat,
980 3007 1036 3090 qui
1082 3008 1221 3092 simplex
1254 2998 1337 3087 qnod·

254 3114 328 3182 dom
372 3135 488 3200 eorpus
531 3136 629 3182 unum
670 3117 812 3182 omnium
854 3136 956 3183 rerum
984 3115 1180 3200 principium
1221 3114 1335 3197 ponant

254 3233 287 3292 et
330 3245 351 3291 a
386 3224 522 3308 reliquis
565 3225 711 3292 eiusdem
754 3227 883 3310 generis
928 3224 1129 3312 philosophis
1157 3225 1205 3292 ita
1240 3219 1336 3290 distin-

255 3334 334 3419 guit,
379 3340 414 3401 ut
457 3355 530 3402 eum
573 3335 677 3420 primo
715 3337 786 3402 loeo
830 3329 911 3421 ‘miv
946 3329 1067 3418 μεταξύ
1104 3325 1258 3420 φύσιν’ῑ),
1298 3347 1335 3392 se-

257 3444 362 3510 eundo
396 3436 492 3510 ‘aad
527 3444 647 3527 μεταξὺ
669 3433 820 3530 φύσιν’”),
856 3447 950 3511 tertio
981 3445 1130 3528 denique,
1166 3446 1221 3529 qui
1254 3435 1337 3508 mani·

357 3733 382 3806 1)
400 3733 481 3790 Alex.
502 3733 624 3808 ldetaph.
645 3734 717 3797 34,3
736 3734 819 3790 Bon:
839 3735 888 3804 „lv
905 3728 1007 3792 τούτοις
1026 3733 1064 3800 (id
1083 3737 1134 3801 eet,
1152 3732 1187 3788 iis
1205 3731 1251 3801 qui
1266 3720 1335 3799 primi

256 3826 415 3902 σωματικὴν
440 3825 529 3902 ἀρχὴν
550 3834 596 3885 καὶ
620 3829 713 3897 dissipo
734 3830 889 3900 posuerint)
914 3829 939 3882 d’
962 3822 998 3884 ἂν
1018 3831 1064 3882 καὶ
1075 3825 1282 3901 Ἀναξίμανδρος
1303 3825 1334 3882 εἴη

256 3926 271 3981 ὁ
291 3924 347 3995 τὴν
364 3925 484 3999 μεταξὺ
503 3922 607 3999 φύσιν
630 3932 758 3999 θέμενος,
780 3911 811 3995 ἧς
829 3921 908 3993 δόξης
932 3911 1141 3998 ἔμνήμόνευσεν
1163 3926 1195 3980 ἐν
1215 3931 1267 3983 τοῖς
1285 3915 1334 3982 dfll

257 4022 419 4083 Γενέσεως.“
997 4040 1000 4045 ·

357 4119 584 4190 t)1bid.36,1:
613 4125 656 4191 „ot
684 4121 719 4176 ot
742 4140 801 4176 τινα
819 4117 920 4192 μεταξὺ
938 4117 1043 4193 φύσιν
1067 4113 1111 4190 (τό
1133 4113 1248 4188 ἄπειρον
1268 4111 1333 4179 σῶμα

257 4217 390 4290 ἐποίουν),
409 4216 444 4279 ὠς
460 4212 706 4290 ’Λναξίμανιῖροςβ
