2864 4904
795 369 832 423 96

266 542 335 608 eius
361 537 497 626 species,
531 539 589 606 sed
622 539 713 622 duas,
746 558 829 622 quae
855 538 926 624 pari
956 540 1027 606 iure
1058 536 1188 606 admitti
1223 543 1360 624 possent,

264 651 336 718 eius
355 649 637 734 interpretationes
660 649 825 716 intellexit.

365 775 487 858 ltaque,
510 782 546 841 ut
560 777 752 842 seutentiam
781 775 933 844 brevibus
955 777 1215 861 complectamur,
1241 776 1360 842 Aristo-

265 886 345 952 teles
373 883 434 952 hoe
465 885 535 951 loco
569 906 682 953 uuum
718 887 818 952 solnm
853 886 932 953 dicit
964 888 1170 973 principium,
1204 886 1293 970 quod
1325 888 1360 951 sit

265 988 356 1078 παρὰ
377 985 417 1058 τὰ
438 997 594 1079 στοιχεῖα,
614 995 739 1080 hocque
761 1016 858 1064 unum
878 997 1072 1081 principium
1105 998 1152 1062 ita
1173 995 1298 1072 definit,
1331 1002 1359 1060 ut

265 1109 410 1171 naturam
431 1104 594 1188 quandam
616 1105 705 1172 dicat
727 1107 810 1172 iuter
833 1105 898 1173 duo
920 1105 1081 1174 elementa
1092 1105 1246 1190 mediam,
1265 1113 1358 1188 atque

264 1213 309 1281 ita
331 1213 462 1298 quidem
485 1214 636 1295 mediam,
658 1221 692 1280 ut
714 1215 785 1300 pari
808 1215 878 1283 iure
902 1221 934 1282 et
955 1215 1040 1282 inter
1061 1236 1179 1300 aquam
1200 1221 1233 1282 et
1256 1235 1357 1282 aerem

265 1330 298 1391 et
318 1325 402 1391 inter
423 1343 530 1390 aerem
556 1329 589 1389 et
620 1321 729 1408 iguem
749 1325 853 1409 possit
882 1324 991 1392 medic
1013 1324 1095 1406 diei;
1129 1327 1182 1390 vel
1211 1323 1274 1391 duo
1307 1324 1358 1388 illa

264 1433 382 1516 media,
410 1434 526 1518 quibus
548 1432 628 1499 illud
649 1434 845 1519 principium
869 1434 964 1500 modo
989 1433 1182 1502 disiunctivo
1211 1435 1356 1519 explieat,

263 1545 310 1611 ita
321 1544 490 1628 intellegit,
514 1549 549 1609 ut
571 1542 654 1610 duae
676 1544 959 1629 interpretationes
975 1545 1050 1629 siut,
1072 1565 1207 1627 quarum
1227 1551 1356 1627 unaque

264 1673 321 1737 per
342 1654 430 1720 illius
450 1653 601 1738 principii
623 1659 770 1720 naturam
792 1655 913 1740 pariter
935 1653 1064 1722 admitti
1088 1655 1201 1738 possit.
1238 1652 1356 1732 Quodsi

264 1769 371 1830 autem
394 1763 587 1854 quaerimus,
624 1763 679 1846 qui
715 1767 854 1848 potuerit
874 1764 953 1845 lieri,
987 1769 1022 1830 ut
1042 1764 1233 1830 Aristoteles
1264 1784 1355 1829 uuum

264 1871 415 1955 idemque
438 1871 633 1956 principium
663 1873 785 1958 pariter
807 1875 890 1940 inter
922 1874 985 1940 duo
1018 1875 1097 1940 bina
1118 1876 1276 1940 elementa
1295 1893 1356 1938 me·

264 1979 352 2048 dium
376 1981 481 2048 dicere
502 1989 621 2066 posset,
645 1982 688 2062 id,
720 1984 842 2048 utiam
865 1989 962 2050 autea
985 1983 1251 2068 significavimus,
1281 1985 1354 2048 satis
1422 1965 1423 2026 ἶ

263 2091 452 2176 explicatur,
475 2087 505 2155 si
526 2109 608 2170 eum,
641 2092 696 2174 qui
725 2085 763 2155 τὸ
798 2085 889 2174 παρὰ
919 2084 960 2154 τὰ
994 2094 1141 2173 στοιχεῖα
1170 2092 1354 2178 principium

262 2200 416 2284 posuerit,
450 2199 485 2266 id
512 2198 558 2264 ita
582 2201 728 2284 ponimus
753 2200 986 2285 infor-marisco,
1020 2206 1055 2267 ut
1090 2209 1210 2270 comum
1230 2201 1353 2286 quidem

264 2317 360 2394 esset,
383 2311 424 2376 ab
448 2329 487 2376 eo
511 2311 638 2394 aliquid
660 2311 743 2377 inter
768 2310 833 2377 duo
859 2313 1017 2378 elementa
1043 2312 1187 2380 medium
1209 2312 1287 2397 poui,
1321 2315 1353 2376 ut

263 2439 339 2487 vero
369 2421 410 2486 ob
442 2439 574 2486 caussas
603 2419 760 2504 quasdam
795 2422 866 2505 pari
899 2421 967 2488 iure
999 2426 1031 2488 et
1062 2421 1146 2488 iuter
1180 2442 1289 2506 aquam
1321 2425 1352 2484 et

263 2547 369 2597 aerem
392 2535 424 2596 et
445 2529 529 2597 inter
550 2549 656 2597 cerem
679 2536 712 2596 et
735 2532 843 2615 iguem
865 2530 1005 2598 medium
1028 2531 1095 2596 diei
1118 2537 1242 2615 posset3
1272 2549 1349 2612 quae

263 2659 398 2706 caussae
419 2659 503 2723 quae
525 2641 653 2723 luerint,
676 2646 792 2725 postea
809 2642 989 2708 accuratius
1018 2641 1234 2725 quaerendum
1254 2638 1308 2705 erit
1316 2640 1348 2717 ¹).

262 2747 412 2833 Ergoex
433 2748 494 2814 hoc
515 2749 586 2814 loco
608 2755 754 2833 apparet,
787 2744 825 2813 τὸ
854 2739 945 2833 παρὰ
975 2744 1015 2813 τὰ
1047 2752 1195 2830 στοιχεῖα
1226 2750 1265 2815 ab
1284 2747 1347 2813 liri-

263 2860 377 2925 stotele
399 2878 463 2925 non
491 2859 666 2942 separatim
695 2859 798 2926 solnm
820 2865 888 2925 tum
910 2857 1050 2926 medium
1083 2861 1168 2927 iuter
1189 2877 1299 2943 aquam
1318 2861 1347 2920 et
1423 2913 1424 2934 ἓ

263 2987 381 3051 aerem,
402 2975 471 3033 tum
497 2969 581 3034 iuter
602 2987 710 3036 aerem
737 2973 768 3034 et
793 2971 909 3053 ignem,
937 2968 995 3034 sed
1017 2970 1133 3034 simul
1157 2975 1345 3050 utrumque

262 3078 336 3160 dici,
359 3077 453 3144 haec
475 3077 597 3161 igitur
617 3096 770 3161 quoque
796 3077 928 3144 media
959 3077 1060 3158 apud
1088 3097 1172 3144 eum
1200 3076 1344 3146 eandem

261 3207 340 3254 rem
363 3187 601 3271 siguificare
623 3193 659 3252 et
680 3186 731 3252 ad
745 3186 903 3253 eandem
920 3187 1120 3271 pertinere
1136 3187 1342 3254 doctrinam.

262 3295 390 3381 Operae
421 3303 528 3364 autem
558 3296 688 3362 videtur
717 3298 856 3381 pretium
890 3315 962 3363 esse
995 3317 1123 3364 mouere
1145 3297 1341 3382 Philopouum

262 3423 400 3491 quoque,
433 3407 525 3473 cuius
551 3407 814 3472 commentarium
838 3407 870 3471 iu
903 3406 1003 3472 libros
1025 3405 1067 3473 de
1090 3406 1297 3473 Generatioue
1314 3405 1341 3466 ct

263 3514 475 3600 Corruptioue
490 3521 556 3582 tum
579 3513 709 3580 demum
733 3517 807 3598 legi,
835 3535 907 3580 cnm
929 3515 1009 3581 mihi
1030 3516 1072 3582 de
1094 3535 1143 3600 ea,
1171 3536 1262 3600 quam
1282 3530 1340 3596 pro

263 3625 365 3710 posui,
396 3625 556 3691 sententia
577 3625 640 3690 iam
664 3623 783 3689 dudum
806 3643 996 3708 persuasum
1018 3632 1096 3704 erat,
1118 3646 1153 3692 re
1176 3631 1257 3692 certe
1276 3635 1339 3688 eau-

261 3735 335 3801 dem
358 3735 399 3802 de
421 3735 485 3801 loci
506 3739 663 3800 sententia
676 3734 857 3817 opinionem
878 3737 977 3818 sequi,
1000 3740 1036 3800 ut
1056 3753 1097 3802 ex
1108 3737 1214 3803 verbis
1233 3735 1338 3800 iuncta

260 3843 432 3931 adscriptis
444 3851 543 3929 patet,
566 3850 662 3926 atque
685 3845 732 3908 ita
753 3842 891 3928 quidem,
913 3831 948 3908 ut
970 3863 1041 3911 eam
1062 3866 1127 3912 nou
1146 3846 1288 3913 videatur
1306 3853 1337 3904 ex

261 3954 364 4040 ipsius
388 3956 452 4022 loci
482 3954 695 4040 explicatione
718 3951 868 4020 hausisse
899 3937 957 4021 sed
977 3956 1083 4040 potius
1106 3955 1235 4022 aliunde
1255 3947 1337 4018 tredi-

263 4133 460 4140 .—-.-.--—--

361 4268 388 4338 1)
406 4266 469 4323 vid.
489 4265 565 4320 iufra
583 4283 643 4336 cap.
661 4269 704 4320 25.
