2860 4906
640 393 692 448 243

107 564 231 643 dimus,
254 569 444 651 plerumque
467 569 514 632 ita
535 569 686 650 loquitur,
714 574 834 633 utnon
857 569 953 652 dieat,
980 567 1092 636 horum
1115 567 1214 654 philo'·

107 675 289 760 sophorum
307 677 500 760 principium
524 677 609 742 inter
631 677 694 742 duo
710 677 870 743 elementa
892 677 1033 744 medium
1056 699 1137 762 esse,
1160 680 1217 747 sed

106 791 141 849 ut
175 787 267 870 ipsos
298 786 386 851 dieat
409 786 541 852 dioere
566 779 689 871 (φάναι,
722 785 835 869 λέγειν,
869 783 1040 870 εἰρηκέναι,
1063 787 1216 872 τιθέναι),

106 894 306 979 principium
330 895 499 961 interduo
528 895 688 962 elementa
716 895 857 961 medium
885 899 999 974 esse¹).
1045 897 1218 964 Praeterea

106 1023 148 1066 ea
170 1024 236 1086 111,
259 1004 345 1086 quod
368 1004 558 1070 Aristoteles
581 1005 816 1070 Anaximandri
837 1005 1033 1091 principium
1056 1027 1120 1073 uno
1145 1008 1216 1072 loeo

106 1113 301 1178 mixtionem
325 1113 410 1198 dioit,
444 1112 688 1198 Theophrastus
717 1122 827 1181 eontra
857 1109 956 1201 φύσιν
983 1108 1148 1197 ἀόριστον,
1182 1123 1217 1183 ut

106 1229 207 1288 antea
231 1225 446 1307 exposuimus,
471 1223 517 1289 ita
541 1225 643 1288 solum
660 1225 817 1308 explicari
837 1231 952 1309 potest,
976 1227 1004 1290 si
1019 1225 1215 1292 Anaximan-

107 1333 167 1398 der
190 1335 263 1416 ipse
285 1333 479 1418 principium
504 1335 587 1399 luter
610 1333 673 1399 duo
696 1333 859 1400 eontraria
880 1334 1022 1400 medium
1044 1334 1179 1402 dixerat.

213 1441 280 1508 Sed
300 1464 385 1508 nuno
421 1445 484 1509 alio
514 1445 611 1508 etiam
639 1451 826 1527 argumento
859 1445 906 1509 uti
938 1463 1118 1530 possumus,
1154 1466 1217 1528 quo

106 1553 214 1617 omnis
246 1551 405 1617 dubitatio
439 1553 577 1617 tollatur.
637 1552 763 1617 Etenim
797 1552 944 1636 vidimus,
989 1555 1216 1620 Anaximandri

106 1660 306 1744 principium
337 1681 397 1725 neo
419 1661 606 1726 mixtionem
635 1681 707 1726 esse
739 1663 946 1728 econtrariis
969 1664 1064 1729 rebus
1088 1682 1215 1748 oompo-

107 1771 206 1836 sitam
229 1759 288 1836 nee
312 1773 477 1835 materiam
502 1772 643 1836 ouiusvis
669 1771 833 1853 qualitatis
857 1778 1033 1858 expertem,
1062 1772 1120 1838 sed
1144 1774 1216 1839 sub·

107 1880 264 1945 stantiam
296 1900 367 1946 esse
390 1900 588 1964 corpoream,
623 1888 720 1963 atque
745 1881 956 1947 substantiam
988 1882 1119 1966 quidem
1142 1885 1216 1948 sim-

107 1989 230 2072 plicem
253 1991 383 2074 propria
406 2008 465 2054 sua
487 1991 642 2072 qualitate
666 1996 821 2067 utentem3
850 1997 1019 2072 praeterea
1039 1998 1126 2056 eerte
1148 1992 1216 2057 Ari-

108 2101 237 2164 stotelis
269 2105 300 2166 et
321 2099 537 2183 Theophrasti
565 2100 750 2165 testimonio
773 2106 907 2186 oonstat,
943 2099 1216 2166 Anaximandrum

107 2209 271 2294 principio
295 2208 394 2274 insita
417 2229 489 2274 1111
510 2209 654 2275 voluisse
677 2208 849 2288 eontraria,
878 2229 1012 2292 quorum
1040 2210 1216 2276 secretione

109 2337 217 2384 rerum
237 2320 404 2402 generatio
426 2317 525 2385 fieret.
570 2319 663 2398 Quod
689 2325 799 2385 autem
829 2319 1020 2403 principium
1048 2318 1164 2386 dieitur
1186 2321 1218 2384 in

110 2448 145 2492 se
168 2431 332 2494 contraria
354 2427 484 2505 habere,
508 2435 541 2493 et
565 2430 597 2493 in
621 2449 670 2510 eo,
694 2427 780 2510 quod
802 2428 921 2494 dieitur
949 2429 986 2492 in
1010 2448 1049 2494 se
1071 2429 1217 2494 habere

108 2538 281 2618 contraria,
305 2543 337 2602 et
361 2537 482 2621 inipso
508 2538 791 2602 contrariorum
809 2537 965 2603 vocabulo
988 2537 1148 2619 quaedam
1172 2540 1217 2603 in-

110 2652 162 2711 est
183 2645 391 2730 ambiguitas,
415 2666 498 2730 quae
528 2647 641 2730 paneis
670 2646 811 2712 tollenda
841 2653 899 2712 est.
943 2646 1085 2712 Primum
1108 2647 1217 2730 igitur,

110 2774 184 2820 eum
207 2754 440 2821 Anaximandri
462 2755 659 2840 principium
684 2775 754 2832 ,non
788 2757 829 2820 sit
861 2756 973 2820 mixtio
1005 2774 1110 2820 rerum
1143 2760 1216 2821 netu

109 2865 327 2930 constantium
351 2864 409 2930 sed
433 2865 615 2930 substantie
638 2866 786 2950 simplex,
810 2863 897 2947 quod
920 2862 1040 2930 dieitur
1062 2865 1102 2928 in
1126 2883 1216 2930 sese

109 2972 256 3040 hahere
278 2975 448 3056 contraria,
476 2975 523 3039 ita
546 2976 647 3040 solum
669 2973 813 3057 intellegi
842 2978 957 3057 potest,
992 2980 1028 3039 ut
1049 2974 1082 3037 in
1105 2993 1139 3039 se
1162 2972 1218 3038 ha·
1311 2969 1313 2975 ’

109 3083 186 3150 beat
206 3082 396 3168 potentia.
441 3083 568 3150 Deinde
590 3083 663 3168 ipsa
686 3085 890 3160 contraria,
914 3103 997 3165 quae
1019 3082 1053 3148 in
1075 3102 1146 3148 1111
1162 3081 1216 3147 ha·

108 3191 332 3274 benedicitur,
366 3194 504 3278 primum
533 3213 571 3259 ao
606 3193 737 3276 proprie
773 3199 860 3258 eerte
891 3189 1110 3275 intellegenda
1143 3197 1217 3257 snnt

109 3302 330 3382 qualitates
353 3304 593 3386 contrariae,
613 3323 676 3385 quo
693 3302 857 3368 intellectu
875 3301 945 3367 sine
968 3300 1064 3366 dubio
1086 3301 1129 3366 ab
1143 3301 1217 3366 Ari-

110 3412 226 3476 stotele
257 3404 311 3476 ‘cri
333 3409 462 3476 ἐνοῦσαι
493 3411 782 3495 ἐναντιότητες,
805 3409 962 3476 dicuntur.
1006 3410 1087 3477 Oum
1109 3417 1217 3476 autem

111 3519 309 3603 prinoipinm
325 3521 452 3587 dicatur
467 3522 522 3586 illa
544 3521 707 3586 contraria
729 3540 769 3585 ex
791 3539 862 3586 sese
879 3539 1057 3601 1111111111,
1080 3517 1216 3601 qualita-

112 3636 161 3694 tes
182 3649 260 3716 vero
283 3649 323 3694 ex
355 3649 427 3696 sese
450 3651 513 3696 non
535 3630 639 3716 possit
667 3649 835 3696 1111111111
870 3629 932 3694 nisi
965 3630 1020 3702 ita,
1056 3635 1091 3694 ut
1119 3628 1216 3693 simul

109 3740 219 3820 aliqua
239 3740 425 3806 materiae
454 3741 600 3823 partein
629 3740 703 3806 illas
726 3740 900 3822 qualitates
924 3740 1030 3819 abeat,
1065 3737 1125 3803 hoe
1154 3742 1213 3820 est,

111 3848 167 3925 ita,
192 3855 227 3914 ut
248 3850 353 3932 ipsum
376 3849 488 3932 aliqua
520 3857 606 3916 certe
640 3852 689 3915 sui
719 3855 811 3932 parte
844 3869 879 3914 se
902 3849 1062 3914 dirimat
1095 3849 1127 3912 in
1155 3865 1216 3911 res

110 3955 194 4022 sive
217 3964 388 4024 naturas
421 3958 630 4042 qualitatihus
660 3959 723 4023 illis
754 3957 922 4024 contrariis
948 3958 1148 4038 informatas,
1169 3954 1216 4020 fa-

118 4171 315 4180 ———

212 4303 238 4372 l)
259 4301 320 4357 vid.
343 4303 419 4356 loeos
439 4321 523 4372 supra
542 4321 569 4372 p.
589 4305 633 4370 62,
652 4305 669 4355 2
688 4307 717 4356 et
736 4305 767 4371 ὃς
785 4304 830 4370 63,
849 4303 879 4370 2;
901 4302 943 4369 66,
964 4304 993 4369 13
1013 4302 1055 4367 70,
1077 4304 1102 4353 1.
