2862 4910
750 365 803 418 296
854 381 856 385 ’

225 535 394 602 mandram
409 537 658 620 intellegendum
683 557 756 604 esse
772 537 979 620 significetur,
1008 537 1236 604 verumetiam
1263 539 1335 620 ipsa

225 647 295 712 eius
316 645 366 711 vis
389 665 426 712 aa
448 647 596 712 voluntas
616 648 658 712 ab
670 646 906 713 Anaximandri
929 649 1093 714 sententia
1113 668 1246 732 prorsus
1270 646 1336 712 dis-

225 961 297 1014 tali
316 964 419 1028 motu,
438 961 497 1029 qui
515 977 582 1015 non
600 960 745 1015 haberet
764 961 888 1029 finem3
914 979 977 1015 oum
996 964 1092 1016 autem
1114 961 1239 1029 dixisset,
1263 959 1337 1014 ‘sair

226 1050 349 1126 ἐχόντων
366 1055 422 1126 μὲν
442 1053 573 1125 κίνησιν’,
598 1057 633 1111 ab
657 1057 756 1125 hisque
784 1057 894 1126 (idest,
913 1057 1011 1126 abiis,
1040 1059 1090 1126 qni
1114 1059 1144 1112 in
1170 1058 1337 1112 universum

226 1157 333 1206 motum
355 1153 502 1219 haberent)
530 1154 705 1224 distinguere
729 1156 815 1208 vellet
838 1173 879 1222 ea,
900 1172 971 1223 quae
995 1160 1105 1208 motum
1124 1154 1263 1209 haberent
1282 1155 1337 1208 fine

227 1254 379 1318 carentem,
398 1267 453 1318 quo
467 1251 591 1318 apertius
604 1250 673 1306 haec
685 1252 742 1305 illis
754 1256 918 1321 opponeret,
937 1270 988 1321 per
999 1252 1235 1306 adsimilationem
1248 1269 1337 1320 quan-

228 1347 292 1400 dam
319 1347 355 1400 ad
382 1346 469 1401 verba
496 1348 572 1402 ‘suiv
595 1342 747 1419 ἐχόντων
774 1349 840 1420 μὲν
863 1347 982 1416 atvqmv'
1007 1349 1082 1403 dixit
1110 1343 1283 1420 ‘ildonea
1302 1349 1336 1401 dt

227 1437 352 1510 caranisas
371 1441 447 1508 art),
468 1463 531 1498 cum
549 1446 664 1514 proprie
682 1446 775 1500 dicere
794 1446 922 1500 deberet:
950 1444 1035 1516 ‘dxcv
1054 1447 1086 1500 δὲ
1105 1443 1191 1516 [αὐτὸ]
1208 1441 1338 1511 τοιαύτην

228 1538 295 1594 mi!
334 1543 428 1609 Atque
447 1541 516 1596 haec
534 1541 648 1610 quidem
672 1541 823 1611 explicatio
849 1561 910 1596 meo
935 1542 1049 1611 quidem
1067 1543 1172 1598 iudicio
1190 1543 1249 1597 sola
1270 1559 1338 1597 vera

228 1643 278 1693 est.
314 1637 366 1691 His
385 1635 544 1706 praemissis
562 1637 623 1707 ipsa
642 1639 696 1693 loci
715 1639 855 1694 sententia
875 1639 1040 1708 exponenda
1058 1644 1110 1693 eat.

329 1734 420 1788 Locus
439 1733 574 1787 eduabus
593 1738 705 1788 constat
717 1735 847 1803 partibus
866 1736 979 1790 omnino
990 1735 1128 1805 diversia3
1147 1736 1249 1805 priore,
1271 1735 1339 1788 inde

231 1851 247 1886 a
267 1825 390 1900 ‘dsdnrp’
411 1848 499 1898 usquo
518 1831 554 1884 ad
571 1829 639 1883 ’τῶν
657 1825 745 1883 ἄλλων
763 1827 859 1899 πέρας’
886 1831 1055 1886 Aristoteles
1079 1833 1226 1901 antiquam
1246 1849 1336 1901 quan-

230 1915 300 1982 dam*
322 1927 489 1980 sententiam
520 1927 630 1995 laudat3
664 1927 762 1989 altera,
794 1927 860 1982 indo
889 1947 906 1982 a
932 1923 977 1981 ‘td
1000 1947 1028 1981 τε
1046 1926 1101 1998 γὰρ
1120 1931 1217 1997 ndpoe'
1246 1946 1337 1997 usque

230 2023 266 2077 ad
294 2022 387 2090 finem,
416 2039 541 2078 caussam
569 2022 684 2089 indicet,
716 2039 765 2076 eur
793 2041 846 2091 par
874 2025 911 2078 sit
937 2025 1016 2080 illam
1043 2027 1211 2080 sententiam
1238 2043 1337 2080 veram

231 2124 340 2189 putare.

331 2215 411 2282 Quod
434 2216 470 2270 ad
492 2217 616 2285 priorem
641 2221 751 2285 partem
771 2217 882 2283 attinet,
900 2218 1068 2272 Aristotelea
1093 2219 1187 2274 verbis
1206 2220 1336 2288 proxime

232 2313 399 2382 antegressis
426 2314 538 2382 repetit,
566 2314 640 2382 quod
672 2314 702 2367 in
726 2314 800 2367 libro
826 2314 921 2383 priore
952 2315 1172 2384 demonstravit,
1201 2317 1336 2372 mundum

231 2413 343 2464 totum
361 2425 412 2464 noc
430 2419 525 2463 ortum
538 2409 767 2478 necpariturum‚
787 2411 836 2463 sed
848 2415 993 2465 aeternum
1012 2429 1079 2466 esse.
1100 2412 1181 2480 Quod
1199 2414 1336 2466 mundum

231 2506 300 2560 dicit
318 2509 426 2560 totum
444 2502 503 2574 (τὸν
520 2500 610 2560 πάντα
630 2501 758 2575 οὐρανὸν)
777 2511 923 2561 aetornum
942 2525 1007 2575 esse,
1026 2508 1064 2576 id,
1083 2513 1116 2562 ut
1127 2509 1156 2562 in
1170 2510 1334 2578 ipsadispu·

232 2602 340 2657 tatione
351 2601 531 2669 ostendimus,
551 2619 607 2655 non
618 2600 767 2671 significat,
787 2619 901 2656 omnes
920 2603 1035 2657 mundi
1053 2607 1179 2671 partes,
1199 2605 1336 2659 sedmun·

232 2700 307 2764 dum,
327 2703 464 2767 quatenus
483 2699 638 2767 accipiatur
655 2703 761 2767 totus,
785 2703 929 2754 aeternum
955 2717 1022 2754 esse.
1060 2701 1119 2754 lam
1139 2718 1217 2764 vero,
1240 2701 1262 2755 si
1286 2703 1335 2756 ali-

232 2813 304 2866 quae
322 2797 420 2850 mundi
438 2800 532 2864 partes
556 2796 677 2851 caducae
700 2801 774 2864 sunt,
798 2801 875 2850 totus
903 2797 944 2851 ita
973 2798 1062 2852 solum
1088 2802 1184 2866 potest
1207 2803 1336 2852 aeternus

232 2913 299 2962 esse,
318 2893 560 2962 sialiquaeius
579 2912 668 2963 pars,
687 2913 734 2964 ea,
754 2913 851 2964 aqua
870 2896 1156 2964 reliquaeomnea
1173 2897 1336 2965 pendent,

232 2997 347 3048 aeterna
378 2995 429 3046 est.
474 2991 574 3060 Itaque
602 3009 669 3046 vera
692 2993 853 3047 Aristotelis
877 2993 1017 3048 sententia
1041 2993 1111 3048 haee
1136 2998 1188 3062 eat,
1212 2991 1336 3062 aliquam

233 3095 308 3145 carte
341 3089 439 3143 mundi
467 3093 591 3158 partem,
621 3108 695 3156 eam,
728 3109 745 3144 a
771 3107 826 3159 qua
853 3091 980 3159 reliquae
1011 3089 1164 3159 pendeant,
1193 3094 1336 3144 aeternam

233 3205 299 3242 esse.
338 3187 378 3241 Of.
400 3183 578 3252 0001.11‚s;
607 3183 731 3253 Metaph.
752 3183 815 3252 XII,
839 3187 864 3238 7.
885 3186 973 3238 1072*
987 3186 1030 3237 24.
1068 3184 1126 3238 Iam
1151 3201 1219 3238 vero
1242 3201 1337 3238 omnes

233 3285 331 3340 mundi
349 3288 444 3352 partes
463 3283 492 3336 in
511 3286 589 3336 motu
608 3287 770 3350 versantur3
790 3299 866 3352 ergo,
886 3281 909 3336 si
927 3281 1023 3352 aliqua
1035 3281 1132 3334 mundi
1145 3299 1212 3350 pars
1223 3285 1337 3336 aeterna

234 3388 285 3451 est,
304 3385 447 3436 aeternam
466 3397 524 3434 esse
543 3383 656 3448 oportet
674 3397 733 3434 rem
758 3378 898 3448 quandam
925 3379 954 3432 in
980 3382 1058 3434 motu
1081 3381 1251 3432 versantem.
1286 3380 1337 3431 At·

234 3497 288 3549 que
306 3478 336 3532 id
354 3477 446 3546 ipsum
466 3479 517 3537 est,
536 3475 610 3544 quod
629 3475 796 3529 Aristoteles
819 3475 915 3544 priore
938 3475 993 3530 loci
1012 3475 1102 3529 nostri
1124 3478 1208 3543 parte
1226 3477 1338 3528 conten·

234 3576 292 3644 dit3
310 3575 339 3628 id
358 3573 433 3642 quod
456 3572 585 3641 protinus
610 3589 625 3626 e
646 3571 752 3626 verbis:
778 3569 827 3630 ‘air
852 3572 929 3624 ἔστιν
945 3563 1121 3624 ἀθάνατόν
1142 3589 1172 3622 τι
1196 3609 1203 3624 .
1224 3612 1230 3623 .
1252 3611 1257 3623 .
1275 3571 1339 3623 τῶν

233 3666 356 3742 ἐχόντων
373 3669 428 3740 μὲν
446 3674 553 3734 κίνησιν
572 3665 638 3721 art!
664 3672 751 3737 patet.
789 3668 941 3722 Contendit
960 3672 1055 3722 autem
1074 3684 1115 3734 eo,
1140 3667 1219 3736 quod
1239 3667 1339 3720 laudat

234 3769 378 3837 antiquam
398 3767 538 3835 quandam
556 3764 732 3827 sententiam,
754 3783 810 3834 qua
830 3765 895 3819 talis
908 3765 1045 3834 quaedam
1064 3781 1108 3818 res
1126 3768 1243 3818 aeterna
1261 3763 1337 3818 dica·

234 3871 291 3933 tur,
310 3865 354 3918 his
372 3864 431 3918 fere
448 3867 529 3918 utens
546 3863 653 3916 verbis:
678 3863 840 3930 ‘propterea
857 3861 949 3930 ;(quod
968 3861 1075 3915 scilicet
1093 3860 1219 3929 aliquam
1237 3860 1339 3914 mundi

235 3967 344 4031 partem
368 3965 480 4029 oportet
503 3965 646 4014 aeternam
673 3962 742 4028 esse]
770 3977 822 4028 par
842 3964 883 4014 eat
910 3962 1007 4014 veram
1035 3961 1137 4027 putare
1168 3959 1339 4012 sententiam

234 4059 311 4112 illam
331 4056 476 4125 antiquam
495 4056 631 4124 nobisque
649 4055 769 4109 maxime
788 4055 918 4123 patriam.
947 4072 1003 4123 qua
1021 4073 1126 4123 eorum,
1153 4073 1225 4124 quae
1245 4072 1338 4110 move·
1427 4107 1428 4126 ,

236 4159 328 4216 antur,
348 4153 456 4222 aliquid
475 4155 633 4208 immortale
652 4171 685 4208 ac
703 4153 830 4207 divinum
850 4152 962 4218 dicitur,
982 4153 1012 4206 id
1031 4152 1170 4219 videlicet,
1190 4153 1265 4222 quod
1283 4155 1338 4208 tali
1427 4199 1428 4230 ,

236 4256 333 4308 utatur
352 4257 440 4320 motu,
456 4252 503 4322 qui
522 4269 578 4306 non
601 4251 704 4306 habeat
727 4250 819 4318 finam,
842 4267 940 4306 verum
963 4250 1022 4319 ipse
1046 4251 1140 4319 potius
1164 4251 1338 4318 reliquorum
