2864 4910
743 369 797 420 412

216 537 357 603 monium
370 537 575 604 confirmatur
589 559 638 616 eo,
661 539 748 622 qnod
766 537 850 604 hauc
865 557 933 604 rcm
947 538 1146 605 inveniemus
1168 559 1319 606 caussam
1410 549 1411 552 ’

215 667 288 712 esse
319 647 476 722 idoneam,
505 667 578 730 qua,
613 667 696 729 quae
729 646 823 712 huius
855 650 973 732 capitis
1005 649 1098 714 initio
1130 649 1170 715 de
1194 651 1318 714 Anaxi-

215 756 344 822 mandri
367 756 512 822 doctrina
544 757 773 837 quaesivimus,
807 765 973 840 tamquam
1005 777 1046 822 ex
1076 779 1140 824 uno
1164 758 1321 842 principio

217 866 428 950 explicentur.

316 1010 386 1074 Iam
409 1029 487 1076 vero
514 1012 542 1076 si
564 1011 709 1076 dubitari
737 1030 801 1077 non
827 1017 943 1095 potest,
974 1012 1053 1095 quin
1078 1010 1319 1077 Anaximander

218 1120 252 1182 in
274 1117 461 1202 generando
484 1119 600 1184 mundo
623 1121 745 1186 vortice
761 1140 837 1186 usus
855 1122 908 1196 sit,
930 1127 1039 1186 tamen
1060 1121 1214 1203 qualem
1238 1119 1320 1184 hunc

219 1230 372 1292 vorticem
395 1247 466 1294 esse
489 1229 634 1306 voluerit,
666 1248 825 1311 nusquam
847 1228 992 1295 traditur.
1037 1227 1144 1307 Quare
1171 1229 1215 1294 ed
1239 1227 1320 1293 hano

218 1355 287 1400 rem
309 1335 569 1418 cognoscendam
590 1336 632 1401 ab
654 1355 764 1402 eorum
781 1336 1054 1421 proficiscendum
1074 1338 1137 1404 erit
1160 1335 1318 1422 opinioni·

217 1444 288 1526 bus,
310 1465 411 1527 quos
428 1445 667 1511 Aristoteles
685 1447 753 1511 ilio
775 1447 859 1512 loco
883 1448 1034 1530 pariter
1056 1447 1320 1530 etqueAnaxi·

217 1553 386 1619 mandrum
416 1554 495 1620 dicit
516 1556 637 1620 vortice
659 1575 735 1621 usos
760 1575 843 1622 esse.
887 1556 1113 1641 Incipiendum
1145 1563 1254 1622 autem
1279 1554 1318 1620 ab

217 1663 412 1746 Anaxagora
434 1669 492 1744 est,
514 1671 548 1728 ct
569 1665 646 1746 quis
666 1664 763 1730 huius
796 1664 838 1730 de
858 1665 919 1731 hac
947 1686 982 1731 re
1010 1666 1120 1749 opinio
1143 1667 1222 1732 satis
1245 1671 1319 1729 nota

218 1779 250 1837 et
271 1773 348 1854 quia
370 1780 438 1838 tota
459 1774 532 1838 eius
555 1772 702 1838 doctrina
723 1795 796 1839 cum
818 1774 1037 1857 antiquiorum
1056 1775 1237 1840 lonicorum
1254 1772 1317 1857 phi·

219 1880 367 1965 losophia
389 1881 652 1946 coniunctissima
674 1889 732 1947 est

318 2028 432 2109 ltaque
465 2027 677 2110 Anaxagorae
714 2027 878 2109 doctrina,
914 2035 1073 2111 quatenus
1103 2027 1146 2093 ad
1179 2034 1316 2093 nostram

220 2137 445 2218 quaestionem
467 2136 614 2219 pertinet,
637 2135 718 2203 haec
739 2137 809 2202 fere
832 2143 890 2203 cst.
936 2137 1073 2218 ,Aliquo
1099 2137 1244 2202 infinitae
1265 2135 1316 2199 ho-

219 2247 483 2310 moeomeriamm
506 2246 671 2312 mixtionis
704 2247 775 2313 loco
805 2245 923 2312 mentis
945 2233 1088 2311 infinitae
1109 2248 1143 2311 vi
1165 2265 1316 2311 conver-

220 2352 373 2418 sionem
397 2353 600 2420 rotundam
623 2356 714 2420 sive
736 2355 923 2421 vorticem
948 2353 1193 2438 (περιχώρησιν,
1216 2352 1315 2436 δίνην)

219 2464 393 2529 excitatum
416 2484 497 2530 esse.
541 2464 610 2529 Hoc
632 2466 754 2531 vortice
777 2485 817 2530 ex
839 2465 1149 2530 homoeomeriarum
1164 2465 1315 2529 mixtione

218 2572 321 2637 altera
343 2580 435 2655 parte
452 2573 566 2656 gravia
587 2594 626 2638 ac
648 2573 777 2656 frigida,
800 2594 884 2656 quac
907 2583 981 2639 uno*
994 2575 1077 2638 aeris
1095 2575 1315 2638 nominecon-

220 2681 469 2763 prehendnntur,
493 2681 595 2747 altera
607 2682 694 2746 levia
716 2701 755 2746 ec
770 2680 887 2762 calida,
911 2683 1027 2764 quibus
1043 2681 1185 2747 aetheris
1202 2701 1315 2746 nomen

219 2791 379 2873 tribuitur,
401 2791 447 2857 ita
469 2797 593 2857 secreta
610 2811 691 2868 esse,
712 2800 749 2856 ut
771 2791 827 2855 illa
842 2790 983 2856 medium
1000 2792 1106 2856 locum
1116 2796 1315 2875 occuparent,

219 2899 301 2965 haec
322 2902 354 2965 in
377 2902 543 2966 circuitum
565 2900 787 2966 concederent.
832 2901 995 2983 Deinceps
1021 2920 1063 2965 ex
1090 2900 1146 2964 illo
1173 2920 1249 2966 aere
1271 2920 1315 2964 sc·

220 3030 326 3075 orsum
346 3030 473 3092 aquam,
495 3017 623 3092 terram,
652 3030 732 3074 saxa
754 3015 878 3102 secreta
900 3028 986 3088 esse3
1020 3009 1183 3074 concitata
1212 3017 1314 3075 autem

219 3118 361 3185 aetheris
383 3121 593 3186 conversione
617 3140 750 3204 magnas
773 3140 923 3185 saxorum
946 3125 1056 3203 partes
1080 3139 1101 3184 a
1122 3125 1210 3184 terra-
1230 3120 1315 3185 avul-

221 3249 274 3294 sas
297 3249 379 3310 esse,
402 3229 435 3293 iu
451 3227 566 3312 hisque
587 3228 629 3294 ab
649 3228 781 3295 aethere
803 3229 944 3295 incensis
960 3228 1186 3310 cumreliqnas
1209 3229 1316 3294 stellas

219 3348 286 3403 tum
312 3340 412 3403 solem
435 3345 590 3404 constare.
635 3339 704 3404 Iam
725 3356 803 3404 vero
825 3339 916 3404 illum
938 3338 1043 3422 ipsum
1056 3338 1210 3404 vorticem
1228 3339 1316 3403 initio

220 3449 388 3513 alatere
426 3449 654 3513 circumactum
687 3468 768 3536 esse,
804 3450 850 3513 ita
884 3455 918 3513 ut
951 3449 1156 3512 nascentis
1187 3447 1316 3513 mundi

220 3557 310 3622 axis
334 3559 514 3622 interrae
530 3557 893 3642 planitiedirectus
909 3556 1316 3640 superiorquemundi

220 3668 344 3751 polus,
369 3668 409 3749 is,
433 3668 668 3751 quisempcr
690 3667 802 3732 uobis
825 3674 1042 3752 appareret,
1066 3667 1202 3750 inipso
1221 3668 1318 3731 coeli

220 3778 364 3841 vortice
386 3783 505 3859 esset,
529 3784 568 3842 ut
590 3777 715 3860 igitur
731 3778 870 3842 stellae
893 3776 932 3842 in
955 3777 1114 3842 formam
1128 3775 1226 3843 tholi
1240 3775 1318 3860 (30-

220 3883 397 3965 λοειόιῦς)
421 3886 802 3968 circumagerentur.
825 3883 944 3949 Postea
957 3889 1073 3961 autem,
1096 3903 1169 3948 cum
1183 3882 1318 3948 mundus

221 3994 285 4057 iam
308 3999 393 4058 esset
415 3993 576 4077 perfectus
607 3998 639 4058 et
661 3993 817 4058 animalia
847 4013 864 4058 e
897 4002 984 4057 terre
1008 3992 1100 4057 nasci
1126 3993 1319 4076 coepissent,

220 4101 468 4168 mundiaxem
480 4123 547 4169 sua
563 4109 707 4186 sponte,
722 4101 762 4166 id
777 4108 846 4184 est,
867 4103 977 4167 nulle
991 4102 1162 4167 naturali
1178 4123 1319 4169 caussa

221 4218 401 4277 movente
424 4213 734 4295 septentrionem
753 4231 888 4277 versus
903 4212 951 4276 ed
966 4220 1094 4277 terrae
1110 4212 1319 4295 planitiem
