2864 4904
618 359 669 412 rra
703 437 705 441 Ι

85 551 154 615 quo
171 551 232 616 pro
248 549 297 613 eo,
320 528 406 611 quod
421 530 463 595 ab
478 528 653 595 Aristotele
671 527 813 594 medinm
827 526 1045 594 dicitur‘inter
1059 547 1194 610 aquam

83 649 268 721 elacrem,
304 638 389 704 inter
413 637 541 721 ignem
570 643 603 704 et
624 657 732 704 aerem
754 636 897 704 medium
924 636 1012 716 dicit,
1046 658 1126 704 sana
1147 645 1197 704 est

83 751 202 832 lectio,
233 747 295 814 hoc
322 747 464 814 medium
492 748 621 813 omnino
648 767 714 813 non
736 746 927 829 nominavit,
959 747 1108 828 atquesi
1132 767 1196 813 non

83 859 282 941 nominavit,
313 857 498 924 necessario
520 856 589 922 fere
623 875 684 922 nec
713 857 904 939 cognovisse
937 855 1101 942 putandus
1123 859 1196 939 erit,
1230 855 1235 866 “

83 989 205 1036 verum
227 967 292 1032 iam
315 967 523 1049 ostendimus,
550 965 592 1033 de
620 966 705 1032 illins
737 966 889 1032 lectionis
920 968 1055 1032 veritate
1077 987 1195 1051 magno

84 1097 193 1163 opere
219 1075 432 1145 dubitandum
464 1097 545 1144 esse.
588 1076 654 1144 Sed
676 1075 758 1142 hacc
786 1095 838 1142 res
860 1075 904 1142 ad
930 1082 1074 1144 nostrum
1101 1096 1197 1159 quae·
1263 1051 1272 1068 ’

84 1189 234 1255 stioncm
255 1207 320 1254 nou
341 1187 450 1269 magni
473 1184 627 1252 momenti
648 1191 706 1252 est.
745 1185 894 1268 Namque
916 1186 943 1251 si
958 1183 1040 1251 illud
1055 1185 1197 1252 medium

85 1298 223 1364 omnino
257 1315 322 1362 non
351 1295 511 1378 cognovit,
543 1313 604 1361 nec
636 1295 736 1360 ullum
770 1301 899 1377 praeter
921 1294 1197 1361 Anaximandrum

86 1406 250 1490 cognovit
269 1402 508 1488 philosophum,
530 1404 586 1486 qui
601 1409 747 1469 naturam
766 1402 931 1490 qnondam
955 1404 1095 1470 mediam
1111 1407 1199 1488 prin·

85 1515 215 1600 cipinm
237 1519 388 1599 poneret,
411 1513 590 1578 sinautem
612 1514 762 1596 cognovit
787 1519 820 1578 et
841 1513 1029 1595 nominavit,
1053 1512 1087 1582 id
1109 1512 1197 1596 quod

86 1625 174 1690 mihi
198 1623 303 1690 solum
324 1621 452 1688 videtur
465 1622 643 1689 verisimile
656 1641 738 1706 esse,
760 1629 847 1689 corte
869 1622 913 1689 ad
923 1622 1199 1690 Anaximandrum

87 1735 230 1819 rettulit,
252 1733 404 1817 quoniam
427 1731 567 1800 medium
590 1733 675 1800 inter
695 1752 816 1817 aquam
839 1739 871 1799 et
896 1753 1004 1800 aorem
1027 1733 1129 1800 forma
1152 1739 1201 1800 ost

88 1851 233 1912 naturae
257 1843 382 1910 mediae
402 1842 597 1926 generaliter
618 1841 734 1908 diotae.
935 1846 938 1850 '

180 1955 229 2020 ,9.
274 1954 403 2020 Tertius
426 1959 476 2020 est
497 1952 744 2038 Simplicius,
774 1953 829 2034 qui
851 1951 885 2017 in
907 1952 1145 2018 commentariis
1167 1950 1201 2017 iu

88 2064 284 2132 Aristotelis
306 2063 404 2131 libros
427 2062 581 2148 physicos
601 2068 634 2128 et
655 2065 688 2127 in
709 2062 810 2129 libros
832 2061 873 2126 de
890 2059 989 2127 (loelo
1012 2062 1201 2146 saepissime

89 2172 335 2240 Anaximandri
356 2173 533 2240 doctrinam
554 2177 713 2239 memorat
735 2179 768 2238 et
789 2176 961 2256 propterea
983 2191 1061 2256 prae
1085 2170 1201 2237 ceteris

90 2282 208 2369 gravis
243 2287 302 2356 est,
331 2280 419 2364 quod
448 2299 512 2346 non
543 2280 646 2345 solum
679 2280 860 2344 accuratius
897 2277 937 2364 de
968 2277 1202 2344 Anaximandri

90 2390 260 2479 principio
294 2388 433 2468 disserit,
466 2408 577 2454 verum
609 2389 704 2454 etiam
740 2407 804 2454 uno
841 2393 927 2453 certe
959 2389 1030 2453 loco
1065 2389 1202 2453 aliorum

92 2504 195 2568 etiam
219 2499 261 2566 de
284 2519 323 2565 eo
338 2499 508 2584 opiniones
526 2499 625 2564 refert
640 2503 672 2563 ct
686 2497 796 2564 subtili
811 2497 1057 2563 ratiocinatione
1073 2497 1200 2564 refellit.

91 2611 242 2678 Possunt
264 2614 372 2676 autem
395 2627 505 2674 omncs
527 2607 601 2689 loci,
629 2607 743 2688 quibus
765 2605 999 2673 Anaximandri
1022 2605 1200 2672 doctrinam
1268 2667 1276 2685 ,

91 2722 266 2796 memorat,
290 2717 324 2782 in
346 2715 428 2783 duas
447 2714 602 2799 distingui
614 2720 734 2799 partes,
758 2715 791 2779 in
804 2734 940 2797 quarum
955 2715 1058 2780 altera
1080 2715 1104 2780 ii
1118 2721 1202 2797 sunt,

93 2827 219 2912 quibus
245 2824 280 2892 id
302 2826 502 2911 potissimum
525 2825 603 2909 agit,
639 2832 674 2892 ut
696 2824 801 2907 ipsius
823 2824 1003 2890 Aristotelis
1026 2825 1114 2890 locos
1137 2842 1203 2904 cos,

94 2938 217 3021 quibus
245 2934 275 3001 is
305 2934 346 3000 de
367 2933 526 3020 principio
553 2933 696 3017 quodam
726 2934 768 3000 ab
799 2933 968 2999 elementis
1001 2933 1131 3000 diverso
1153 2934 1206 3000 vel

93 3043 271 3114 interduo
296 3043 457 3110 elementa
485 3041 592 3109 medio
620 3043 770 3125 loquitur,
805 3043 952 3126 explicet,
985 3043 1018 3106 in
1047 3043 1150 3108 altera
1171 3041 1204 3116 ii,

94 3154 220 3239 quibus
251 3171 312 3218 sna
343 3151 437 3234 quasi
471 3158 586 3234 sponte
607 3153 761 3234 nullaque
795 3150 979 3235 explicandi
1010 3149 1205 3218 necessitato

95 3269 238 3330 coactns
274 3258 507 3326 Anaximandri
543 3259 735 3344 principium
767 3258 889 3325 definit.
933 3258 998 3325 Sed
1032 3266 1115 3344 sunt,
1148 3260 1203 3343 qui

94 3369 305 3456 Simplicium
326 3367 523 3435 contendunt
544 3367 773 3435 indeficiendo
788 3367 1022 3434 Anaximandri
1044 3355 1204 3453 principio

97 3481 165 3548 sibi
189 3500 258 3547 non
273 3486 431 3555 constare,
455 3477 612 3561 huiusque
628 3477 807 3544 sententiae
822 3484 935 3543 testem
952 3476 1103 3558 adferunt
1123 3498 1207 3544 com-

96 3589 296 3658 mentarium
318 3589 352 3653 in
374 3588 472 3653 libros
487 3587 649 3672 physicos,
671 3585 824 3668 dicentes,
838 3606 920 3652 ‚cum
941 3588 1094 3670 inpriore
1112 3587 1207 3654 huius

98 3697 329 3766 commentarii
353 3703 455 3782 parte,
482 3716 530 3776 ea,
558 3716 641 3779 quae
669 3694 836 3779 praecedit
862 3697 1111 3779 explicationem
1138 3696 1208 3762 eius

98 3807 293 3876 Aristotelis
313 3807 385 3885 loci,
420 3825 483 3888 quo
510 3805 540 3871 is
566 3805 703 3889 primum
733 3805 928 3871 mentionem
963 3803 1043 3870 facit
1074 3812 1209 3870 naturae

101 3916 279 3984 cniusdam
300 3917 383 3980 iuter
403 3935 512 3981 acrem
535 3922 567 3981 et
589 3917 697 3998 ignem
720 3915 846 3981 mediae
868 3915 930 3996 (est
945 3923 1053 3981 autem
1076 3917 1103 3982 is
1118 3917 1208 3982 locus

100 4025 205 4112 Phys.
230 4023 256 4101 l,
272 4025 318 4107 4),
350 4022 583 4090 Anaximandri
615 4023 811 4108 principium
842 4024 889 4088 ita
918 4031 1042 4089 tantum
1068 4023 1210 4106 definire,

103 4141 138 4202 ut
162 4154 240 4200 esse
262 4132 352 4198 dicat
375 4131 430 4197 ‘ai
455 4128 567 4214 ἕτερον
593 4133 660 4196 τῶν
683 4123 871 4213 στοιχείων’
898 4133 951 4200 vel
975 4125 1024 4196 ‘ci
1051 4127 1142 4214 παρὰ
1171 4126 1212 4196 τὰ

103 4241 281 4323 ccorxsio’,
313 4262 476 4325 nunquam
499 4261 576 4308 vero
598 4249 747 4308 naturam
768 4243 931 4325 quandam
955 4242 1039 4308 inter
1061 4241 1125 4308 duo
1147 4242 1210 4328 ele·

995 4352 1012 4402 s
