2860 4906
647 364 699 416 231

90 534 175 610 χεῖα
199 553 264 599 neo
292 551 490 600 verounum
517 531 651 615 aliquod
674 531 818 614 ipsorum
844 533 1074 598 elementorum
1098 541 1221 616 ponant

88 631 256 723 ἄπειρον,
280 640 375 723 quod,
399 643 427 706 si
449 640 580 731 horum
601 640 763 723 aliquod
785 639 908 722 (idest,
931 641 1066 724 aliquod
1080 643 1219 708 elemen-

94 759 184 833 tum,
207 771 284 830 non,
309 757 344 817 ut
357 751 502 816 Zellerus
518 752 573 832 ait,
595 751 706 833 aliqua
721 758 836 816 natura
852 751 1063 832 qualitatibus
1086 751 1221 818 definita

90 862 128 926 in
158 860 366 940 universum)
389 866 479 926 esset
502 859 671 942 inlinitum,
703 860 737 925 id
769 861 841 944 ipsa
875 879 934 926 sua
954 860 1112 927 infinitate
1146 882 1219 926 esm-

91 970 280 1036 trariorum
306 970 536 1036 elementorum
558 976 663 1034 ortum
686 968 924 1053 prohibiturum
948 973 1069 1051 esset“;
1100 969 1219 1036 deinde

94 1081 251 1146 breviter
274 1079 426 1162 ostendit,
457 1079 538 1144 illud
561 1072 599 1142 ud
626 1073 717 1160 παρὰ
739 1073 780 1142 τὰ
802 1083 958 1162 στοιχεῖα,
988 1081 1049 1163 vel,
1079 1087 1114 1146 ut
1136 1098 1220 1147 nuno

93 1191 167 1256 iam
183 1189 368 1256 aoouratius
385 1187 555 1272 signifieat
577 1182 747 1254 (τοιοῦτον
769 1189 883 1270 σῶμα
903 1183 1107 1274 αἰσθητὸν
1130 1184 1220 1270 παρὰ

94 1293 139 1364 τὰ
165 1301 319 1377 στοιχεῖα
336 1291 534 1380 auiodpavu'
560 1298 689 1364 omnino
712 1317 775 1364 nou
791 1318 872 1371 esse,
894 1298 1092 1365 haoratione
1115 1306 1219 1382 utens,

93 1408 200 1492 quod,
225 1408 256 1474 si
278 1415 373 1490 esset,
396 1427 555 1491 apparere
569 1407 701 1474 deberet
718 1407 877 1474 sensibus.
900 1407 985 1486 Quid
1008 1409 1128 1491 igitur?
1150 1410 1219 1474 Ari·

95 1520 238 1586 stoteles
255 1516 315 1584 hoo
329 1519 401 1586 loeo
418 1519 550 1584 omnino
565 1539 629 1584 non
649 1519 791 1600 loquitur
813 1517 853 1582 de
877 1518 997 1584 talibus
1015 1518 1219 1600 quibusdam,

96 1630 159 1712 qui
184 1625 226 1692 τὸ
248 1617 388 1709 ἄπειρον
409 1627 607 1712 generaliter
631 1627 742 1693 dioant
765 1626 809 1709 id,
839 1648 857 1693 e
881 1644 944 1710 quo
967 1628 1127 1693 elementa
1149 1636 1220 1696 orta

100 1737 183 1815 sint,
207 1736 399 1802 utZellerus
423 1736 662 1820 interpretatur,
685 1755 795 1800 verum
819 1735 859 1802 de
882 1738 932 1819 iis,
955 1730 1059 1818 quial
1077 1725 1220 1816 daemon

96 1851 229 1929 ponant
253 1839 292 1910 τὰ
308 1839 399 1925 παρὰ
423 1839 636 1927 τὰστοιχεῖα,
662 1865 680 1910 e
702 1864 766 1927 quo
783 1845 857 1928 ipsa
872 1846 1031 1911 elementa
1053 1852 1123 1910 orta
1138 1848 1218 1927 sint3

96 1963 202 2038 atque
227 1953 288 2019 hoo
310 1947 349 2018 ud
366 1947 459 2036 anoni
484 1953 686 2034 adsumptio
709 1974 772 2018 uon
788 1955 920 2037 opponit
941 1951 1064 2020 ‘ouivis
1085 1962 1218 2022 naturae

100 2063 320 2147 qualitatibus
342 2055 522 2140 definitae-3
544 2083 656 2128 verum
672 2062 807 2146 opponit
828 2063 965 2146 singulis
988 2063 1052 2129 illis
1071 2071 1221 2146 quattuor

100 2175 288 2255 elementis,
311 2192 454 2256 ergaque
480 2173 584 2256 ipsum
602 2193 666 2238 non
690 2171 770 2236 dioit
786 2171 916 2238 omnino
938 2172 1044 2239 nullas
1067 2172 1220 2240 definitas

100 2283 280 2365 qualitates
303 2281 433 2364 habere,
469 2281 528 2346 sed
552 2281 663 2362 solum,
701 2281 819 2347 naham
844 2279 964 2348 habere
988 2281 1115 2346 illarum
1141 2302 1219 2364 qua-

100 2394 234 2458 litatum
267 2393 508 2474 contrariarum,
543 2391 660 2472 quibus
698 2391 861 2456 elementa
894 2389 1097 2459 deliniantur.
1121 2389 1122 2394 ’
1150 2391 1219 2470 Iam

99 2523 181 2568 vero
205 2501 278 2585 ipso
301 2500 364 2566 looi
398 2499 491 2566 initio
524 2499 562 2562 τὸ
594 2493 684 2580 παρὰ
712 2500 753 2562 τὰ
785 2501 931 2578 στοιχεῖα
964 2501 1087 2583 pariter
1119 2507 1218 2584 atque

100 2612 269 2678 elementa
301 2616 413 2693 aperte
451 2609 544 2692 ponit
576 2609 610 2673 in
643 2628 777 2674 numero
811 2629 980 2692 corporum
1010 2597 1218 2694 simplicium,

101 2720 148 2802 id,
173 2725 233 2798 est,
267 2739 436 2802 corporum
460 2717 603 2800 simplici
634 2717 774 2801 quadam
807 2717 963 2800 qualitate
996 2719 1163 2797 utentium,
1186 2726 1219 2786 et

100 2831 135 2896 iu
161 2828 227 2894 loei
250 2827 312 2894 fine
348 2829 429 2911 ipsis
452 2827 560 2894 verbis
592 2827 736 2912 appellat
768 2826 867 2908 σῶμα
894 2821 1067 2910 αἰσθητόν,
1101 2827 1217 2907 idest,

101 2957 222 3024 eorpus
255 2938 368 3004 sensili
400 2935 558 3020 qualitate
588 2935 782 3020 praeditum.
827 2937 912 3021 Ergo
934 2936 1125 3004 Aristoteles
1158 2935 1218 3002 hoo

101 3049 176 3112 loeo
204 3067 269 3112 non
305 3047 408 3112 solum
447 3066 510 3111 non
542 3044 716 3128 signifieat,
755 3045 991 3110 Anaximandri
1022 3045 1217 3129 principium

102 3175 177 3222 esse
199 3163 348 3221 naturam
381 3174 439 3237 per
473 3173 508 3218 se
533 3154 676 3221 ouiusvis
699 3153 862 3236 qualitatis
897 3161 1073 3237 expertem,
1108 3175 1217 3220 verum

103 3265 205 3330 etiam
238 3271 350 3345 aperte
380 3284 452 3330 esse
476 3263 556 3330 dioit
587 3251 739 3346 eorpus,
774 3263 877 3355 quod
910 3264 1060 3348 pariter
1097 3270 1217 3344 atque

103 3374 306 3438 elementa
328 3371 584 3454 suaquadam
611 3371 783 3454 simplioi
811 3392 932 3453 eaqrre
955 3372 1112 3454 quidem
1135 3392 1216 3440 sen-

108 3483 183 3548 sili
207 3483 407 3564 qualitate
430 3488 570 3547 utatur.
683 3542 686 3548 ,

209 3589 355 3656 Tertiam
378 3591 537 3655 rationem
561 3591 668 3656 adfert
691 3591 877 3656 testimonia
892 3589 1119 3674 Theophrasti,
1141 3589 1216 3655 Por-

106 3699 225 3784 phyrii,
258 3699 418 3782 Diogenis
449 3700 579 3782 Laertii‚
610 3699 928 3783 Pseudo-Plutarchi,
961 3698 1078 3780 quibus
1113 3697 1216 3781 ipsam

106 3810 193 3875 illam
217 3809 410 3876 sententiam
433 3816 525 3892 putat
554 3810 711 3874 contineri
720 3805 754 3892 ¹).
798 3808 840 3873 At
863 3807 1108 3892 Theophrastus
1129 3807 1217 3873 Ana·

105 3919 268 3986 ximandri
302 3920 500 4003 prinoipium
533 3918 614 3984 dioit
643 3915 772 4002 quidem
802 3915 898 3998 ‘plan
930 3910 1031 4004 φύσιν
1062 3907 1217 3999 ἀόριστον

111 4131 306 4140 m

208 4245 233 4314 1)
251 4245 284 4300 n.
301 4246 318 4302 1.
337 4264 364 4316 p.
387 4247 435 4300 191
455 4250 484 4302 a
504 4246 562 4300 192.
