2864 4910
641 395 693 452 387

108 591 169 636 rae
194 578 275 636 sunt.
321 569 461 636 Mediam
491 571 602 636 mundi
634 577 758 654 partem
788 577 924 654 oooupat
954 577 1059 638 terra
1086 573 1218 638 solida

108 683 226 762 eique
247 679 509 745 oiroumfusus
531 699 613 760 aer,
637 699 719 761 quae
743 679 911 745 amatoria
934 701 1043 746 orasse
1066 688 1098 746 et
1114 701 1217 766 opaea

109 796 272 854 onustant.
317 788 432 854 Aerem
465 788 506 852 ab
538 789 684 853 omnibus
716 789 861 872 partibus
888 791 1092 873 amplectitur
1114 791 1219 857 eoeli

110 898 264 982 sphaera,
287 899 318 963 in
347 917 410 981 qua
441 897 549 963 sidera
571 903 723 981 putantur
751 897 850 963 infixa
872 919 952 976 esse,
983 920 1067 982 quae
1089 891 1219 966 Parme-

109 1007 202 1072 nidis
226 1009 386 1072 sententia
408 1027 449 1073 ex
472 1027 575 1090 opaea
598 1013 629 1071 ot
652 1008 762 1072 lueida
777 1009 912 1073 materia
934 1011 1035 1074 mixta
1056 1016 1104 1074 est
1124 1015 1155 1074 et
1178 1011 1218 1074 ab

110 1138 150 1182 eo
186 1111 225 1180 τὸ
254 1116 407 1198 πυρῶδες
439 1122 580 1182 vocatur.
627 1115 717 1180 Goeli
749 1115 908 1199 sphaerae
943 1118 1138 1183 oireumfusa
1171 1124 1220 1185 est

112 1224 286 1308 sphaera
308 1226 497 1305 aetheris,
521 1247 538 1291 e
563 1246 643 1309 pura
664 1232 814 1291 constans
831 1226 967 1292 materia
981 1227 1098 1292 inuida.
1121 1229 1219 1292 Deni-

112 1356 179 1417 que
202 1335 236 1399 in
260 1345 402 1401 extremo
431 1337 568 1400 oireuitu
602 1341 651 1401 est
683 1334 868 1418 sphaera
890 1336 1021 1401 solida
1058 1359 1075 1402 e
1110 1357 1220 1403 orassa

111 1444 254 1510 materia
275 1427 433 1524 coniecta,
462 1451 562 1510 totum
590 1445 744 1510 muudum
771 1445 852 1510 muri
882 1446 985 1510 instar
1011 1448 1217 1530 amplectens,

116 1575 204 1637 quae
227 1544 396 1636 Ὄλυμπος
428 1556 621 1638 appellatur.
676 1556 725 1618 Ex
758 1555 819 1620 hae
853 1555 963 1620 mundi
1004 1555 1219 1639 descriptione

112 1667 257 1748 primum
279 1673 425 1751 apparet,
458 1665 691 1730 aParmenide
721 1664 783 1730 duo
814 1667 918 1730 sotum
946 1667 1023 1749 poni
1053 1685 1220 1748 corpora

114 1772 261 1851 solida,
285 1779 403 1838 terram
427 1778 459 1837 et
481 1770 654 1854 sphaeram
677 1771 834 1854 ultimam;
867 1772 993 1851 deinde,
1020 1779 1086 1838 tres
1108 1773 1219 1838 mundi

115 1880 276 1964 sphaeras
298 1880 386 1959 (nam
403 1879 542 1964 sphaera
562 1881 675 1945 ultima
691 1900 752 1944 non
770 1879 835 1945 nisi
849 1881 961 1946 mundi
977 1883 1132 1947 terminus
1156 1886 1219 1960 est)

115 2010 155 2054 eo
179 1989 320 2054 maxime
343 1989 481 2070 differre,
505 1989 591 2071 quod
608 1988 746 2068 sphaera
761 1989 869 2054 media
885 1991 954 2056 sive
970 1990 1087 2068 intima,
1111 1991 1145 2056 id
1161 1999 1219 2069 est,

114 2107 204 2164 terra
226 2119 297 2163 eum
320 2119 395 2164 aere
418 2101 480 2182 ipsi
493 2097 696 2179 circumfuso,
723 2117 781 2180 per
796 2119 831 2163 se
852 2105 919 2164 tota
939 2119 1049 2164 orassa
1062 2106 1094 2165 et
1106 2121 1218 2184 opaea,

116 2207 259 2294 sphaera
285 2228 419 2285 summa,
442 2228 525 2290 quae
553 2215 602 2271 est
625 2205 777 2285 aetheris,
809 2213 877 2273 tota
900 2209 1024 2274 subtilis
1047 2214 1078 2274 et
1105 2210 1219 2292 lueida,

116 2317 258 2402 sphaera
288 2316 427 2398 denique
458 2317 538 2381 eoeli
571 2315 655 2380 inter
683 2315 764 2382 duas
791 2317 863 2381 illas
885 2317 993 2382 media
1022 2339 1062 2384 ex
1085 2324 1219 2402 utraque

115 2433 235 2492 natura
255 2426 358 2492 mixta
381 2427 431 2492 sit.

220 2538 257 2600 In
289 2538 370 2602 eoeli
403 2534 543 2620 sphaera
575 2541 607 2599 et
629 2534 770 2600 aetheris
794 2538 939 2602 stellae
971 2545 1053 2602 sunt.
1098 2538 1220 2602 Harum

117 2629 328 2712 Parmenides
362 2665 440 2720 eas,
473 2664 568 2726 quae
601 2645 638 2708 in
668 2646 776 2710 eoelo
807 2646 872 2730 (τῷ
904 2643 1114 2728 αυριώόει)
1145 2648 1220 2727 sint,

117 2755 260 2820 omnium
290 2756 401 2820 statuit
424 2753 548 2820 intimas
571 2774 656 2828 essm
691 2739 789 2837 supra
820 2757 945 2820 eoelum
973 2749 1010 2820 in
1042 2757 1220 2822 aetheris

118 2864 292 2950 sphaera
312 2865 483 2929 infimam
505 2866 615 2947 ponit
636 2864 779 2945 lunam,
804 2864 873 2928 hae
895 2865 1138 2949 superiorem
1164 2887 1220 2930 so-

118 2975 209 3050 lem,
244 2993 423 3038 summam
449 2973 618 3055 denique
641 2974 799 3038 Veneris
827 2974 979 3038 stellam
1010 2975 1094 3038 sive
1130 2975 1220 3040 huoi-

119 3083 136 3146 f
139 3087 289 3162 erum1).
333 3083 403 3147 Hae
426 3090 492 3147 tres
508 3085 620 3147 stellae
638 3103 708 3148 eum
723 3082 862 3147 diversis
878 3083 1005 3148 eireulis
1021 3082 1220 3167 diversisque

223 3310 248 3378 l)
267 3309 336 3364 Stob
366 3310 425 3364 Ecl.
446 3311 467 3378 I,
487 3312 530 3378 24,
560 3328 587 3378 p.
606 3311 671 3364 518:
712 3311 907 3382 „Happevr'dpc
930 3311 1042 3380 πρῶτον
1066 3304 1151 3363 τάττει
1175 3309 1224 3365 τὸν

119 3408 199 3474 idun,
217 3405 266 3461 τὸν
284 3403 367 3460 αὐτὸν
386 3407 417 3460 δὲ
437 3404 482 3460 ὑπ’
502 3401 584 3461 αὐτοῦ
603 3403 786 3477 νομιζόμενον
804 3409 849 3458 καὶ
869 3405 996 3476 ἕσπερον,
1016 3409 1046 3459 ἐν
1066 3409 1103 3477 τῷ
1119 3411 1220 3477 αἰθέρι,

120 3504 187 3574 μεθ’
208 3499 241 3558 ὃν
260 3501 308 3558 τὸν
329 3497 411 3570 ἥλιον,
431 3501 478 3574 ὑφ’
499 3489 520 3571 ᾧ
539 3500 600 3563 ’τοὺς
622 3505 653 3556 ἐν
670 3498 846 3572 τῷαυρώδει
866 3499 989 3572 ἀστέρας,
1014 3498 1084 3571 ὅπερ
1106 3500 1223 3573 οὗρανὸν

121 3604 223 3654 καλεῖ“.
262 3600 321 3654 Hoc
333 3599 445 3654 Stobaei
466 3601 525 3654 loeo
544 3601 624 3664 luna
643 3617 698 3652 non
718 3599 891 3666 nominatur;
911 3600 959 3653 sed
980 3617 1041 3654 earn
1059 3600 1088 3652 in
1108 3600 1220 3653 aethere

121 3698 197 3752 inira
215 3698 301 3751 solem
319 3697 394 3766 poni.
418 3697 562 3765 colligitur
581 3715 596 3749 e
615 3696 722 3749 duobus
746 3696 833 3764 ipsius
851 3696 1028 3750 Parmenidis
1052 3695 1219 3765 fragmentis

121 3813 146 3849 v.
168 3796 217 3847 133
237 3811 277 3862 sq.
296 3799 325 3847 et
344 3811 368 3847 v.
387 3795 446 3860 144,
466 3793 567 3860 quibus
586 3793 684 3844 stellae
703 3796 778 3845 certo
799 3790 921 3859 quodam
940 3791 1037 3844 ordine
1056 3809 1220 3845 enumeran-

122 3896 182 3956 tur;
201 3907 216 3942 e
235 3891 335 3958 quibus
354 3889 519 3960 fragmentis
537 3894 655 3968 apparet
675 3890 768 3952 etiam,
787 3906 881 3942 omnes
905 3889 1000 3941 stellas
1020 3906 1036 3940 a
1055 3889 1222 3942 Parmenide

122 3988 156 4040 in
176 3988 333 4041 aetheris
353 3992 385 4042 et
403 3987 496 4042 eoeli
515 3986 665 4055 sphaera
684 3986 759 4054 poni.
797 3985 895 4038 Priore
913 3986 974 4039 loeo
994 3985 1062 4040 haee
1074 3986 1219 4054 leguntur:

197 4107 271 4174 „hiep
291 4101 316 4153 d’
338 4104 464 4171 αἰθερίην
481 4117 509 4153 τε
529 4096 616 4172 φύσιν
633 4095 670 4152 td
689 4098 712 4152 τ’
731 4100 765 4154 ἓν
784 4103 896 4169 αἰθέρι
914 4093 1023 4153 πάντα

196 4193 336 4268 σήματα,
356 4202 401 4251 καὶ
420 4197 544 4267 καθαρᾶς
563 4194 674 4266 εὐαγέως
692 4195 818 4261 ἠελίοιο

195 4291 342 4366 luiprandus
361 4295 417 4364 ἔργ’
438 4291 535 4360 didere
556 4335 561 4346 .
582 4333 588 4346 .
609 4333 614 4344 .
638 4333 644 4344 .
