2864 4904
600 359 634 422 76

69 528 138 594 dem
159 525 301 613 ἕτερον
330 531 397 594 τῶν
419 525 500 594 κατὰ
521 527 629 613 μέρος,
660 551 764 613 neque
789 551 864 597 vero
891 527 1087 612 χωριστὸν
1107 520 1168 594 ου’-

69 637 132 700 τῶν
145 639 181 720 ¹).
231 641 494 706 Luoulentissime
523 644 640 720 autem,
671 660 755 722 quae
791 642 823 706 in
850 642 1030 708 Aristotelis
1062 649 1168 708 mente

69 747 215 814 vocabuli
237 749 475 832 significatio
450 756 499 828 sit,
478 750 601 815 tinde
623 755 765 834 apparet,
798 750 883 832 quod
906 752 1077 817 notionis
1107 772 1168 816 ne-

71 859 194 938 gantis
217 859 259 924 ab
280 862 404 926 aienti
425 860 584 927 different
561 867 638 926 tram
659 862 706 926 ita
727 859 896 944 definito
896 863 1093 927 tnotionem
1113 882 1168 926 ne-

70 973 197 1047 gentem
212 969 393 1052 significare
408 970 495 1036 dnoat
506 969 549 1053 nl,
571 969 656 1054 quod
678 963 747 1036 sit‘
762 964 869 1050 παρὰ
889 991 933 1036 το
924 963 988 1034 ἐν
1009 971 1054 1058 τῆ
1075 960 1168 1034 tao-

71 1067 186 1156 φάσει
197 1066 216 1158 ',
248 1076 309 1143 hoe
332 1085 390 1155 est,
423 1079 507 1162 quod
533 1081 575 1145 ab
597 1099 645 1157 oo,
677 1079 764 1162 quod
794 1081 923 1145 notione
946 1081 1044 1145 aienti
1070 1081 1168 1145 eonti-

70 1192 190 1269 nentur,
213 1194 396 1272 separatum
420 1191 474 1270 sit3
497 1189 604 1265 veluti,
628 1194 663 1253 ut
684 1189 746 1253 hoo
768 1190 916 1272 exemplo
938 1195 1018 1271 uter,
1040 1209 1104 1254 non
1128 1227 1167 1238 -

73 1294 175 1361 album
204 1299 256 1363 vel
279 1290 318 1359 τὸ
340 1290 385 1382 μὴ
407 1290 522 1360 λευκὰν
551 1296 712 1380 signifieat
731 1296 774 1378 id,
806 1295 891 1379 quod
922 1303 972 1362 ost
1004 1294 1107 1380 παρὰ
1128 1291 1167 1360 τὰ

73 1398 191 1485 λευκόν,
214 1405 276 1472 hoo
298 1406 412 1490 estid,
444 1405 530 1490 qnod
552 1407 593 1472 ab
622 1406 696 1472 albo
719 1412 903 1490 separatum
926 1406 1017 1489 σοι’).
1061 1406 1169 1474 Faeile

81 1551 271 1561 ———

172 1651 197 1717 l)
215 1650 325 1720 Philop.
340 1652 550 1722 edilualpost.
563 1653 584 1714 1.
598 1653 641 1706 24.
660 1651 717 1707 85¹)
733 1653 778 1706 18:
798 1691 815 1721 ,‚
828 1690 853 1705 ..
872 1653 897 1704 oi
914 1654 960 1704 καὶ
978 1647 1092 1720 ἕτερόν
1110 1652 1167 1704 ἐστι

75 1745 126 1798 τῶν
142 1749 262 1816 μερικῶν
285 1745 328 1818 (τὸ
347 1744 480 1819 καθόλου)
504 1753 550 1802 καὶ
571 1750 628 1804 ἔστι
652 1768 692 1810 τις
713 1753 765 1821 μίτι
789 1743 872 1820 φύσις
897 1746 1047 1819 ὡρισμένη,
1072 1747 1167 1817 ἕτέρα

77 1832 142 1894 οὖσα
158 1845 211 1898 τῶν
222 1841 290 1898 κατὰ
308 1848 402 1916 μέρος,
421 1842 478 1898 ἀλλ’
492 1836 541 1902 σιἰν
561 1841 593 1898 οὐ
608 1841 780 1916 χωριστὴν
796 1843 974 1904 ,ὑποτίθενται
998 1845 1072 1914 (lege
1091 1843 1167 1898 ὑπσ-

77 1941 197 2008 θετέον)
216 1941 283 1996 εἶναι
303 1945 350 1994 καὶ
367 1939 463 2002 έκτὸς
485 1943 540 1996 τῶν
557 1942 679 2014 μερικῶν
698 1938 783 2008 αὐτὴν
807 1941 873 1994 καθ’
891 1938 975 2007 αὐτὴν
994 1939 1168 2013 ὑφεστῶσαν,

77 2029 130 2086 ἀλλ’
156 2036 219 2090 εἶναι
238 2037 295 2108 μέν
321 2037 417 2108 ἑτέραν
443 2038 475 2111 τῇ
493 2035 573 2108 οὐσίᾳ
595 2035 690 2092 καὶτὸ
709 2033 791 2108 λόγῳ,
817 2039 855 2108 τῷ
876 2042 971 2109 μέντοι
995 2036 1168 2110 ὑποκειμένῳ

79 2125 126 2200 οὐχ
142 2132 232 2202 ἑτέρον
250 2134 318 2188 εἶναι
338 2135 393 2190 τῶν
409 2135 558 2205 μερικῶνίι

170 2231 196 2298 2)
214 2229 337 2300 Metnph.
356 2229 402 2296 IV,
420 2233 446 2286 2.
468 2231 555 2286 1004ι
571 2233 612 2298 13,
639 2232 688 2286 ubi
706 2231 820 2303 negatio
838 2175 894 2286 dist
882 2231 1023 2302 tinguitur
1040 2248 1057 2285 e
1075 2231 1167 2300 prive-

82 2325 159 2392 tione
177 2328 236 2397 ipen
254 2328 369 2398 negatio
391 2327 576 2399 (intellegitur
594 2334 689 2384 eutem
712 2328 791 2384 notio
812 2329 938 2399 ungens),
961 2329 1001 2384 oio
1019 2327 1169 2384 definitur·

81 2423 160 2488 ,ἔνθα
177 2423 219 2494 (έν
237 2425 268 2498 τῇ
286 2419 441 2496 ἀποφάσει)
458 2415 562 2497 μέν
532 2444 581 2480 ουν
597 2427 636 2495 τῷ
660 2424 701 2480 ἑνὶ
726 2423 742 2492 ἡ
766 2421 887 2497 διαφορὰ
906 2418 1047 2494 πρόσεστι,
1065 2420 1167 2496 ’παρὰ

80 2516 112 2572 τὸ
130 2521 164 2575 έν
180 2523 214 2595 τῇ
233 2515 435 2593 ἀπσιμιίσει’·
454 2517 602 2576 ἀπουσία
616 2519 670 2591 γὰρ
693 2520 709 2586 ἡ
727 2517 873 2592 ἀπόφασις
891 2523 996 2577 ἐκείνου
1014 2522 1115 2576 ἐστίν’.
1136 2552 1168 2561 -

81 2615 118 2672 Ι)ε
129 2619 178 2673 loni
191 2599 337 2682 sententie,
357 2637 450 2688 quem,
468 2620 578 2689 opinor,
596 2619 739 2689 hueusque
750 2635 832 2673 nemo
842 2619 924 2688 plane
933 2618 1083 2687 intellexit,
1100 2617 1170 2674 haee

81 2711 200 2769 videntur
218 2715 346 2770 addenda
369 2733 435 2770 eote.
475 2717 601 2772 Primum
619 2717 648 2771 in
667 2717 760 2772 verbio
782 2714 834 2786 ‘roi
856 2715 898 2770 ivl
915 2713 931 2781 ἡ
951 2715 976 2773 tl.
996 2710 1037 2770 π.’
1057 2711 1101 2767 tut
1123 2711 1166 2769 ἕν’

81 2825 126 2876 per
133 2829 160 2865 ιο
168 2816 245 2880 ροισι
257 2829 317 2866 eene
335 2813 511 2868 notionem
530 2815 695 2884 nientem3
714 2829 897 2882 unaquaeque
908 2812 983 2868 enim
995 2811 1073 2866 notio
1083 2811 1168 2882 signi·

81 2902 139 2961 ficet
148 2908 252 2978 aliquid
265 2927 361 2978 unum,
374 2910 464 2978 idest,
478 2911 619 2982 signifieat
628 2909 635 2928 ¹
643 2907 688 2975 τί,
709 2910 785 2980 qnod
798 2910 890 2980 ipsum
906 2925 957 2978 per
970 2926 1000 2962 ee
1009 2912 1052 2963 eet
1069 2907 1115 2961 ‘iv
1124 2909 1169 2963 u’.

82 3000 177 3058 Deinde
189 2997 232 3059 ‘ro
245 3005 276 3060 έν
285 3001 439 3078 ἀπόφὰσεί
453 3008 546 3076 estid,
559 3008 633 3076 quod
641 3009 757 3062 notione
766 3007 881 3078 neganti
890 3010 1020 3077 negetur,
1036 3005 1066 3060 id
1075 3009 1169 3060 eutem

82 3103 118 3152 eet
134 3100 220 3169 ipsum
233 3101 304 3156 illud
322 3101 379 3158 ‘t'v'
397 3104 455 3159 eive
467 3105 545 3159 notio
557 3105 642 3160 aiens.
661 3104 742 3173 Tum,
761 3105 791 3158 id
801 3102 877 3173 quod
887 3102 922 3156 nd
936 3102 992 3157 loni
1002 3102 1169 3157 sententiam

81 3197 264 3263 gravissimum
274 3202 326 3267 eet,
336 3199 366 3254 in
376 3192 400 3267 ’ἡ
411 3196 533 3271 διαφορὰ
543 3195 674 3270 πρόσεστι
689 3220 711 3254 π
718 3197 779 3270 αρᾶ
789 3197 824 3254 τὸ
837 3200 852 3253 l
857 3218 873 3254 ν
884 3193 1075 3270 ἀποφάσεί,
1084 3195 1169 3269 (παρὰ

82 3285 108 3342 τὸ
118 3291 145 3346 έν
155 3288 311 3365 ἀτιμήσει’
338 3296 567 3366 estedpoeitio
585 3297 621 3351 nd
632 3290 763 3368 διαφορά,
781 3314 836 3366 que
848 3295 988 3366 idipsum,
1006 3295 1101 3364 inquo
1114 3294 1169 3349 dif-

82 3384 189 3446 ferentia
201 3392 295 3461 ponite
312 3392 359 3460 eit,
375 3392 560 3464 significatum
582 3411 702 3463 namque
714 3393 767 3450 boe
780 3394 879 3464 ipsum,
898 3387 942 3446 ‘ui
962 3388 1119 3462 εἶναιπαρὰ
1137 3389 1168 3445 τὸ

82 3482 108 3536 lv
118 3480 266 3559 ἀποφάσεί
288 3489 347 3544 sive
366 3475 540 3559 ‘soporatum
553 3508 611 3546 esee
624 3491 660 3546 ab
673 3508 716 3561 eo,
735 3491 810 3560 quod
822 3490 936 3546 notione
948 3488 1035 3544 aienti
1046 3487 1169 3544 eontine-

82 3583 144 3652 tur’,
160 3585 282 3640 notionis
300 3587 429 3656 negantis
449 3587 485 3642 eb
504 3577 594 3643 aienti
610 3587 770 3644 differentia
790 3591 841 3642 eet.
870 3587 999 3657 Denique
1016 3586 1168 3641 videndum

83 3682 126 3748 ent,
141 3682 206 3749 quid
225 3682 279 3736 eibi
292 3683 382 3738 velint
400 3684 486 3738 verbe
503 3684 558 3739 ‘roi
574 3683 615 3738 ἑνὶ
634 3681 650 3751 ἡ
672 3684 698 3738 o.
716 3678 896 3754 πρόσεστιν’,·
914 3701 985 3754 queo
997 3700 1043 3738 res
1062 3682 1114 3737 etei
1132 3682 1169 3736 ed

83 3780 194 3832 nostram
214 3779 407 3847 quaestionem
425 3797 482 3834 non
500 3779 655 3836 necessario
673 3780 806 3850 pertinet,
824 3783 919 3858 tenum
937 3779 997 3834 sine
1016 3797 1049 3834 on
1060 3779 1168 3834 Aristo·

83 3873 136 3926 tolie
151 3875 227 3930 loeus
244 3893 302 3930 non
319 3879 414 3946 potent
432 3877 566 3948 intellegi.
604 3877 789 3948 Cognoscitur
813 3881 908 3932 autem
926 3894 942 3932 e
959 3876 1169 3945 eompnretione

83 3969 192 4024 notionis
210 3971 338 4042 negantis
358 3975 386 4026 et
404 3972 551 4042 priventitn
576 3990 694 4042 querum
712 3972 872 4030 differentia
889 3973 948 4044 ¹hoo
973 3974 1034 4042 ipso
1052 3973 1113 4027 looo
1131 3972 1168 4026 eb

83 4065 222 4122 Aristotele
250 4068 394 4124 subtiliter
417 4068 566 4124 indicatur.
608 4069 651 4125 Sit
677 4088 719 4125 ex.
745 4088 789 4142 gr.
815 4061 894 4126 notio
921 4071 998 4127 aiens
1026 4068 1168 4132 ‘videns'.
1256 4131 1259 4142 ¹

83 4159 139 4218 huie
160 4165 288 4234 opponite
314 4165 394 4222 notio
412 4183 517 4237 negem
545 4167 618 4220 ‘non
637 4196 670 4207 —
689 4167 803 4222 videnr’
831 4171 860 4222 et
877 4167 992 4238 privans
1013 4166 1169 4222 ‘caetum’.

84 4254 134 4312 lem
151 4260 225 4316 notio
243 4278 348 4335 negent
367 4266 396 4317 et
414 4262 529 4334 privans
548 4279 580 4318 eo
591 4262 778 4334 eonsentiunt,
796 4264 871 4336 quod
890 4268 1010 4338 utreque
1028 4261 1169 4339 signifieat
