2862 4910
769 359 823 418 sal

240 553 420 599 caussam
443 532 693 598 efficientem
720 532 802 596 hane
825 531 1043 614 eiusfiguram
1065 533 1235 598 rettulerit.
1260 533 1347 611 Quod

240 641 283 706 ad
304 642 447 724 priorem
471 640 695 722 quaestionem
728 641 852 716 attinet,
887 660 957 704 eum
981 661 1140 722 caussam,
1177 663 1235 707 cur
1267 648 1347 707 terra

240 770 370 834 semper
401 751 434 813 in
459 747 563 814 medio
588 748 706 814 mundo
729 750 914 824 retineatur,
943 750 975 813 in
998 752 1128 832 aequali
1152 753 1224 816 eius
1250 773 1270 815 a
1292 754 1346 816 cir-

241 860 329 928 cuitu
350 859 509 924 distantia
531 864 640 939 ponat,
672 879 743 922 cum
771 858 833 922 hae
863 859 1016 942 opinione
1039 861 1169 943 proprie
1193 881 1259 926 uon
1291 861 1347 924 nisi

241 969 377 1051 globosa
393 975 498 1034 terrae
520 967 624 1052 figura
648 969 808 1051 convenit,
832 976 929 1052 atque
943 971 1000 1034 rix
1022 971 1176 1036 credibile
1198 979 1347 1052 osteum

241 1077 302 1142 boe
325 1098 390 1142 non
413 1077 697 1143 animadvertisse.
741 1077 809 1142 Sed
833 1080 903 1142 sive
924 1079 1154 1144 animadvertit
1185 1083 1258 1146 sive
1288 1100 1347 1144 non
1410 1131 1411 1168 3

241 1186 482 1264 animadvertit,
517 1192 603 1252 certe
635 1207 699 1251 non
733 1189 801 1252 sine
842 1189 997 1270 gravibus
1028 1189 1207 1254 rationibus
1245 1196 1346 1254 terrae
1410 1199 1411 1226 ³

243 1297 332 1360 illam
355 1296 445 1378 plani
463 1295 604 1377 cylindri
637 1295 773 1379 figuram
806 1296 1001 1379 adsignavit.
1046 1298 1115 1362 Iam
1149 1318 1218 1363 cum
1255 1315 1347 1378 quae·
1410 1277 1411 1336 ἶ

242 1404 378 1470 rendum
400 1405 452 1486 sit,
483 1404 545 1470 bae
577 1407 718 1470 rationes
752 1425 836 1488 quae
871 1407 972 1472 fuisse
1005 1405 1177 1471 videantur
1198 1444 1237 1451 —
1262 1407 1347 1470 nulla
1410 1467 1411 1488 ,

245 1515 329 1579 enim
353 1514 447 1579 huius
468 1514 517 1580 rei
540 1521 654 1596 aperta
677 1520 750 1578 sunt
771 1515 959 1580 testimonia
982 1517 1075 1580 --in
1109 1517 1223 1599 primis
1255 1535 1344 1598 repu-

242 1624 376 1689 tandum
402 1630 461 1704 est,
492 1623 596 1706 primo
619 1625 710 1688 initio
732 1632 850 1688 terram
886 1646 906 1688 a
941 1631 1046 1688 mente
1074 1624 1216 1690 humana
1238 1643 1342 1689 neces·

242 1733 328 1798 sario
357 1734 487 1816 planam
521 1735 638 1816 putari,
672 1740 854 1817 propterea,
889 1734 976 1814 quod
1011 1735 1092 1800 haec
1130 1735 1241 1817 opinio
1274 1733 1342 1816 ipso

243 1862 394 1907 sensuum
415 1843 598 1906 testimonio
631 1844 727 1907 menti
756 1845 848 1924 quasi
871 1843 1068 1926 imprimitur
1100 1851 1132 1908 et
1166 1844 1250 1926 quod
1283 1861 1340 1906 nou

242 1953 305 2017 nisi
328 1958 414 2016 terra
437 1952 535 2035 plana
557 1951 684 2016 videtur
707 1958 783 2033 apta
806 1972 878 2016 esse
916 1951 959 2017 ad
988 1972 1092 2034 aquas
1127 1954 1274 2035 aliasque
1296 1969 1342 2014 res

243 2061 389 2143 mobiles,
424 2062 522 2126 veluti
553 2060 698 2125 homines
723 2071 754 2125 et
777 2062 938 2142 animalia,
976 2062 1194 2127 sustinendas.
1240 2061 1340 2138 Quare

243 2168 324 2234 haec
348 2170 456 2254 opinio
479 2170 567 2253 apud
584 2171 727 2234 Graecos
750 2172 976 2253 antiquissima
1000 2179 1058 2251 est,
1083 2181 1118 2236 ut
1134 2193 1204 2237 cum
1229 2193 1268 2236 ex
1288 2169 1340 2234 ali·

242 2299 332 2344 orum
355 2286 521 2363 poetarum
546 2288 613 2344 tum
634 2300 673 2343 en
697 2280 828 2344 Homeri
853 2288 884 2344 et
906 2282 1042 2346 Hesiodi
1070 2282 1266 2346 carminibus
1288 2300 1339 2362 pa·

243 2395 302 2462 tet;
326 2408 364 2453 ac
383 2391 451 2453 sine
467 2389 567 2453 dubio
579 2390 750 2454 luculentis
767 2389 880 2454 horum
893 2397 1060 2474 poetarum
1077 2390 1340 2475 descriptionibus

242 2499 442 2579 potissimum
467 2499 590 2563 factum
613 2506 671 2575 est,
696 2505 730 2563 ut
753 2501 786 2563 in
809 2501 949 2565 omnium
974 2501 1136 2566 mentibus
1154 2500 1337 2566 inhaereret.

243 2607 321 2682 lam,
345 2627 416 2670 cum
438 2608 636 2672 increscente
659 2609 865 2690 cogitationis
893 2605 931 2672 vi
948 2617 1206 2694 cognosceretur,
1228 2617 1337 2674 terram

243 2735 307 2780 non
328 2716 514 2780 inferiorem
537 2716 648 2781 mundi
672 2725 795 2800 partem
818 2739 890 2784 esse
913 2721 1070 2801 usquein
1095 2719 1161 2784 ima
1184 2721 1253 2783 eius
1275 2720 1339 2782 loca

243 2822 502 2904 descendentem,
529 2824 587 2890 sed
611 2826 644 2888 in
671 2825 789 2890 mundo
813 2827 920 2893 medio
948 2847 1139 2911 suspensam
1163 2827 1338 2909 undiquea

243 2934 322 2997 coeli
346 2933 484 3016 sphaera
506 2934 711 3010 circumdari,
736 2937 766 2999 ei
788 2957 852 3001 non
875 2938 981 3002 minus
1004 2957 1100 3019 quam
1123 2943 1221 3001 antea
1244 2937 1339 3020 figura
1410 3021 1411 3032 ἵ

244 3042 350 3123 plana,
375 3040 442 3121 sed,
465 3061 529 3123 quo
552 3044 683 3108 facilius
706 3046 748 3111 ab
771 3066 857 3126 aqua
877 3048 928 3110 vel
951 3066 1025 3111 aere
1047 3047 1268 3119 sustineretur,
1290 3049 1338 3110 aut

244 3150 375 3238 tabulae
397 3155 454 3213 aut
477 3149 561 3215 disci
585 3158 639 3215 aut
661 3154 809 3235 tympani
831 3152 933 3234 figura
956 3154 1167 3218 tribuebatur.
1213 3155 1261 3218 Ac
1278 3171 1337 3216 me-

243 3259 398 3323 morabile
420 3279 498 3323 sane
530 3266 587 3340 est,
618 3260 705 3341 quod
738 3281 849 3325 omnes
876 3261 1062 3346 philosophi
1085 3263 1186 3328 lonici
1220 3262 1295 3327 inde
1322 3279 1338 3322 a

244 3365 380 3430 Thalete
413 3386 515 3448 usque
546 3365 590 3430 ad
622 3369 849 3450 Anaxagoram
883 3377 916 3433 et
946 3369 1164 3434 Democritum
1197 3375 1338 3453 (excepto

243 3476 381 3542 fortasse
404 3475 578 3558 Heraclito,
611 3496 804 3560 quamquam
829 3499 870 3543 ne
899 3478 960 3543 hoe
981 3478 1114 3561 quidem
1137 3487 1261 3545 certum
1284 3484 1337 3553 est)

243 3584 278 3648 in
309 3586 365 3650 illa
393 3587 552 3650 sententia
583 3594 838 3668 permanserunt,
872 3589 934 3651 etsi
968 3588 1202 3670 posterioribus
1236 3609 1336 3654 eornm

244 3695 372 3758 omnino
403 3701 481 3758 nota
516 3700 585 3759 erat
617 3694 748 3759 diversa
778 3695 1055 3778 Pythagoreorum
1089 3703 1120 3761 et
1142 3697 1337 3764 Parmenidis

243 3803 336 3884 ratio,
360 3804 415 3884 qui
437 3811 555 3868 terram
578 3803 762 3868 statuebant
783 3804 950 3886 globosam
974 3825 1058 3886 esse;
1082 3805 1123 3870 de
1147 3827 1212 3888 qua
1233 3826 1268 3872 re
1291 3827 1338 3890 po·

244 3917 314 3975 stea
337 3912 430 3992 plura
452 3912 605 3979 dicentur.
649 3914 762 3995 ltaque
785 3914 954 3996 probabile
977 3921 1035 3995 est,
1067 3914 1337 3980 Anaximandrum

244 4040 372 4103 quoque
398 4021 438 4085 ob
461 4020 592 4096 easdem
619 4019 687 4085 fere
714 4022 855 4086 rationes
878 4027 994 4086 terram
1017 4022 1148 4105 planam
1171 4025 1337 4105 putavisse,

246 4149 328 4211 quas
355 4129 447 4194 initio
467 4130 728 4195 adumbravimus
738 4129 776 4213 1);
800 4151 994 4214 quamquam
1017 4132 1102 4195 enim
1117 4132 1261 4214 putabat,
1284 4139 1338 4197 ter·

348 4267 373 4332 l)
394 4265 664 4320 Schleiermaeherus
693 4264 806 4332 (Werke
835 4265 883 4326 ΙΙΙ,
912 4268 938 4327 2,
962 4283 990 4334 p.
1010 4267 1075 4335 204)
1104 4266 1257 4320 verisimile
1285 4282 1338 4320 esse
1410 4259 1411 4284 Ι
