2882 4902
771 382 796 438 X

1286 519 1347 558 pag.

273 577 297 628 4.
336 575 412 628 Haec
431 575 567 629 vocabula
585 578 614 628 et
627 574 831 645 significatione
849 594 899 630 sua
912 577 1035 630 naturali
1055 580 1083 631 61
1095 578 1169 646 apud
1180 578 1243 631 Ari·

337 671 465 724 stotelem
484 689 536 724 usu
555 675 671 740 possunt
690 675 765 726 certe
783 672 924 727 eandem
943 691 1013 727 rem
1033 673 1191 744 significare
1233 715 1239 727 .
1304 677 1347 728 72

274 771 299 820 5.
337 767 381 820 Ab
412 768 565 837 Aristotele
587 785 686 822 revera
717 769 845 823 omnibus
871 770 938 824 locis
964 771 1057 826 allatis
1087 771 1243 840 promiscue

342 863 378 916 ad
398 861 611 933 significandum
640 864 728 918 idern
752 865 901 920 eiusdem
926 865 1128 935 philosophi
1153 867 1244 936 prin·

337 959 466 1028 cipium
485 959 656 1014 adhibentur
690 1001 1239 1017 ................
1304 967 1346 1018 85

274 1058 297 1108 6.
335 1055 417 1108 Hunc
444 1055 641 1125 philosophum
669 1057 704 1111 ab
731 1058 885 1112 Aristotele
914 1077 1012 1113 unum
1040 1060 1245 1115 Anaximan-

337 1152 437 1205 drum
456 1153 592 1221 intellegi,
613 1156 693 1208 etex
718 1155 778 1224 ipso
801 1156 951 1211 Aristotele
974 1157 1089 1226 probari
1106 1162 1198 1226 potest
1217 1161 1245 1212 et

339 1250 374 1304 ab
387 1250 516 1304 omnibus
535 1251 594 1305 eius
608 1251 810 1321 interpretibus
824 1253 1004 1323 adfirmatur,
1022 1273 1072 1309 cur
1091 1255 1126 1309 ab
1145 1255 1245 1308 horum

336 1347 504 1401 testimoniis
522 1347 752 1417 proficiscendum
771 1351 808 1404 sit
837 1391 1240 1406 ............
1288 1354 1345 1406 103

275 1446 299 1497 7.
338 1444 493 1498 Alexandri
503 1445 729 1513 Aphrodisiensis
749 1447 909 1502 testimonia
924 1448 1090 1504 adferuntur
1109 1454 1137 1504 et
1156 1449 1245 1519 expli-

338 1545 438 1596 cantur
476 1581 1239 1600 ......................
1287 1549 1343 1600 104

273 1640 298 1691 8.
336 1636 483 1692 Themistii
503 1637 663 1693 testimonia
687 1639 862 1708 adferuntur,
890 1641 1000 1696 ratione
1020 1642 1119 1696 critica
1143 1643 1245 1696 exami-

342 1739 455 1802 nantur,
474 1735 651 1803 explicantur
693 1775 1239 1794 ................
1286 1741 1341 1793 108

274 1830 300 1881 9.
338 1829 475 1898 Simplicii
488 1830 650 1886 testimonia
660 1832 792 1886 bifariam
802 1833 976 1903 dividuntur,
996 1835 1107 1905 singula
1118 1835 1245 1890 adferun-

338 1930 385 1979 tur
405 1927 644 1996 explicanturque,
662 1929 737 1982 inter
759 1946 787 1984 se
806 1935 1005 2000 comparantur
1020 1971 1238 1985 .......
1286 1935 1338 1985 113

259 2025 299 2075 10.
337 2022 487 2090 Philoponi
512 2024 676 2078 testimonia
695 2025 870 2094 adferuntur,
899 2027 984 2082 simili
1010 2027 1147 2083 divisione
1170 2028 1246 2083 adhi-

338 2119 414 2188 bita;
434 2137 506 2188 quae
525 2138 620 2176 eorum
638 2122 681 2176 vis
700 2140 732 2176 ac
749 2123 822 2176 ratio
844 2123 889 2190 sit,
909 2125 1058 2192 exponitur
1089 2164 1240 2178 .....
1285 2127 1338 2179 124

258 2219 299 2270 ll.
336 2213 460 2285 Asclepii
480 2220 509 2271 61
530 2219 659 2286 anonymi
678 2203 821 2273 cuiusdam
840 2220 1001 2275 testimonia
1019 2221 1186 2276 adferuntur
1237 2262 1242 2275 .
1285 2225 1338 2276 136

260 2316 300 2366 12.
337 2314 379 2368 De
389 2313 490 2368 horum
499 2314 724 2369 testimoniorum
735 2314 791 2368 fide
804 2320 832 2369 et
842 2315 985 2384 fontibus;
1004 2317 1039 2371 de
1052 2315 1245 2386 Theophrasto
1286 2318 1338 2371 137

155 2431 156 2434 ¹
259 2415 300 2465 18.
336 2412 485 2466 Transitur
504 2413 540 2466 ad
554 2412 669 2466 eandem
688 2429 746 2465 rem
760 2429 794 2465 ax
813 2412 874 2480 ipso
891 2412 1044 2467 Aristotele
1057 2414 1245 2481 probandam

339 2510 477 2578 adquam
497 2527 556 2563 rem
576 2508 752 2564 efficiendam
771 2527 866 2563 omnes
886 2509 949 2577 loci,
973 2509 1074 2578 quibus
1097 2509 1147 2564 illa
1166 2528 1246 2564 voca·

338 2606 405 2660 bula
430 2607 625 2671 inveniuntur,
654 2607 786 2660 bifariam
814 2606 979 2660 dividuntur
1008 2607 1037 2660 in
1060 2624 1115 2674 eos,
1146 2607 1246 2675 quibus

341 2703 424 2754 simul
443 2719 505 2756 cum
524 2702 729 2757 Anaximandri
748 2703 868 2770 nomine,
893 2706 922 2756 61
940 2704 969 2756 in
987 2720 1043 2771 eos,
1067 2703 1169 2771 quibus
1187 2703 1246 2757 sine

337 2799 390 2853 hoc
407 2799 519 2854 nomine
537 2799 719 2854 inveniuntur
731 2840 1241 2853 ...............
1243 2785 1245 2790 ¹
1287 2803 1336 2854 151

295 2935 300 2948 .
337 2898 499 2952 Aristotelis
519 2899 594 2952 locus
608 2899 732 2953 omnium
745 2899 925 2970 gravissimus
939 2899 1021 2967 Phys.
1035 2898 1056 2959 l,
1071 2900 1096 2966 4,
1115 2916 1170 2968 quo
1191 2916 1246 2952 uno

339 2991 367 3048 τὸ
386 2991 486 3065 μεταξὺ
504 2987 582 3050 orion
601 3002 748 3066 στοιχείων
766 2997 900 3065 cumipso
915 2997 1116 3052 Anaximandri
1135 2997 1247 3051 nomine

338 3091 527 3161 coniungitur,
546 3091 674 3145 adfertur
692 3097 720 3145 et
739 3097 867 3147 accurate
886 3092 1127 3147 circumscribitur
1163 3133 1169 3146 .
1199 3133 1204 3144 .
1235 3132 1240 3144 .
1285 3095 1338 3146 152

294 3228 300 3241 .
337 3189 380 3243 De
398 3207 505 3244 summa
524 3189 605 3242 huius
629 3189 684 3243 loci
704 3190 842 3244 sententia
861 3190 1017 3258 quaeritur;
1041 3191 1170 3258 aliorum,
1187 3191 1247 3244 Zel-

340 3287 399 3354 leri,
418 3287 521 3356 Liitzii,
548 3287 582 3340 de
607 3286 664 3340 hac.
682 3304 713 3340 re
737 3275 882 3356 opiniones
906 3287 1087 3354 refelluntur;
1117 3289 1194 3342 locus
1217 3289 1247 3341 in

338 3388 432 3450 partes
452 3400 514 3436 suas
526 3383 685 3451 resolvitur,
705 3385 795 3452 ipsum
815 3383 874 3438 eius
888 3389 1085 3454 argumentum
1097 3385 1248 3454 exponitur
1287 3389 1338 3438 154

294 3519 299 3530 .
337 3479 489 3533 Acceditur
511 3480 547 3534 ad
560 3480 615 3535 loci
634 3484 743 3549 partem
755 3481 961 3551 gravissimam,
980 3498 1051 3549 quae
1064 3481 1154 3550 ipsam
1164 3499 1247 3550 qnae·

338 3578 458 3631 ationem
477 3577 615 3645 continet3
645 3579 796 3646 exponitur
815 3579 967 3649 singularis
992 3579 1046 3633 loci
1065 3579 1138 3632 ratio
1156 3596 1248 3648 gram·

339 3674 454 3741 mati0a3
474 3691 508 3727 ex
527 3674 579 3728 hac
595 3678 676 3742 patet
695 3675 834 3729 sententia
875 3714 1241 3728 ...........
1286 3677 1336 3730 167

293 3809 299 3821 .
336 3769 533 3837 Explicatlone
551 3770 680 3824 absoluta
699 3769 829 3838 efficitur,
849 3771 1029 3826 Aristotelem
1042 3770 1094 3825 hoc
1112 3771 1172 3824 loco
1193 3788 1247 3824 no·

338 3866 491 3920 minatim
519 3868 816 3922 Anaximandrum
854 3886 927 3922 eum
954 3868 1080 3934 dicere,
1109 3867 1170 3935 qni
1195 3884 1248 3920 na·

339 3968 453 4016 turam
473 3963 565 4016 inter
589 3981 710 4042 aerem¹
726 3969 759 4018 et
782 3965 895 4034 ignem
918 3964 1062 4019 madiam
1088 3961 1129 4029 (ui
1148 3961 1249 4034 μεταξὺ

337 4057 416 4130 ἀέρος
435 4065 480 4114 καὶ
498 4059 595 4131 πυρὸς)
614 4080 701 4115 unum
721 4063 845 4116 omnium
865 4080 958 4116 rerum
970 4062 1141 4131 principium
1160 4065 1248 4130 ponat
1285 4064 1336 4115 175

294 4198 300 4210 .
337 4159 379 4211 De
396 4163 521 4212 veterum
541 4160 664 4213 eiusdem
685 4161 739 4214 loci
758 4159 934 4214 Aristotelici
953 4159 1246 4228 interpretationibus;

339 4255 488 4324 Porphyrii
500 4245 701 4325 interpretatio
721 4256 899 4325 proponitur,
918 4260 980 4310 tota
1000 4257 1059 4310 eins
1073 4257 1146 4310 ratio
1161 4256 1248 4324 expli-

340 4356 429 4413 catur,
449 4352 553 4421 partim
575 4371 608 4407 ex
628 4353 687 4422 ipso
707 4352 859 4406 Aristotele
877 4353 1032 4406 revincitur
1057 4392 1243 4406 ......
1288 4353 1337 4406 176
