2864 4910
253 563 374 629 dionali
396 564 590 628 constitutus
610 569 708 643 esset,
733 563 861 644 hacque
889 583 926 628 re
948 564 1058 645 aliquo
1087 562 1183 628 modo
1211 585 1288 630 usus
1308 571 1349 629 est

252 673 296 738 ad
316 672 545 737 inveniendam
567 673 644 736 solis
654 671 870 736 distantiam?
888 671 971 736 llam
985 671 1130 756 profecto
1149 673 1206 737 illa
1217 676 1347 756 cognitio

254 784 338 847 ultro
361 783 456 864 quasi
467 783 567 846 menti
591 780 804 860 seolierebst,
825 779 854 846 si
876 782 940 845 sibi
955 788 1170 864 persuaserat,
1187 785 1347 865 gnomonis

254 893 369 957 umbra
396 893 549 956 circulum
572 891 736 955 aod'acum
761 890 932 974 eognosci;
963 897 1089 956 etcum
1112 890 1346 957 Lacedaemone

254 1019 446 1084 gnomonem
481 1001 514 1064 in
544 1002 675 1065 solariis
701 1003 856 1066 statuisse
878 1001 1026 1065 tradatur
1034 1006 1066 1078 ¹),
1099 1000 1182 1066 nihil
1214 1001 1345 1086 impedit,

255 1111 427 1192 quominus
451 1111 540 1174 illam
563 1110 694 1173 umbrae
724 1110 883 1174 rationem
912 1111 986 1193 ipsa
1013 1111 1219 1195 experientia
1241 1133 1344 1194 coguo-

254 1220 346 1283 rerit
389 1218 598 1299 Quamquam,
628 1238 703 1282 uum
739 1217 800 1282 bac
833 1220 1020 1300 cognitione
1054 1219 1196 1302 potuerit
1227 1221 1282 1300 uti,
1310 1221 1344 1283 ab

255 1330 324 1392 cius
357 1327 493 1392 scientia
525 1326 754 1391 mathematica
791 1328 956 1410 pendet2).
1010 1329 1128 1393 Verum
1160 1329 1229 1394 lieri
1259 1331 1343 1394 etiam

256 1437 370 1520 possit,
401 1445 436 1501 ut
465 1438 552 1500 illam
575 1437 709 1501 umbrae
740 1438 898 1501 rationem
928 1457 951 1500 a
970 1439 1162 1520 Babyloniis
1196 1435 1343 1516 didicerit,

255 1547 307 1611 vel
330 1547 427 1610 etiam
449 1547 493 1610 ab
504 1544 686 1628 Aegyptiis,
709 1548 763 1627 qui
776 1547 872 1628 primi
884 1545 1036 1610 dicuntur
1055 1567 1096 1611 ea
1111 1546 1153 1612 ad
1165 1567 1344 1630 cognoscen-

256 1656 330 1720 dam
351 1655 431 1720 solis
453 1654 641 1719 distantiam
665 1655 714 1718 usi
738 1657 854 1730 esaei).
899 1655 968 1720 Nee
989 1676 1066 1720 vero
1089 1658 1343 1739 praetereundum

257 1774 316 1845 est,
347 1766 379 1828 in
403 1765 466 1829 illis
489 1764 723 1829 Anaximandri
753 1766 899 1830 numeris
921 1765 1077 1846 quiddam
1100 1766 1219 1847 inesse,
1251 1787 1331 1848 equo

256 1877 361 1940 conici
382 1875 497 1958 possit,
519 1894 592 1939 eum
616 1876 648 1938 iu
672 1875 903 1940 constituendis
917 1875 1175 1956 magnitudinum
1191 1883 1224 1940 et
1237 1877 1344 1940 distan-

257 1987 375 2049 tiarum
406 1984 587 2047 rationibus
611 1982 773 2064 quendam
806 1983 948 2065 ipsorum
984 2003 1189 2049 numerorum
1213 1985 1343 2050 ordinem

258 2115 297 2159 ac
320 2095 424 2176 legem
447 2099 591 2156 secutum
614 2112 701 2160 esse:
729 2092 816 2173 quod
838 2093 914 2174 quid
936 2093 1132 2174 intellegam,
1162 2113 1204 2157 ex
1226 2094 1343 2158 adnota-

258 2205 378 2266 tatioue
412 2201 576 2285 patebit⁴).
620 2202 767 2283 Denique
800 2221 863 2265 non
898 2203 1012 2265 inutile
1045 2203 1185 2294 videtur,
1218 2205 1343 2284 aliquem

259 2363 458 2372 --...-—-—

360 2457 386 2524 1)
404 2455 438 2509 D.
456 2454 552 2508 Laert.
572 2455 590 2507 l.
610 2455 629 2507 l.

363 2554 390 2620 2)
408 2551 485 2605 Snid.
504 2569 526 2604 a.
546 2571 572 2604 r.
586 2547 824 2621 Ἀναξιζυανδροςε
851 2545 1000 2620 »γνώμονά
1025 2569 1052 2603 re
1071 2547 1203 2620 εἲσήγαγε
1226 2555 1266 2604 καὶ
1283 2546 1342 2606 ὅλως

260 2654 471 2719 γεωμετρίας
488 2644 708 2700 ὑποτύπωσιν
726 2648 854 2706 ἓδειξεν.“

359 2751 387 2811 3)
407 2746 461 2800 vid
487 2745 590 2800 Incerti
610 2746 733 2798 auctoris
752 2751 916 2814 excerptum
935 2746 1164 2799 mathematicum
1184 2747 1214 2798 in
1226 2745 1279 2798 Iani
1292 2743 1342 2796 lla·

259 2845 335 2898 crob.
354 2845 376 2904 I,
399 2847 441 2895 17.

359 2943 387 3006 4)
405 2944 496 2993 Antea
521 2940 651 3006 vidimus,
679 2940 746 2993 solis
773 2941 906 2992 annulum
938 2941 974 2993 ab
998 2941 1151 3008 Hippolyto
1179 2941 1234 2994 dici
1250 2936 1342 2992 xxvii

259 3038 388 3107 partibus
418 3037 551 3090 maiorem
573 3053 632 3089 esse
661 3055 744 3104 quarn
763 3038 897 3091 annulum
917 3037 1009 3104 lunae,
1036 3055 1053 3090 a
1072 3038 1242 3091 Placitorum
1261 3040 1341 3089 autem

259 3134 442 3202 scriptoribus
468 3133 572 3185 XXVII
601 3133 645 3185 vel
663 3131 779 3185 XXVIII
808 3133 937 3201 partibus
965 3134 1100 3186 maiorem
1129 3151 1213 3201 quarn
1243 3138 1342 3185 terram.

260 3230 422 3282 Omittimus
441 3229 582 3295 hocloco,
601 3226 676 3296 quod
694 3231 760 3282 solis
780 3230 899 3282 annulus
919 3229 955 3282 ab
976 3231 1026 3282 illo
1051 3247 1113 3284 cum
1138 3231 1241 3283 annulo
1266 3230 1343 3281 lunae.

260 3328 296 3382 ab
315 3328 358 3380 luis
376 3345 438 3380 cum
457 3333 534 3380 terra
558 3333 745 3395 comparatur.
782 3327 836 3380 Sed
865 3328 918 3381 hoc
944 3328 1045 3380 mirum
1072 3327 1195 3395 videtur,
1225 3326 1294 3395 qood
1316 3324 1345 3375 de

261 3425 384 3478 eiusdem
402 3424 444 3476 rei
464 3423 660 3492 magnitudine
679 3442 713 3477 ex
732 3425 831 3478 iisdem
849 3425 909 3478 sine
928 3424 1015 3477 dubio
1038 3424 1164 3477 fontibus
1189 3425 1218 3478 hi
1237 3425 1287 3476 duo
1303 3440 1344 3474 nu·

261 3524 341 3590 meri,
361 3521 464 3576 XXVII
485 3526 514 3574 et
533 3521 651 3574 XXVIII
669 3521 838 3574 reseruntur.
876 3521 908 3574 ln
920 3523 980 3590 ipsa
991 3521 1183 3590 disputatione
1193 3521 1344 3577 monuimus,

261 3618 503 3673 Anaximandrum
527 3617 750 3686 magnitudinem
773 3619 839 3670 solis
868 3619 963 3671 annuli
990 3619 1049 3671 sine
1077 3617 1163 3670 dubio
1190 3618 1345 3671 invenisses

262 3718 328 3770 solis
346 3735 362 3769 a
381 3725 457 3770 terra
475 3715 618 3768 distantia.
654 3715 713 3767 Iam
733 3715 757 3766 si
774 3715 916 3782 sumimus,
935 3717 1033 3770 stellae
1052 3715 1170 3768 alicuius
1190 3734 1206 3769 a
1225 3721 1296 3768 terra
1312 3711 1345 3763 di·

262 3813 394 3867 stantiam
412 3812 538 3880 intellegi
565 3810 594 3864 id
623 3812 808 3878 intervallum,
837 3829 892 3879 quo
920 3812 1003 3864 stella
1029 3829 1046 3864 a
1064 3815 1184 3864 terrae
1211 3810 1345 3864 circuitu
1414 3819 1415 3830 ³

263 3911 336 3965 sive
353 3911 507 3980 margine
527 3910 611 3976 absit,
633 3909 655 3961 si
675 3909 796 3977 exempli
819 3926 915 3962 caussa
934 3909 1071 3976 ponimus,
1099 3910 1209 3962 stellam
1238 3907 1345 3974 aliquam

263 4007 397 4060 Vterrae
414 4006 501 4059 radiis
527 4023 543 4060 a
565 3983 657 4058 terrae
674 4005 831 4074 margine
853 4004 968 4071 distare,
993 4004 1074 4056 huius
1102 4004 1203 4057 stellae
1228 4023 1245 4058 a
1267 4007 1345 4055 terrae

263 4107 382 4158 centro
401 4103 535 4156 distantia
553 4119 609 4155 non
629 4102 653 4155 V
673 4101 721 4154 sed
739 4100 778 4153 VI
796 4101 925 4168 partibus
943 4101 1033 4154 maior
1052 4105 1094 4153 est
1113 4106 1298 4168 quam'terrae
1309 4114 1344 4149 ra-

263 4202 334 4270 dius,
358 4201 490 4271 quoniam
518 4199 564 4252 hic
582 4200 641 4268 ipse
667 4198 762 4252 radius
789 4198 976 4251 adsumendus
1001 4201 1056 4262 est;
1085 4201 1113 4250 et
1143 4196 1247 4252 idcirco
1273 4195 1345 4248 etiam

263 4299 360 4352 stellae
378 4296 497 4350 annulus
515 4313 571 4348 uon
591 4296 613 4348 V
633 4296 680 4348 sed
700 4295 738 4347 Vl
760 4295 890 4362 partibus
914 4295 1003 4348 maior
1025 4298 1065 4347 est
1093 4311 1178 4360 quarn
1197 4298 1286 4346 terrae
1302 4289 1345 4343 cir·

1414 4399 1415 4432 t
