<?xml version="1.0" encoding="UTF-8"?>
<!DOCTYPE html PUBLIC "-//W3C//DTD XHTML 1.0 Transitional//EN"
    "http://www.w3.org/TR/xhtml1/DTD/xhtml1-transitional.dtd">
<html xmlns="http://www.w3.org/1999/xhtml" xml:lang="en" lang="en">
 <head>
  <title>
</title>
<meta http-equiv="Content-Type" content="text/html;charset=utf-8" />
  <meta name='ocr-system' content='tesseract 3.04.00' />
  <meta name='ocr-capabilities' content='ocr_page ocr_carea ocr_par ocr_line ocrx_word'/>
</head>
<body>
  <div class='ocr_page' id='page_1' title='image "./anaximandermile00neuhgoog_0211.png"; bbox 0 0 2828 4906; ppageno 0'>
   <div class='ocr_carea' id='block_1_1' title="bbox 764 350 857 406">
    <p class='ocr_par' dir='ltr' id='par_1_1' title="bbox 764 350 857 406">
     <span class='ocr_line' id='line_1_1' title="bbox 764 350 857 406; baseline -0.054 -1"><span class='ocrx_word' id='word_1_1' title='bbox 764 350 815 406; x_wconf 75' lang='grc'>186</span> <span class='ocrx_word' id='word_1_2' title='bbox 856 395 857 400; x_wconf 75' lang='grc'>,</span> 
     </span>
    </p>
   </div>
   <div class='ocr_carea' id='block_1_2' title="bbox 209 521 1351 4325">
    <p class='ocr_par' dir='ltr' id='par_1_2' title="bbox 209 521 1342 2791">
     <span class='ocr_line' id='line_1_2' title="bbox 235 521 1324 607; baseline -0.001 -21"><span class='ocrx_word' id='word_1_3' title='bbox 235 521 333 587; x_wconf 88' lang='lat' dir='ltr'>lenda</span> <span class='ocrx_word' id='word_1_4' title='bbox 356 523 527 607; x_wconf 89' lang='lat' dir='ltr'>Porphyrii</span> <span class='ocrx_word' id='word_1_5' title='bbox 557 523 596 588; x_wconf 95' lang='lat' dir='ltr'>de</span> <span class='ocrx_word' id='word_1_6' title='bbox 619 522 680 590; x_wconf 88' lang='lat' dir='ltr'>hoc</span> <span class='ocrx_word' id='word_1_7' title='bbox 702 525 882 590; x_wconf 90' lang='lat' dir='ltr'>Aristotelis</span> <span class='ocrx_word' id='word_1_8' title='bbox 913 525 986 590; x_wconf 94' lang='lat' dir='ltr'>loco</span> <span class='ocrx_word' id='word_1_9' title='bbox 1020 526 1181 590; x_wconf 87' lang='lat' dir='ltr'>sententia</span> <span class='ocrx_word' id='word_1_10' title='bbox 1200 521 1324 598; x_wconf 82' lang='lat' dir='ltr'>versari,</span> 
     </span>
     <span class='ocr_line' id='line_1_3' title="bbox 236 630 1327 717; baseline -0.001 -22"><span class='ocrx_word' id='word_1_11' title='bbox 236 630 449 715; x_wconf 82' lang='lat' dir='ltr'>Porphyrium</span> <span class='ocrx_word' id='word_1_12' title='bbox 471 640 580 699; x_wconf 85' lang='lat' dir='ltr'>autom</span> <span class='ocrx_word' id='word_1_13' title='bbox 603 633 688 700; x_wconf 88' lang='lat' dir='ltr'>huno</span> <span class='ocrx_word' id='word_1_14' title='bbox 710 635 815 699; x_wconf 88' lang='lat' dir='ltr'>locum</span> <span class='ocrx_word' id='word_1_15' title='bbox 839 634 885 700; x_wconf 85' lang='lat' dir='ltr'>ita</span> <span class='ocrx_word' id='word_1_16' title='bbox 908 633 1108 717; x_wconf 79' lang='lat' dir='ltr'>intellegere,</span> <span class='ocrx_word' id='word_1_17' title='bbox 1130 639 1164 699; x_wconf 91' lang='lat' dir='ltr'>ut</span> <span class='ocrx_word' id='word_1_18' title='bbox 1184 653 1246 706; x_wconf 91' lang='lat' dir='ltr'>eos,</span> <span class='ocrx_word' id='word_1_19' title='bbox 1274 632 1327 713; x_wconf 84' lang='lat' dir='ltr'>qui</span> 
     </span>
     <span class='ocr_line' id='line_1_4' title="bbox 237 741 1327 826; baseline -0.003 -19"><span class='ocrx_word' id='word_1_20' title='bbox 237 741 268 806; x_wconf 92' lang='lat' dir='ltr'>id</span> <span class='ocrx_word' id='word_1_21' title='bbox 290 742 377 824; x_wconf 86' lang='lat' dir='ltr'>quod</span> <span class='ocrx_word' id='word_1_22' title='bbox 398 749 447 808; x_wconf 88' lang='lat' dir='ltr'>est</span> <span class='ocrx_word' id='word_1_23' title='bbox 469 763 580 808; x_wconf 92' lang='lat' dir='ltr'>unum</span> <span class='ocrx_word' id='word_1_24' title='bbox 603 751 733 826; x_wconf 88' lang='lat' dir='ltr'>ponant,</span> <span class='ocrx_word' id='word_1_25' title='bbox 761 745 870 808; x_wconf 85' lang='lat' dir='ltr'>statim</span> <span class='ocrx_word' id='word_1_26' title='bbox 893 743 997 809; x_wconf 93' lang='lat' dir='ltr'>dividi</span> <span class='ocrx_word' id='word_1_27' title='bbox 1019 742 1109 810; x_wconf 88' lang='lat' dir='ltr'>dicat</span> <span class='ocrx_word' id='word_1_28' title='bbox 1132 744 1248 819; x_wconf 90' lang='lat' dir='ltr'>ineos,</span> <span class='ocrx_word' id='word_1_29' title='bbox 1274 742 1327 822; x_wconf 87' lang='lat' dir='ltr'>qui</span> 
     </span>
     <span class='ocr_line' id='line_1_5' title="bbox 236 849 1328 936; baseline -0.001 -21"><span class='ocrx_word' id='word_1_30' title='bbox 236 850 267 916; x_wconf 93' lang='lat' dir='ltr'>id</span> <span class='ocrx_word' id='word_1_31' title='bbox 291 871 386 916; x_wconf 89' lang='lat' dir='ltr'>unum</span> <span class='ocrx_word' id='word_1_32' title='bbox 408 871 466 918; x_wconf 89' lang='lat' dir='ltr'>ens</span> <span class='ocrx_word' id='word_1_33' title='bbox 488 871 628 936; x_wconf 92' lang='lat' dir='ltr'>corpus</span> <span class='ocrx_word' id='word_1_34' title='bbox 661 852 818 918; x_wconf 84' lang='lat' dir='ltr'>infinite</span> <span class='ocrx_word' id='word_1_35' title='bbox 848 852 990 919; x_wconf 89' lang='lat' dir='ltr'>dictum</span> <span class='ocrx_word' id='word_1_36' title='bbox 1017 860 1049 917; x_wconf 92' lang='lat' dir='ltr'>et</span> <span class='ocrx_word' id='word_1_37' title='bbox 1071 853 1105 917; x_wconf 93' lang='lat' dir='ltr'>in</span> <span class='ocrx_word' id='word_1_38' title='bbox 1129 873 1193 930; x_wconf 89' lang='lat' dir='ltr'>cos,</span> <span class='ocrx_word' id='word_1_39' title='bbox 1225 849 1328 934; x_wconf 91' lang='lat' dir='ltr'>quiid</span> 
     </span>
     <span class='ocr_line' id='line_1_6' title="bbox 236 962 1330 1029; baseline -0.001 -5"><span class='ocrx_word' id='word_1_40' title='bbox 236 980 334 1026; x_wconf 93' lang='lat' dir='ltr'>unum</span> <span class='ocrx_word' id='word_1_41' title='bbox 359 980 416 1026; x_wconf 91' lang='lat' dir='ltr'>ens</span> <span class='ocrx_word' id='word_1_42' title='bbox 438 967 506 1028; x_wconf 89' lang='lat' dir='ltr'>aut</span> <span class='ocrx_word' id='word_1_43' title='bbox 528 981 641 1027; x_wconf 87' lang='lat' dir='ltr'>unum</span> <span class='ocrx_word' id='word_1_44' title='bbox 665 962 830 1028; x_wconf 83' lang='lat' dir='ltr'>utribus</span> <span class='ocrx_word' id='word_1_45' title='bbox 853 964 1057 1029; x_wconf 88' lang='lat' dir='ltr'>elementis</span> <span class='ocrx_word' id='word_1_46' title='bbox 1080 968 1147 1027; x_wconf 91' lang='lat' dir='ltr'>aut</span> <span class='ocrx_word' id='word_1_47' title='bbox 1169 968 1330 1026; x_wconf 86' lang='lat' dir='ltr'>naturam</span> 
     </span>
     <span class='ocr_line' id='line_1_7' title="bbox 237 1068 1331 1151; baseline -0.001 -18"><span class='ocrx_word' id='word_1_48' title='bbox 237 1069 429 1151; x_wconf 86' lang='lat' dir='ltr'>quandam</span> <span class='ocrx_word' id='word_1_49' title='bbox 462 1070 565 1136; x_wconf 89' lang='lat' dir='ltr'>inter</span> <span class='ocrx_word' id='word_1_50' title='bbox 599 1071 671 1136; x_wconf 93' lang='lat' dir='ltr'>duo</span> <span class='ocrx_word' id='word_1_51' title='bbox 704 1073 900 1138; x_wconf 88' lang='lat' dir='ltr'>elementa</span> <span class='ocrx_word' id='word_1_52' title='bbox 929 1069 1094 1138; x_wconf 88' lang='lat' dir='ltr'>mediam</span> <span class='ocrx_word' id='word_1_53' title='bbox 1125 1090 1197 1136; x_wconf 89' lang='lat' dir='ltr'>esse</span> <span class='ocrx_word' id='word_1_54' title='bbox 1227 1068 1331 1147; x_wconf 89' lang='lat' dir='ltr'>velint,</span> 
     </span>
     <span class='ocr_line' id='line_1_8' title="bbox 236 1178 1333 1263; baseline 0 -21"><span class='ocrx_word' id='word_1_55' title='bbox 236 1178 435 1262; x_wconf 78' lang='lat' dir='ltr'>Simplicium</span> <span class='ocrx_word' id='word_1_56' title='bbox 459 1185 570 1245; x_wconf 91' lang='lat' dir='ltr'>contra</span> <span class='ocrx_word' id='word_1_57' title='bbox 591 1180 647 1263; x_wconf 83' lang='lat' dir='ltr'>ila,</span> <span class='ocrx_word' id='word_1_58' title='bbox 678 1187 713 1247; x_wconf 91' lang='lat' dir='ltr'>ut</span> <span class='ocrx_word' id='word_1_59' title='bbox 735 1200 800 1262; x_wconf 91' lang='lat' dir='ltr'>eos,</span> <span class='ocrx_word' id='word_1_60' title='bbox 831 1180 943 1263; x_wconf 89' lang='lat' dir='ltr'>quiid</span> <span class='ocrx_word' id='word_1_61' title='bbox 965 1179 1051 1262; x_wconf 89' lang='lat' dir='ltr'>quod</span> <span class='ocrx_word' id='word_1_62' title='bbox 1083 1187 1134 1246; x_wconf 86' lang='lat' dir='ltr'>est</span> <span class='ocrx_word' id='word_1_63' title='bbox 1157 1199 1262 1246; x_wconf 92' lang='lat' dir='ltr'>unum</span> <span class='ocrx_word' id='word_1_64' title='bbox 1282 1184 1333 1243; x_wconf 89' lang='lat' dir='ltr'>at·</span> 
     </span>
     <span class='ocr_line' id='line_1_9' title="bbox 209 1288 1333 1385; baseline -0.002 -32"><span class='ocrx_word' id='word_1_65' title='bbox 209 1372 216 1385; x_wconf 31' lang='grc' dir='ltr'>Ι</span> <span class='ocrx_word' id='word_1_66' title='bbox 236 1308 308 1369; x_wconf 88' lang='lat' dir='ltr'>que</span> <span class='ocrx_word' id='word_1_67' title='bbox 331 1309 446 1354; x_wconf 90' lang='lat' dir='ltr'>unum</span> <span class='ocrx_word' id='word_1_68' title='bbox 479 1289 634 1371; x_wconf 91' lang='lat' dir='ltr'>quidem</span> <span class='ocrx_word' id='word_1_69' title='bbox 653 1310 796 1373; x_wconf 85' lang='lat' dir='ltr'>corpus</span> <span class='ocrx_word' id='word_1_70' title='bbox 819 1295 949 1373; x_wconf 87' lang='lat' dir='ltr'>ponant,</span> <span class='ocrx_word' id='word_1_71' title='bbox 983 1288 1085 1356; x_wconf 89' lang='lat' dir='ltr'>dividi</span> <span class='ocrx_word' id='word_1_72' title='bbox 1109 1289 1195 1356; x_wconf 87' lang='lat' dir='ltr'>dieat</span> <span class='ocrx_word' id='word_1_73' title='bbox 1216 1288 1249 1353; x_wconf 92' lang='lat' dir='ltr'>in</span> <span class='ocrx_word' id='word_1_74' title='bbox 1269 1295 1333 1368; x_wconf 84' lang='lat' dir='ltr'>eus,</span> 
     </span>
     <span class='ocr_line' id='line_1_10' title="bbox 236 1396 1334 1482; baseline -0.003 -20"><span class='ocrx_word' id='word_1_75' title='bbox 236 1398 292 1480; x_wconf 87' lang='lat' dir='ltr'>qui</span> <span class='ocrx_word' id='word_1_76' title='bbox 325 1396 358 1462; x_wconf 93' lang='lat' dir='ltr'>id</span> <span class='ocrx_word' id='word_1_77' title='bbox 387 1418 503 1482; x_wconf 90' lang='lat' dir='ltr'>corpus</span> <span class='ocrx_word' id='word_1_78' title='bbox 533 1419 660 1465; x_wconf 90' lang='lat' dir='ltr'>unum</span> <span class='ocrx_word' id='word_1_79' title='bbox 699 1419 751 1464; x_wconf 86' lang='lat' dir='ltr'>ex</span> <span class='ocrx_word' id='word_1_80' title='bbox 783 1399 1030 1464; x_wconf 90' lang='lat' dir='ltr'>elementis</span> <span class='ocrx_word' id='word_1_81' title='bbox 1065 1405 1098 1464; x_wconf 89' lang='lat' dir='ltr'>et</span> <span class='ocrx_word' id='word_1_82' title='bbox 1133 1401 1251 1476; x_wconf 86' lang='lat' dir='ltr'>ineos,</span> <span class='ocrx_word' id='word_1_83' title='bbox 1281 1398 1334 1479; x_wconf 88' lang='lat' dir='ltr'>qui</span> 
     </span>
     <span class='ocr_line' id='line_1_11' title="bbox 236 1505 1334 1589; baseline -0.002 -19"><span class='ocrx_word' id='word_1_84' title='bbox 236 1505 271 1571; x_wconf 94' lang='lat' dir='ltr'>id</span> <span class='ocrx_word' id='word_1_85' title='bbox 319 1512 497 1571; x_wconf 86' lang='lat' dir='ltr'>naturam</span> <span class='ocrx_word' id='word_1_86' title='bbox 534 1507 722 1589; x_wconf 85' lang='lat' dir='ltr'>quandam</span> <span class='ocrx_word' id='word_1_87' title='bbox 766 1506 929 1573; x_wconf 88' lang='lat' dir='ltr'>mediam</span> <span class='ocrx_word' id='word_1_88' title='bbox 966 1527 1037 1574; x_wconf 89' lang='lat' dir='ltr'>esse</span> <span class='ocrx_word' id='word_1_89' title='bbox 1083 1513 1240 1586; x_wconf 87' lang='lat' dir='ltr'>statuant,</span> <span class='ocrx_word' id='word_1_90' title='bbox 1280 1505 1334 1571; x_wconf 87' lang='lat' dir='ltr'>vix</span> 
     </span>
     <span class='ocr_line' id='line_1_12' title="bbox 236 1605 1335 1700; baseline -0.003 -20"><span class='ocrx_word' id='word_1_91' title='bbox 236 1618 355 1700; x_wconf 89' lang='lat' dir='ltr'>poteris</span> <span class='ocrx_word' id='word_1_92' title='bbox 387 1636 449 1680; x_wconf 90' lang='lat' dir='ltr'>non</span> <span class='ocrx_word' id='word_1_93' title='bbox 473 1614 614 1699; x_wconf 89' lang='lat' dir='ltr'>credere,</span> <span class='ocrx_word' id='word_1_94' title='bbox 644 1617 837 1682; x_wconf 89' lang='lat' dir='ltr'>vocabulum</span> <span class='ocrx_word' id='word_1_95' title='bbox 867 1607 917 1678; x_wconf 80' lang='lat' dir='ltr'>‘oi</span> <span class='ocrx_word' id='word_1_96' title='bbox 941 1605 1190 1699; x_wconf 76' lang='lat' dir='ltr'>ruposrpppe‘vor&#39;</span> <span class='ocrx_word' id='word_1_97' title='bbox 1222 1613 1335 1680; x_wconf 90' lang='lat' dir='ltr'>dictum</span> 
     </span>
     <span class='ocr_line' id='line_1_13' title="bbox 237 1722 1336 1807; baseline -0.005 -17"><span class='ocrx_word' id='word_1_98' title='bbox 237 1745 308 1791; x_wconf 87' lang='lat' dir='ltr'>esse</span> <span class='ocrx_word' id='word_1_99' title='bbox 344 1748 364 1790; x_wconf 89' lang='lat' dir='ltr'>a</span> <span class='ocrx_word' id='word_1_100' title='bbox 400 1725 627 1791; x_wconf 85' lang='lat' dir='ltr'>vocabulorum</span> <span class='ocrx_word' id='word_1_101' title='bbox 661 1726 730 1792; x_wconf 86' lang='lat' dir='ltr'>sive</span> <span class='ocrx_word' id='word_1_102' title='bbox 763 1725 929 1792; x_wconf 89' lang='lat' dir='ltr'>notionum</span> <span class='ocrx_word' id='word_1_103' title='bbox 965 1724 1090 1802; x_wconf 83' lang='lat' dir='ltr'>ordine,</span> <span class='ocrx_word' id='word_1_104' title='bbox 1127 1725 1244 1807; x_wconf 90' lang='lat' dir='ltr'>quibus</span> <span class='ocrx_word' id='word_1_105' title='bbox 1290 1722 1336 1787; x_wconf 94' lang='lat' dir='ltr'>illi</span> 
     </span>
     <span class='ocr_line' id='line_1_14' title="bbox 233 1825 1335 1921; baseline 0 -23"><span class='ocrx_word' id='word_1_106' title='bbox 233 1827 285 1898; x_wconf 82' lang='lat' dir='ltr'>‘oi</span> <span class='ocrx_word' id='word_1_107' title='bbox 308 1825 387 1914; x_wconf 71' lang='grc' dir='ltr'>μέν’</span> <span class='ocrx_word' id='word_1_108' title='bbox 424 1836 491 1900; x_wconf 85' lang='lat' dir='ltr'>sive</span> <span class='ocrx_word' id='word_1_109' title='bbox 526 1836 649 1918; x_wconf 88' lang='lat' dir='ltr'>priores</span> <span class='ocrx_word' id='word_1_110' title='bbox 684 1834 831 1921; x_wconf 87' lang='lat' dir='ltr'>physicis</span> <span class='ocrx_word' id='word_1_111' title='bbox 855 1834 1009 1918; x_wconf 80' lang='lat' dir='ltr'>deinceps</span> <span class='ocrx_word' id='word_1_112' title='bbox 1046 1832 1254 1911; x_wconf 90' lang='lat' dir='ltr'>definiuntur,</span> <span class='ocrx_word' id='word_1_113' title='bbox 1291 1853 1335 1898; x_wconf 93' lang='lat' dir='ltr'>re·</span> 
     </span>
     <span class='ocr_line' id='line_1_15' title="bbox 237 1942 1338 2028; baseline -0.004 -20"><span class='ocrx_word' id='word_1_114' title='bbox 237 1943 379 2025; x_wconf 87' lang='lat' dir='ltr'>ferrique</span> <span class='ocrx_word' id='word_1_115' title='bbox 412 1945 515 2010; x_wconf 89' lang='lat' dir='ltr'>solum</span> <span class='ocrx_word' id='word_1_116' title='bbox 552 1943 595 2010; x_wconf 86' lang='lat' dir='ltr'>ad</span> <span class='ocrx_word' id='word_1_117' title='bbox 628 1944 724 2010; x_wconf 89' lang='lat' dir='ltr'>haec</span> <span class='ocrx_word' id='word_1_118' title='bbox 758 1945 890 2028; x_wconf 85' lang='lat' dir='ltr'>priora</span> <span class='ocrx_word' id='word_1_119' title='bbox 934 1943 1022 2008; x_wconf 87' lang='lat' dir='ltr'>illius</span> <span class='ocrx_word' id='word_1_120' title='bbox 1056 1944 1210 2010; x_wconf 86' lang='lat' dir='ltr'>orationis</span> <span class='ocrx_word' id='word_1_121' title='bbox 1240 1942 1338 2008; x_wconf 90' lang='lat' dir='ltr'>verba</span> 
     </span>
     <span class='ocr_line' id='line_1_16' title="bbox 234 2045 1338 2138; baseline 0 -24"><span class='ocrx_word' id='word_1_122' title='bbox 234 2045 282 2114; x_wconf 74' lang='lat' dir='ltr'>‘oi</span> <span class='ocrx_word' id='word_1_123' title='bbox 314 2049 374 2133; x_wconf 81' lang='grc' dir='ltr'>μὲν</span> <span class='ocrx_word' id='word_1_124' title='bbox 405 2045 463 2135; x_wconf 79' lang='lat' dir='ltr'>yoip</span> <span class='ocrx_word' id='word_1_125' title='bbox 500 2046 535 2117; x_wconf 73' lang='grc' dir='ltr'>ἓν</span> <span class='ocrx_word' id='word_1_126' title='bbox 567 2047 764 2138; x_wconf 72' lang='grc' dir='ltr'><strong><em>ποιήσαντες</em></strong></span> <span class='ocrx_word' id='word_1_127' title='bbox 803 2047 842 2117; x_wconf 79' lang='lat' dir='ltr'>cd</span> <span class='ocrx_word' id='word_1_128' title='bbox 877 2045 913 2118; x_wconf 75' lang='grc' dir='ltr'>ὃν</span> <span class='ocrx_word' id='word_1_129' title='bbox 956 2051 1053 2134; x_wconf 81' lang='grc' dir='ltr'><em>σῶμα</em></span> <span class='ocrx_word' id='word_1_130' title='bbox 1095 2045 1134 2115; x_wconf 79' lang='grc' dir='ltr'>τὸ</span> <span class='ocrx_word' id='word_1_131' title='bbox 1169 2047 1338 2131; x_wconf 76' lang='grc' dir='ltr'><em>ὑποκείμε-</em></span> 
     </span>
     <span class='ocr_line' id='line_1_17' title="bbox 238 2145 1339 2245; baseline 0.003 -24"><span class='ocrx_word' id='word_1_132' title='bbox 238 2152 314 2226; x_wconf 78' lang='lat' dir='ltr'>nov&#39;.</span> <span class='ocrx_word' id='word_1_133' title='bbox 359 2162 428 2228; x_wconf 92' lang='lat' dir='ltr'>Hoc</span> <span class='ocrx_word' id='word_1_134' title='bbox 458 2170 566 2228; x_wconf 89' lang='lat' dir='ltr'>autem</span> <span class='ocrx_word' id='word_1_135' title='bbox 599 2165 627 2228; x_wconf 93' lang='lat' dir='ltr'>si</span> <span class='ocrx_word' id='word_1_136' title='bbox 649 2165 792 2245; x_wconf 85' lang='lat' dir='ltr'>sumitur,</span> <span class='ocrx_word' id='word_1_137' title='bbox 826 2157 859 2226; x_wconf 77' lang='lat' dir='ltr'>oi</span> <span class='ocrx_word' id='word_1_138' title='bbox 886 2159 1120 2245; x_wconf 72' lang='grc' dir='ltr'><em>προειρημένοι</em></span> <span class='ocrx_word' id='word_1_139' title='bbox 1154 2145 1339 2244; x_wconf 88' lang='lat' dir='ltr'>intellegun-</span> 
     </span>
     <span class='ocr_line' id='line_1_18' title="bbox 236 2269 1340 2356; baseline -0.001 -22"><span class='ocrx_word' id='word_1_140' title='bbox 236 2276 287 2336; x_wconf 90' lang='lat' dir='ltr'>tur</span> <span class='ocrx_word' id='word_1_141' title='bbox 317 2269 442 2353; x_wconf 89' lang='lat' dir='ltr'>priores</span> <span class='ocrx_word' id='word_1_142' title='bbox 469 2271 608 2355; x_wconf 81' lang='lat' dir='ltr'>physici,</span> <span class='ocrx_word' id='word_1_143' title='bbox 642 2279 801 2354; x_wconf 87' lang='lat' dir='ltr'>quatenus</span> <span class='ocrx_word' id='word_1_144' title='bbox 837 2270 870 2337; x_wconf 93' lang='lat' dir='ltr'>hi</span> <span class='ocrx_word' id='word_1_145' title='bbox 900 2271 1039 2356; x_wconf 90' lang='lat' dir='ltr'>primum</span> <span class='ocrx_word' id='word_1_146' title='bbox 1070 2271 1136 2336; x_wconf 88' lang='lat' dir='ltr'>illis</span> <span class='ocrx_word' id='word_1_147' title='bbox 1157 2269 1340 2336; x_wconf 87' lang='lat' dir='ltr'>Aristotelis</span> 
     </span>
     <span class='ocr_line' id='line_1_19' title="bbox 236 2380 1340 2464; baseline -0.001 -20"><span class='ocrx_word' id='word_1_148' title='bbox 236 2380 345 2445; x_wconf 88' lang='lat' dir='ltr'>verbis</span> <span class='ocrx_word' id='word_1_149' title='bbox 379 2382 629 2464; x_wconf 85' lang='lat' dir='ltr'>generaliter</span> <span class='ocrx_word' id='word_1_150' title='bbox 663 2381 696 2446; x_wconf 96' lang='lat' dir='ltr'>id</span> <span class='ocrx_word' id='word_1_151' title='bbox 734 2380 821 2464; x_wconf 90' lang='lat' dir='ltr'>quod</span> <span class='ocrx_word' id='word_1_152' title='bbox 855 2388 904 2447; x_wconf 87' lang='lat' dir='ltr'>est</span> <span class='ocrx_word' id='word_1_153' title='bbox 937 2401 1048 2446; x_wconf 90' lang='lat' dir='ltr'>unum</span> <span class='ocrx_word' id='word_1_154' title='bbox 1081 2385 1202 2462; x_wconf 87' lang='lat' dir='ltr'>atque</span> <span class='ocrx_word' id='word_1_155' title='bbox 1231 2399 1340 2445; x_wconf 89' lang='lat' dir='ltr'>unum</span> 
     </span>
     <span class='ocr_line' id='line_1_20' title="bbox 237 2485 1338 2574; baseline -0.003 -19"><span class='ocrx_word' id='word_1_156' title='bbox 237 2488 393 2571; x_wconf 86' lang='lat' dir='ltr'>quidem</span> <span class='ocrx_word' id='word_1_157' title='bbox 417 2510 570 2574; x_wconf 88' lang='lat' dir='ltr'>corpus,</span> <span class='ocrx_word' id='word_1_158' title='bbox 593 2512 653 2557; x_wconf 88' lang='lat' dir='ltr'>nec</span> <span class='ocrx_word' id='word_1_159' title='bbox 668 2511 755 2570; x_wconf 91' lang='lat' dir='ltr'>vcro,</span> <span class='ocrx_word' id='word_1_160' title='bbox 782 2496 941 2574; x_wconf 88' lang='lat' dir='ltr'>quatenus</span> <span class='ocrx_word' id='word_1_161' title='bbox 964 2489 1000 2555; x_wconf 91' lang='lat' dir='ltr'>id</span> <span class='ocrx_word' id='word_1_162' title='bbox 1015 2509 1132 2572; x_wconf 91' lang='lat' dir='ltr'>corpus</span> <span class='ocrx_word' id='word_1_163' title='bbox 1148 2488 1246 2554; x_wconf 92' lang='lat' dir='ltr'>modo</span> <span class='ocrx_word' id='word_1_164' title='bbox 1268 2485 1338 2552; x_wconf 91' lang='lat' dir='ltr'>dis-</span> 
     </span>
     <span class='ocr_line' id='line_1_21' title="bbox 237 2597 1342 2680; baseline 0 -18"><span class='ocrx_word' id='word_1_165' title='bbox 237 2597 412 2663; x_wconf 86' lang='lat' dir='ltr'>iunctivo</span> <span class='ocrx_word' id='word_1_166' title='bbox 435 2605 499 2664; x_wconf 87' lang='lat' dir='ltr'>aut</span> <span class='ocrx_word' id='word_1_167' title='bbox 521 2621 630 2665; x_wconf 87' lang='lat' dir='ltr'>unam</span> <span class='ocrx_word' id='word_1_168' title='bbox 649 2606 718 2665; x_wconf 90' lang='lat' dir='ltr'>aut</span> <span class='ocrx_word' id='word_1_169' title='bbox 739 2601 909 2666; x_wconf 89' lang='lat' dir='ltr'>alteram</span> <span class='ocrx_word' id='word_1_170' title='bbox 939 2598 1058 2663; x_wconf 91' lang='lat' dir='ltr'>huius</span> <span class='ocrx_word' id='word_1_171' title='bbox 1089 2617 1232 2680; x_wconf 89' lang='lat' dir='ltr'>corpus</span> <span class='ocrx_word' id='word_1_172' title='bbox 1261 2616 1342 2680; x_wconf 91' lang='lat' dir='ltr'>spe·</span> 
     </span>
     <span class='ocr_line' id='line_1_22' title="bbox 236 2708 1065 2791; baseline -0.006 -16"><span class='ocrx_word' id='word_1_173' title='bbox 236 2710 317 2775; x_wconf 91' lang='lat' dir='ltr'>ciem</span> <span class='ocrx_word' id='word_1_174' title='bbox 340 2728 459 2791; x_wconf 88' lang='lat' dir='ltr'>ponere</span> <span class='ocrx_word' id='word_1_175' title='bbox 481 2708 636 2774; x_wconf 87' lang='lat' dir='ltr'>dicantur.</span> <span class='ocrx_word' id='word_1_176' title='bbox 1063 2765 1065 2770; x_wconf 89' lang='lat'><em>.</em></span> 
     </span>
    </p>

    <p class='ocr_par' dir='ltr' id='par_1_3' title="bbox 237 2813 1351 4325">
     <span class='ocr_line' id='line_1_23' title="bbox 338 2813 1343 2900; baseline -0.004 -16"><span class='ocrx_word' id='word_1_177' title='bbox 338 2818 417 2884; x_wconf 89' lang='lat' dir='ltr'>Utra</span> <span class='ocrx_word' id='word_1_178' title='bbox 439 2818 587 2884; x_wconf 83' lang='lat' dir='ltr'>vocabuli</span> <span class='ocrx_word' id='word_1_179' title='bbox 606 2819 720 2884; x_wconf 88' lang='lat' dir='ltr'>relatio</span> <span class='ocrx_word' id='word_1_180' title='bbox 742 2815 936 2900; x_wconf 85' lang='lat' dir='ltr'>accipienda</span> <span class='ocrx_word' id='word_1_181' title='bbox 957 2818 1008 2899; x_wconf 88' lang='lat' dir='ltr'>sit,</span> <span class='ocrx_word' id='word_1_182' title='bbox 1030 2836 1071 2882; x_wconf 85' lang='lat' dir='ltr'>ex</span> <span class='ocrx_word' id='word_1_183' title='bbox 1093 2815 1156 2882; x_wconf 88' lang='lat' dir='ltr'>hoe</span> <span class='ocrx_word' id='word_1_184' title='bbox 1179 2813 1343 2882; x_wconf 88' lang='lat' dir='ltr'>soloSim-</span> 
     </span>
     <span class='ocr_line' id='line_1_24' title="bbox 237 2924 1344 3010; baseline -0.004 -18"><span class='ocrx_word' id='word_1_185' title='bbox 237 2927 326 3010; x_wconf 88' lang='lat' dir='ltr'>plioii</span> <span class='ocrx_word' id='word_1_186' title='bbox 349 2927 420 2992; x_wconf 90' lang='lat' dir='ltr'>loco</span> <span class='ocrx_word' id='word_1_187' title='bbox 442 2946 506 2990; x_wconf 91' lang='lat' dir='ltr'>non</span> <span class='ocrx_word' id='word_1_188' title='bbox 530 2931 636 3008; x_wconf 90' lang='lat' dir='ltr'>potest</span> <span class='ocrx_word' id='word_1_189' title='bbox 658 2924 833 3004; x_wconf 88' lang='lat' dir='ltr'>diudioari;</span> <span class='ocrx_word' id='word_1_190' title='bbox 866 2946 943 2991; x_wconf 88' lang='lat' dir='ltr'>nam</span> <span class='ocrx_word' id='word_1_191' title='bbox 973 2932 1006 2991; x_wconf 87' lang='lat' dir='ltr'>et</span> <span class='ocrx_word' id='word_1_192' title='bbox 1026 2930 1198 3008; x_wconf 90' lang='lat' dir='ltr'>utramque</span> <span class='ocrx_word' id='word_1_193' title='bbox 1221 2925 1344 3008; x_wconf 89' lang='lat' dir='ltr'>pariter</span> 
     </span>
     <span class='ocr_line' id='line_1_25' title="bbox 237 3034 1345 3118; baseline -0.005 -14"><span class='ocrx_word' id='word_1_194' title='bbox 237 3059 308 3104; x_wconf 90' lang='lat' dir='ltr'>cum</span> <span class='ocrx_word' id='word_1_195' title='bbox 335 3036 476 3102; x_wconf 87' lang='lat' dir='ltr'>naturali</span> <span class='ocrx_word' id='word_1_196' title='bbox 507 3035 653 3100; x_wconf 84' lang='lat' dir='ltr'>vocabuli</span> <span class='ocrx_word' id='word_1_197' title='bbox 686 3034 918 3118; x_wconf 90' lang='lat' dir='ltr'>significatione</span> <span class='ocrx_word' id='word_1_198' title='bbox 950 3036 1107 3111; x_wconf 84' lang='lat' dir='ltr'>convenit,</span> <span class='ocrx_word' id='word_1_199' title='bbox 1140 3039 1173 3101; x_wconf 90' lang='lat' dir='ltr'>et</span> <span class='ocrx_word' id='word_1_200' title='bbox 1206 3040 1345 3116; x_wconf 88' lang='lat' dir='ltr'>utraque</span> 
     </span>
     <span class='ocr_line' id='line_1_26' title="bbox 237 3142 1345 3231; baseline -0.005 -19"><span class='ocrx_word' id='word_1_201' title='bbox 237 3149 342 3231; x_wconf 91' lang='lat' dir='ltr'>posita</span> <span class='ocrx_word' id='word_1_202' title='bbox 368 3145 481 3211; x_wconf 90' lang='lat' dir='ltr'>eadem</span> <span class='ocrx_word' id='word_1_203' title='bbox 513 3150 625 3210; x_wconf 90' lang='lat' dir='ltr'>contra</span> <span class='ocrx_word' id='word_1_204' title='bbox 645 3142 859 3227; x_wconf 90' lang='lat' dir='ltr'>Porphyrium</span> <span class='ocrx_word' id='word_1_205' title='bbox 889 3143 1034 3227; x_wconf 88' lang='lat' dir='ltr'>sequitur</span> <span class='ocrx_word' id='word_1_206' title='bbox 1056 3143 1235 3211; x_wconf 84' lang='lat' dir='ltr'>conclusio.</span> <span class='ocrx_word' id='word_1_207' title='bbox 1279 3142 1345 3208; x_wconf 88' lang='lat' dir='ltr'>Sed</span> 
     </span>
     <span class='ocr_line' id='line_1_27' title="bbox 238 3252 1346 3339; baseline 0.001 -18"><span class='ocrx_word' id='word_1_208' title='bbox 238 3257 396 3339; x_wconf 83' lang='lat' dir='ltr'>posterior</span> <span class='ocrx_word' id='word_1_209' title='bbox 417 3257 521 3337; x_wconf 87' lang='lat' dir='ltr'>magis</span> <span class='ocrx_word' id='word_1_210' title='bbox 551 3253 801 3332; x_wconf 88' lang='lat' dir='ltr'>commendatur,</span> <span class='ocrx_word' id='word_1_211' title='bbox 834 3252 922 3336; x_wconf 90' lang='lat' dir='ltr'>quod</span> <span class='ocrx_word' id='word_1_212' title='bbox 956 3255 1156 3319; x_wconf 89' lang='lat' dir='ltr'>coniunctior</span> <span class='ocrx_word' id='word_1_213' title='bbox 1190 3263 1242 3323; x_wconf 90' lang='lat' dir='ltr'>est</span> <span class='ocrx_word' id='word_1_214' title='bbox 1274 3277 1346 3324; x_wconf 89' lang='lat' dir='ltr'>oum</span> 
     </span>
     <span class='ocr_line' id='line_1_28' title="bbox 238 3361 1347 3451; baseline 0.001 -20"><span class='ocrx_word' id='word_1_215' title='bbox 238 3367 307 3449; x_wconf 88' lang='lat' dir='ltr'>ipso</span> <span class='ocrx_word' id='word_1_216' title='bbox 329 3364 393 3430; x_wconf 94' lang='lat' dir='ltr'>loci</span> <span class='ocrx_word' id='word_1_217' title='bbox 416 3366 556 3430; x_wconf 87' lang='lat' dir='ltr'>oonsilio.</span> <span class='ocrx_word' id='word_1_218' title='bbox 600 3363 684 3428; x_wconf 89' lang='lat' dir='ltr'>Nam</span> <span class='ocrx_word' id='word_1_219' title='bbox 697 3362 883 3446; x_wconf 85' lang='lat' dir='ltr'>Simplicius</span> <span class='ocrx_word' id='word_1_220' title='bbox 906 3362 1058 3429; x_wconf 91' lang='lat' dir='ltr'>hocloco</span> <span class='ocrx_word' id='word_1_221' title='bbox 1081 3361 1114 3428; x_wconf 92' lang='lat' dir='ltr'>id</span> <span class='ocrx_word' id='word_1_222' title='bbox 1138 3367 1243 3431; x_wconf 91' lang='lat' dir='ltr'>solnm</span> <span class='ocrx_word' id='word_1_223' title='bbox 1266 3369 1347 3451; x_wconf 85' lang='lat' dir='ltr'>agit,</span> 
     </span>
     <span class='ocr_line' id='line_1_29' title="bbox 238 3471 1347 3558; baseline 0.003 -19"><span class='ocrx_word' id='word_1_224' title='bbox 238 3480 272 3538; x_wconf 94' lang='lat' dir='ltr'>ut</span> <span class='ocrx_word' id='word_1_225' title='bbox 300 3476 491 3539; x_wconf 88' lang='lat' dir='ltr'>sententiam</span> <span class='ocrx_word' id='word_1_226' title='bbox 513 3471 704 3557; x_wconf 85' lang='lat' dir='ltr'>Porphyrii,¹</span> <span class='ocrx_word' id='word_1_227' title='bbox 720 3475 775 3556; x_wconf 90' lang='lat' dir='ltr'>qui</span> <span class='ocrx_word' id='word_1_228' title='bbox 796 3472 1031 3538; x_wconf 83' lang='lat' dir='ltr'>Anaximandri</span> <span class='ocrx_word' id='word_1_229' title='bbox 1056 3475 1250 3558; x_wconf 86' lang='lat' dir='ltr'>principium</span> <span class='ocrx_word' id='word_1_230' title='bbox 1273 3495 1347 3542; x_wconf 90' lang='lat' dir='ltr'>esse</span> 
     </span>
     <span class='ocr_line' id='line_1_30' title="bbox 238 3582 1348 3667; baseline 0.004 -19"><span class='ocrx_word' id='word_1_231' title='bbox 238 3583 328 3649; x_wconf 89' lang='lat' dir='ltr'>dicat</span> <span class='ocrx_word' id='word_1_232' title='bbox 350 3603 494 3667; x_wconf 90' lang='lat' dir='ltr'>corpus</span> <span class='ocrx_word' id='word_1_233' title='bbox 517 3583 674 3648; x_wconf 90' lang='lat' dir='ltr'>infinite</span> <span class='ocrx_word' id='word_1_234' title='bbox 696 3582 848 3664; x_wconf 91' lang='lat' dir='ltr'>dictum,</span> <span class='ocrx_word' id='word_1_235' title='bbox 872 3582 1013 3662; x_wconf 88' lang='lat' dir='ltr'>refellat;</span> <span class='ocrx_word' id='word_1_236' title='bbox 1035 3582 1151 3649; x_wconf 87' lang='lat' dir='ltr'>refellit</span> <span class='ocrx_word' id='word_1_237' title='bbox 1173 3591 1285 3650; x_wconf 89' lang='lat' dir='ltr'>autem</span> <span class='ocrx_word' id='word_1_238' title='bbox 1308 3607 1348 3653; x_wconf 90' lang='lat' dir='ltr'>eo</span> 
     </span>
     <span class='ocr_line' id='line_1_31' title="bbox 238 3690 1348 3775; baseline 0.002 -16"><span class='ocrx_word' id='word_1_239' title='bbox 238 3700 270 3759; x_wconf 90' lang='lat' dir='ltr'>et</span> <span class='ocrx_word' id='word_1_240' title='bbox 292 3714 330 3759; x_wconf 90' lang='lat' dir='ltr'>eo</span> <span class='ocrx_word' id='word_1_241' title='bbox 354 3693 457 3758; x_wconf 88' lang='lat' dir='ltr'>solum</span> <span class='ocrx_word' id='word_1_242' title='bbox 475 3698 582 3775; x_wconf 88' lang='lat' dir='ltr'>potest</span> <span class='ocrx_word' id='word_1_243' title='bbox 604 3690 760 3770; x_wconf 87' lang='lat' dir='ltr'>refellere,</span> <span class='ocrx_word' id='word_1_244' title='bbox 783 3690 868 3774; x_wconf 89' lang='lat' dir='ltr'>quod</span> <span class='ocrx_word' id='word_1_245' title='bbox 892 3690 1044 3769; x_wconf 89' lang='lat' dir='ltr'>ostendit,</span> <span class='ocrx_word' id='word_1_246' title='bbox 1067 3691 1278 3758; x_wconf 89' lang='lat' dir='ltr'>Aristotelem</span> <span class='ocrx_word' id='word_1_247' title='bbox 1300 3695 1348 3762; x_wconf 93' lang='lat' dir='ltr'>de</span> 
     </span>
     <span class='ocr_line' id='line_1_32' title="bbox 238 3799 1349 3884; baseline 0.002 -16"><span class='ocrx_word' id='word_1_248' title='bbox 238 3804 299 3880; x_wconf 90' lang='lat' dir='ltr'>iis,</span> <span class='ocrx_word' id='word_1_249' title='bbox 324 3802 390 3884; x_wconf 92' lang='lat' dir='ltr'>qui</span> <span class='ocrx_word' id='word_1_250' title='bbox 413 3800 450 3866; x_wconf 91' lang='lat' dir='ltr'>id</span> <span class='ocrx_word' id='word_1_251' title='bbox 473 3799 573 3884; x_wconf 89' lang='lat' dir='ltr'>quod</span> <span class='ocrx_word' id='word_1_252' title='bbox 595 3806 658 3866; x_wconf 93' lang='lat' dir='ltr'>est</span> <span class='ocrx_word' id='word_1_253' title='bbox 677 3820 789 3865; x_wconf 92' lang='lat' dir='ltr'>unum</span> <span class='ocrx_word' id='word_1_254' title='bbox 810 3805 847 3865; x_wconf 88' lang='lat' dir='ltr'>et</span> <span class='ocrx_word' id='word_1_255' title='bbox 869 3802 934 3883; x_wconf 93' lang='lat' dir='ltr'>qui</span> <span class='ocrx_word' id='word_1_256' title='bbox 955 3819 1094 3884; x_wconf 86' lang='lat' dir='ltr'>corpus</span> <span class='ocrx_word' id='word_1_257' title='bbox 1117 3800 1239 3868; x_wconf 91' lang='lat' dir='ltr'>rebus</span> <span class='ocrx_word' id='word_1_258' title='bbox 1263 3805 1349 3870; x_wconf 89' lang='lat' dir='ltr'>snb·</span> 
     </span>
     <span class='ocr_line' id='line_1_33' title="bbox 237 3909 1348 3996; baseline 0.003 -18"><span class='ocrx_word' id='word_1_259' title='bbox 237 3914 379 3978; x_wconf 82' lang='lat' dir='ltr'>iactum</span> <span class='ocrx_word' id='word_1_260' title='bbox 403 3917 557 3996; x_wconf 86' lang='lat' dir='ltr'>ponant,</span> <span class='ocrx_word' id='word_1_261' title='bbox 592 3910 835 3977; x_wconf 90' lang='lat' dir='ltr'>coniunctim</span> <span class='ocrx_word' id='word_1_262' title='bbox 868 3909 1013 3991; x_wconf 81' lang='grc' dir='ltr'>(κοινῶς)</span> <span class='ocrx_word' id='word_1_263' title='bbox 1046 3909 1238 3994; x_wconf 85' lang='lat' dir='ltr'>praedicare</span> <span class='ocrx_word' id='word_1_264' title='bbox 1274 3933 1348 3980; x_wconf 86' lang='lat' dir='ltr'>eam</span> 
     </span>
     <span class='ocr_line' id='line_1_34' title="bbox 238 4019 1349 4105; baseline 0.005 -19"><span class='ocrx_word' id='word_1_265' title='bbox 238 4022 453 4105; x_wconf 84' lang='lat' dir='ltr'>generationis</span> <span class='ocrx_word' id='word_1_266' title='bbox 475 4021 619 4099; x_wconf 89' lang='lat' dir='ltr'>formum,</span> <span class='ocrx_word' id='word_1_267' title='bbox 642 4039 725 4102; x_wconf 85' lang='lat' dir='ltr'>quac</span> <span class='ocrx_word' id='word_1_268' title='bbox 748 4021 779 4085; x_wconf 91' lang='lat' dir='ltr'>in</span> <span class='ocrx_word' id='word_1_269' title='bbox 802 4019 1052 4086; x_wconf 85' lang='lat' dir='ltr'>condensatione</span> <span class='ocrx_word' id='word_1_270' title='bbox 1075 4026 1108 4086; x_wconf 87' lang='lat' dir='ltr'>et</span> <span class='ocrx_word' id='word_1_271' title='bbox 1123 4021 1349 4090; x_wconf 82' lang='lat' dir='ltr'>rarefactione</span> 
     </span>
     <span class='ocr_line' id='line_1_35' title="bbox 239 4127 1350 4212; baseline 0.003 -16"><span class='ocrx_word' id='word_1_272' title='bbox 239 4132 403 4208; x_wconf 84' lang='lat' dir='ltr'>consistat,</span> <span class='ocrx_word' id='word_1_273' title='bbox 427 4129 467 4195; x_wconf 93' lang='lat' dir='ltr'>de</span> <span class='ocrx_word' id='word_1_274' title='bbox 490 4129 785 4196; x_wconf 84' lang='lat' dir='ltr'>Anaximandro</span> <span class='ocrx_word' id='word_1_275' title='bbox 815 4149 891 4195; x_wconf 87' lang='lat' dir='ltr'>vero</span> <span class='ocrx_word' id='word_1_276' title='bbox 925 4127 1008 4194; x_wconf 89' lang='lat' dir='ltr'>liano</span> <span class='ocrx_word' id='word_1_277' title='bbox 1038 4129 1261 4212; x_wconf 85' lang='lat' dir='ltr'>generationis</span> <span class='ocrx_word' id='word_1_278' title='bbox 1284 4131 1350 4200; x_wconf 88' lang='lat' dir='ltr'>for·</span> 
     </span>
     <span class='ocr_line' id='line_1_36' title="bbox 239 4236 1351 4325; baseline 0.001 -17"><span class='ocrx_word' id='word_1_279' title='bbox 239 4260 323 4308; x_wconf 89' lang='lat' dir='ltr'>mam</span> <span class='ocrx_word' id='word_1_280' title='bbox 356 4260 491 4325; x_wconf 86' lang='lat' dir='ltr'>negare;</span> <span class='ocrx_word' id='word_1_281' title='bbox 523 4257 597 4304; x_wconf 91' lang='lat' dir='ltr'>num</span> <span class='ocrx_word' id='word_1_282' title='bbox 622 4238 811 4305; x_wconf 88' lang='lat' dir='ltr'>Aristoteles</span> <span class='ocrx_word' id='word_1_283' title='bbox 842 4237 924 4303; x_wconf 89' lang='lat' dir='ltr'>hano</span> <span class='ocrx_word' id='word_1_284' title='bbox 957 4236 1179 4320; x_wconf 85' lang='lat' dir='ltr'>generationis</span> <span class='ocrx_word' id='word_1_285' title='bbox 1209 4238 1351 4310; x_wconf 89' lang='lat' dir='ltr'>formam</span> 
     </span>
    </p>
   </div>
   <div class='ocr_carea' id='block_1_3' title="bbox 0 0 1426 4906">
    <p class='ocr_par' dir='ltr' id='par_1_4' title="bbox 0 0 1426 4906">
     <span class='ocr_line' id='line_1_37' title="bbox 0 0 1426 4906; baseline 0 0"><span class='ocrx_word' id='word_1_286' title='bbox 0 0 1426 4906; x_wconf 95' lang='lat' dir='ltr'> </span> 
     </span>
    </p>
   </div>
  </div>
 </body>
</html>
