2882 4902
789 363 824 415 10

259 535 344 619 quod
366 537 550 620 pertineret,
582 535 685 621 repeti
716 537 828 619 solere,
861 556 955 620 quern
988 538 1119 620 quidem
1147 537 1232 604 baud
1261 537 1366 603 facile

259 665 450 728 quemquam
482 665 597 711 censeo
630 645 789 711 Graccum
819 645 852 710 in
884 646 983 713 simili
1018 667 1135 712 caussa
1164 647 1366 714 omissurum

258 755 370 820 fuisse.
395 753 510 837 Quare,
533 754 684 838 quoniam
700 756 826 820 articuli
839 758 987 841 repetitio
1007 758 1106 836 deest,
1129 758 1226 822 verba
1244 751 1365 822 ‘rodco

258 855 415 947 τοῦνομα’
434 885 498 930 non
519 864 566 931 ita
589 865 631 930 ad
652 865 829 949 genitivum
849 861 918 955 <τῆς
939 858 1048 955 ἅρχῆς’
1069 867 1182 933 referri
1197 867 1365 949 videntur,

260 985 295 1043 ut
316 976 439 1060 ipsum
462 964 581 1058 ἀρχῆς
603 995 736 1040 nomen
756 976 971 1062 intellegatur.
1016 977 1121 1053 Addo,
1144 977 1365 1062 Simplicium,

259 1086 288 1151 si
325 1085 385 1151 hoc
420 1085 584 1166 voluisset,
621 1086 693 1171 ipsa
722 1086 917 1170 cogitatione
947 1095 1081 1172 cogente
1113 1089 1223 1172 procul
1259 1087 1365 1154 dubio

256 1188 362 1262 ‘adad
382 1190 421 1260 τὸ
446 1184 549 1278 ὄνομα
569 1190 608 1260 τὰ
630 1204 687 1283 τῆς
707 1187 817 1281 ἄρχῆς’
840 1196 999 1263 dicturum
1021 1197 1123 1264 fuisse
1133 1197 1166 1278 ¹).
1209 1198 1365 1281 Denique

260 1307 499 1374 memorandum
513 1313 571 1380 est,
595 1306 623 1373 si
645 1309 743 1370 τοῦτο
757 1297 902 1388 τοῦνομα
922 1305 982 1372 hoc
1004 1308 1098 1374 modo
1121 1307 1165 1373 ad
1179 1307 1364 1391 genitivum

259 1406 426 1504 αῆςᾶρχῆς
438 1416 603 1493 reseratur,
626 1416 725 1482 uerba
746 1418 900 1498 „ruprduog
914 1417 1007 1480 τοῦτο
1028 1400 1173 1499 τοῦνομα
1192 1415 1366 1498 κομίσας

242 1529 318 1611 τῆς
339 1526 461 1610 ἀρχῆς“
494 1525 548 1590 vix
581 1525 675 1590 aliter
706 1526 852 1610 intellegi
880 1545 976 1610 posse
1009 1526 1072 1592 nisi
1094 1527 1149 1610 ita,
1181 1533 1216 1591 ut
1237 1526 1364 1592 Anaxi·

260 1636 393 1704 mander
415 1636 540 1701 dicatur
562 1636 684 1720 primus
706 1635 811 1720 ipsum
833 1624 937 1719 αρχῆς
957 1635 1147 1701 vocabulum
1168 1656 1231 1700 non
1253 1636 1363 1702 solum

183 1771 186 1776 ·
259 1747 294 1812 in
314 1745 553 1831 philosophiam
577 1744 620 1810 ad
652 1744 899 1828 significandum
928 1764 1085 1810 summum
1111 1765 1216 1810 rerum
1238 1745 1364 1826 princi-

259 1857 491 1941 pium-verum
514 1855 611 1921 etiarn
634 1857 665 1920 in
690 1856 795 1940 ipsum
811 1874 962 1939 graecum
980 1873 1158 1920 sermonem
1179 1854 1362 1932 induxisse,

246 1953 357 2032 'antea
378 1965 506 2031 omnino
529 1985 592 2032 uon
608 1965 810 2046 adhibitum,
843 1964 961 2040 idest,
995 1965 1133 2048 primum
1161 1965 1266 2048 ipsum
1298 1963 1363 2029 hoc

259 2076 447 2142 vocabulum
470 2075 611 2142 linxisse.
645 2074 683 2139 ld
706 2082 812 2142 alutem
834 2081 943 2159 aperte
963 2074 1080 2139 falsum
1098 2080 1156 2156 est,
1179 2093 1250 2140 cum
1271 2074 1363 2159 apud
1435 2061 1436 2150 l

260 2187 433 2251 Homerum
455 2192 489 2250 et
507 2184 683 2251 Hesiodum
705 2185 801 2251 buius
819 2185 967 2250 vocabuli
988 2203 1064 2251 usus
1081 2183 1362 2267 frequentissimus

260 2296 311 2361 sit.
357 2294 479 2372 Quodsi
503 2300 609 2360 autem
630 2295 733 2358 τοῦτο
755 2283 900 2376 τοῦνομα
922 2294 1058 2360 refertur
1079 2292 1122 2358 ad
1144 2288 1182 2357 τὸ
1209 2280 1362 2374 ἄπειρον,

260 2425 318 2488 per
357 2424 392 2470 se
421 2402 456 2467 id
491 2403 594 2470 solum
625 2402 835 2486 significatur,
868 2403 1144 2470 Anaximandrum
1177 2421 1288 2468 vocem
1323 2396 1361 2464 τὸ

259 2503 398 2595 ἄνναρον
420 2513 558 2598 primum
589 2512 756 2579 induxisse
779 2513 821 2578 ad
841 2513 1089 2596 significandum
1112 2532 1217 2578 rerum
1241 2511 1361 2597 princi-

260 2622 359 2706 pium,
391 2639 494 2703 neque
521 2638 597 2686 vero
629 2620 767 2703 primum
800 2621 898 2686 etiam
921 2620 955 2684 in
977 2619 1084 2704 ipsum
1106 2637 1285 2685 sermonem
1311 2618 1359 2683 in-

261 2730 408 2806 duxisse3
432 2728 489 2794 sed
512 2749 552 2794 ne
577 2735 643 2794 tum
665 2729 806 2812 quidem,
832 2729 860 2794 si
877 2729 937 2795 hoc
956 2730 1053 2795 simul
1068 2727 1257 2813 significari
1267 2737 1361 2811 puta-

260 2841 355 2922 veris,
380 2839 556 2923 quidquam
569 2839 695 2918 dicitur,
718 2839 805 2921 quod
820 2847 929 2923 aperte
952 2840 1069 2905 falsum
1090 2839 1147 2916 sit;
1172 2859 1245 2902 nam
1261 2857 1360 2921 quau-

261 2957 327 3016 tum
347 2971 407 3033 ego
428 2948 557 3032 quidem
578 2948 688 3024 sciam,
716 2969 779 3014 vox
798 2939 960 3033 ‘daemon’
982 2956 1056 3014 ante
1082 2946 1361 3013 Anaximandrum
1434 2963 1435 3010 t

260 3079 324 3125 non
346 3058 516 3133 invenitur,
554 3057 729 3123 etidcirco
753 3058 866 3123 saltem
890 3058 1047 3124 incertum
1082 3065 1141 3136 est,
1177 3077 1253 3122 num
1284 3064 1360 3122 ante

260 3190 332 3235 eum
354 3170 397 3235 sit
419 3167 609 3235 adhibitum.

221 3267 224 3278 ’
361 3278 451 3355 Quae
474 3277 502 3344 si
525 3278 735 3363 probabiliter
750 3277 915 3363 disputata
930 3283 1012 3359 sunt,
1035 3275 1275 3342 concedendurn
1289 3275 1360 3354 erit,

258 3387 359 3452 verba
379 3387 482 3451 τοῦτο
503 3375 648 3468 τοῦνομα
670 3385 782 3451 referri
797 3406 861 3451 non
885 3405 978 3470 posse
1000 3386 1064 3450 nisi
1086 3384 1129 3450 ad
1151 3379 1189 3448 ari
1211 3373 1359 3467 ἄπειρον,

261 3495 346 3577 quod
367 3503 399 3562 et
421 3497 491 3561 loco
514 3503 545 3561 et
567 3495 762 3579 cogitatione
785 3495 931 3579 proxime
946 3493 1116 3560 antecedit.
1160 3494 1231 3559 Hoc
1253 3501 1360 3560 autern

261 3607 289 3671 si
311 3624 422 3670 verum
442 3615 506 3688 est,¹
542 3605 694 3688 sequitur,
727 3611 762 3669 ut
783 3603 970 3688 Simplicius
991 3639 1033 3649 —-
1054 3604 1107 3669 vel
1126 3603 1234 3688 potius
1257 3601 1358 3668 Theo

261 3713 411 3798 pbrastus
445 3748 484 3758 -
518 3711 579 3778 hoc
606 3714 677 3779 loco
700 3711 975 3778 Anaximandrum
1004 3732 1067 3778 non
1101 3732 1211 3778 vocem
1243 3701 1359 3797 ἀρχὴν
1433 3705 1434 3744 ³

261 3823 319 3890 sed
336 3843 447 3889 vocem
468 3819 512 3887 τὸ
535 3810 701 3906 ἄπειρον
723 3822 861 3907 primum
885 3822 1055 3889 induxisse
1078 3822 1174 3905 dicat,
1197 3829 1295 3904 atque
1314 3823 1358 3887 ita
1433 3787 1434 3877 A

368 4077 394 4146 l)
412 4075 486 4132 llaec
503 4077 557 4131 iam
577 4079 683 4147 scripta
700 4082 795 4146 erant,
822 4095 885 4131 cum
904 4077 1035 4148 cognovi,
1059 4075 1193 4130 Usnerum
1214 4074 1357 4142 (Analecta

262 4173 480 4243 Theophrastea)
508 4190 539 4228 re
558 4192 624 4229 vera
642 4171 707 4229 αὐτὸ
731 4192 783 4244 pro
802 4175 879 4228 τοῦτο
898 4174 1049 4244 scripsisse,
1075 4189 1108 4228 ac
1127 4173 1282 4228 rectissime
1301 4171 1355 4240 qui-

261 4271 334 4340 dem,
353 4245 376 4325 'si
395 4264 515 4344 τοῦνομα
535 4270 584 4325 illo
603 4271 686 4325 modo
707 4271 742 4326 ad
763 4271 915 4340 genitivum
935 4271 980 4336 τῆς
999 4265 1084 4340 ἀρχῆς
1101 4267 1232 4324 refertur.
1432 4283 1433 4352 j
