2860 4906
109 573 276 652 utentem,
299 587 409 634 verum
430 570 597 634 materiam
627 570 770 635 cuiusvis
799 571 968 652 qualitatis
990 569 1145 636 definitae
1175 551 1247 636 exs

109 682 254 758 pentem.
299 675 383 740 Nam
406 695 477 740 cum
500 674 706 760 principium,
733 675 820 759 quod
850 677 883 741 in
911 697 946 742 se
969 679 1132 743 contineat
1154 699 1227 744 oon-

109 785 231 867 traria,
266 785 347 852 haec
367 786 552 852 necessario
575 794 631 851 aut
652 793 727 852 actu
753 784 917 852 contineat
943 793 1000 853 aut
1030 791 1174 872 potentia
1196 795 1228 854 et

110 894 244 962 idcireo
267 900 324 960 aut
347 894 462 958 mixtio
484 913 595 958 eorum
618 892 661 958 sit
682 899 739 958 aut
761 893 898 959 materia
920 913 978 977 per
1001 915 1036 960 se
1058 895 1228 978 quibusvis

110 1005 335 1086 qualitatibus
358 1023 482 1082 carens,
505 1003 696 1069 Aristoteles
721 1008 829 1069 autem
851 1003 1088 1069 Anaximandri
1111 1005 1228 1089 prinei-

109 1112 208 1198 pium
243 1134 306 1180 non
340 1121 431 1198 putet
464 1115 695 1181 contrariorum
728 1114 917 1180 mixtionem
941 1133 1023 1195 esse,
1051 1116 1160 1198 sequi,
1194 1123 1229 1182 ut

109 1229 210 1307 putet
233 1243 307 1290 esse
332 1225 497 1290 materiam
520 1245 578 1309 per
600 1244 635 1290 se
655 1224 868 1307 qualitatibus
891 1232 1054 1290 carentem
1063 1226 1096 1306 ¹).

217 1333 263 1398 At
285 1334 534 1417 propositionem
568 1333 686 1417 quibus
719 1333 782 1400 hae
817 1333 1041 1401 conclusiones
1073 1337 1228 1419 nituntur,

109 1465 180 1508 non
212 1463 312 1508 verae
344 1450 427 1508 sunt.
470 1443 565 1523 Quod
599 1444 685 1510 enirn
721 1443 763 1509 ad
793 1443 933 1528 priorem
966 1445 1071 1510 locum
1103 1445 1228 1530 attinet,

108 1558 215 1617 antea
239 1552 458 1635 cognovimus,
492 1573 532 1618 ex
556 1553 637 1640 ipsis
659 1554 722 1618 loci
753 1552 859 1618 verbis
884 1573 948 1619 non
970 1553 1073 1638 sequi,
1100 1561 1135 1619 ut
1158 1554 1226 1620 Ari·

109 1659 253 1726 stoteles
275 1682 395 1740 omnes,
417 1662 474 1746 qui
497 1669 685 1746 autequam
709 1669 766 1728 aut
787 1681 895 1730 aerem
917 1669 973 1728 aut
983 1669 1131 1729 naturam
1144 1664 1227 1730 inter

110 1769 197 1837 haec
221 1769 364 1836 mediam
388 1777 554 1854 ponerent,
582 1789 622 1837 ex
650 1769 740 1836 lrisce
767 1789 819 1836 res
847 1768 1099 1837 condensatione
1123 1779 1155 1838 et
1176 1795 1226 1838 ra-

110 1878 298 1946 refectione
331 1899 488 1963 generare
516 1881 687 1964 putaverit,
722 1880 814 1962 sequi
843 1886 950 1947 autem
978 1882 1162 1948 necessario
1185 1904 1225 1950 ex

109 1988 189 2056 aliis
212 1989 303 2065 locis,
327 1996 361 2054 ut
373 1988 651 2055 Anaximandrum
675 1990 871 2056 intellexerit
893 2009 975 2073 eum,
998 1992 1053 2072 qui
1079 1999 1225 2058 naturam
1290 2065 1293 2072 ,

110 2099 208 2165 illam
244 2098 383 2164 mediam
406 2106 548 2184 poneret.
593 2098 688 2179 Quod
721 2097 764 2164 ad
798 2099 934 2164 alterum
964 2100 1067 2166 locum
1099 2103 1225 2187 attinet,

110 2209 256 2292 primum
279 2227 377 2293 supra
400 2229 442 2274 ex
465 2207 538 2292 ipsa
560 2210 629 2273 eius
646 2209 771 2274 ratione
786 2209 999 2292 grammatica
1014 2210 1224 2294 ostendimus,

111 2317 324 2384 Aristotelem
346 2337 412 2400 eos,
444 2318 498 2400 qui
530 2337 634 2384 rerum
663 2319 856 2402 principium
881 2324 1058 2384 autunum
1081 2341 1099 2386 e
1121 2321 1224 2387 tribus

110 2426 287 2494 elementis
321 2435 377 2493 aut
399 2433 547 2492 naturam
580 2427 664 2492 inter
685 2446 792 2492 acrem
816 2434 848 2493 et
871 2427 979 2510 ignem
1003 2428 1144 2496 mediam
1167 2449 1223 2514 po·

109 2543 241 2619 nerent,
263 2556 328 2602 non
350 2557 460 2602 omnes
483 2534 592 2603 dicere
612 2555 664 2602 res
680 2537 934 2604 condensatione
956 2544 988 2602 et
1009 2538 1223 2607 rarciaetione

109 2662 283 2728 generare,
314 2643 372 2710 sed
401 2645 549 2711 bifariam
577 2665 632 2711 eos
655 2644 803 2710 dividere
825 2647 857 2710 in
881 2665 947 2730 eos,
968 2647 1026 2730 qui
1045 2648 1106 2716 hac
1128 2671 1223 2734 geue-

109 2755 211 2822 randi
233 2755 369 2839 ratione,
394 2761 426 2822 et
448 2755 481 2820 in
504 2775 570 2838 eos,
593 2754 660 2838 qui,
684 2753 956 2837 quemadmodum
973 2757 1223 2842 Anaximander,

114 2901 151 2912 -
179 2865 266 2931 hunc
296 2865 381 2931 enim
414 2885 512 2932 unum
540 2867 746 2930 nominat-
780 2864 1012 2932 contrariorum
1046 2870 1223 2935 secretione

110 2981 294 3057 uterentur,
324 2981 421 3057 atque
444 2974 502 3040 hos
524 2975 720 3058 posteriores
742 2993 798 3039 eos
821 2973 1023 3058 intellegere,
1053 2976 1108 3060 qui
1130 2983 1222 3044 natu·

110 3105 184 3150 ram
216 3084 301 3150 inter
337 3103 444 3150 aerem
477 3089 509 3148 et
545 3085 651 3166 ignem
689 3083 830 3150 mediam
864 3093 1030 3168 ponerent.
1096 3086 1222 3153 Deinde

111 3192 325 3272 ostendimus,
358 3191 635 3258 Anaximandrum
668 3194 710 3259 ab
739 3193 910 3260 Aristotele
943 3196 975 3258 in
998 3195 1039 3262 iis
1058 3197 1221 3262 numerari

110 3299 270 3387 physicis,
298 3303 353 3385 qui
381 3321 478 3367 unum
502 3303 604 3368 solum
627 3323 733 3369 rerum
752 3303 948 3388 principium
970 3313 1068 3388 atque
1091 3305 1220 3389 quidem

112 3417 292 3478 autunum
322 3431 340 3478 e
370 3411 473 3477 tribus
496 3412 664 3478 elementis
697 3419 754 3479 aut
775 3420 923 3479 naturam
955 3414 1045 3480 illam
1078 3414 1221 3482 mediam

113 3527 283 3605 ponerent,
316 3539 376 3586 nec
401 3540 477 3587 vero
500 3541 571 3586 curn
593 3522 792 3608 Anaxagora
816 3530 848 3588 et
870 3523 1067 3606 Empedocle
1102 3525 1136 3589 in
1158 3545 1221 3591 uno

112 3649 235 3714 genere
258 3629 419 3714 coniungi,
453 3637 549 3713 atque
571 3629 647 3697 hine
682 3637 781 3715 patet,
813 3633 903 3699 illam
926 3632 1025 3698 etiam
1047 3631 1143 3700 huius
1166 3655 1219 3719 ge-

112 3739 204 3805 neris
220 3737 414 3805 divisionem
436 3743 550 3823 ineos,
575 3740 631 3822 qui
653 3760 758 3806 rerum
772 3743 969 3827 principium
987 3744 1220 3811 contrariorum

113 3848 315 3927 mixtionem,
340 3854 372 3914 et
395 3849 428 3913 in
452 3870 520 3934 eos,
546 3849 602 3932 qui
624 3852 791 3918 materiam
813 3852 953 3918 cuiusvis
976 3852 1142 3936 qualitatis
1165 3874 1219 3920 ex·

112 3964 238 4042 pertem
260 3976 333 4024 esse
355 3959 465 4042 velint,
486 3958 528 4025 ab
549 3960 731 4027 Aristotelis
754 3967 861 4028 mente
884 3961 1023 4028 alienam
1051 3963 1163 4045 esse’).

217 4187 243 4258 1)
263 4188 362 4258 Zeller,
381 4190 399 4246 l.
419 4190 483 4260 lp.
506 4191 564 4246 190.

214 4285 728 4360 mmmmpmmmm
