2864 4904
620 392 670 443 133

63 565 102 622 et
130 561 199 637 ita,
236 566 273 624 ut
303 561 339 623 in
370 562 453 644 ipso
475 562 749 628 Anaximandri
787 565 980 648 prinoipio
1011 567 1196 650 ambiguum

64 687 153 734 esse
182 667 288 746 dieat,
312 676 416 735 utrum
440 671 523 736 inter
545 669 625 736 haee
647 693 689 737 an
712 673 769 738 illa
786 673 850 740 duo
873 676 1031 740 elementa
1059 674 1198 741 medium

64 776 280 859 ponendum
295 780 345 860 sit,
367 787 539 864 propterea
551 780 709 864 videlieet,
733 783 821 872 quod
836 791 968 868 propter
982 805 1073 850 suam
1095 787 1196 868 ipsius

65 892 244 952 naturam
257 888 327 972 pari
349 891 417 955 iure
437 896 606 974 utrumque
618 892 762 976 intellegi
777 895 878 978 possit
888 893 921 974 ¹).
964 894 1197 978 Aoeipiendam

64 1003 196 1062 autem
219 998 401 1081 posteriore
417 999 580 1066 intellectu
603 1020 684 1083 esse,
706 1001 844 1069 etribus
859 1004 1000 1070 maxime
1017 1004 1197 1070 rationibus

66 1106 302 1190 intellegitur.
346 1107 456 1174 Prima
470 1109 683 1194 proficiscitur
700 1113 972 1195 aoomparatione
984 1112 1196 1180 disiunotivae

66 1213 183 1281 huius
209 1215 344 1282 dioendi
366 1220 497 1285 rationis
526 1239 597 1285 oum
625 1221 755 1302 reliquis
784 1219 907 1287 duobus
929 1222 1103 1306 vocabulis,
1127 1225 1195 1306 qui·

66 1328 137 1392 bus
165 1325 375 1411 Philoponus
395 1329 627 1396 Anaximandri
644 1331 836 1414 principium
859 1331 1031 1415 signifieat,
1050 1326 1088 1396 τὸ
1104 1331 1196 1414 παρὰ

66 1435 115 1501 τὰ
141 1438 302 1515 στοιχεῖα
332 1437 405 1504 dieo
437 1432 529 1503 etad
551 1439 672 1520 μεταῤ)
699 1440 766 1504 τῶν
788 1437 968 1520 στοιχείων.
1015 1440 1085 1507 Hae
1111 1443 1195 1507 enim

68 1555 145 1612 tres
172 1545 328 1612 eiusdem
351 1543 506 1633 prinoipii'
520 1551 755 1633 appellationes
778 1547 825 1615 ita
845 1550 929 1615 inter
953 1570 988 1616 se
1012 1550 1140 1634 habent,
1160 1558 1195 1617 ut

68 1657 349 1741 progressionem
371 1657 558 1724 eontineant
579 1681 600 1725 a
619 1660 752 1726 notione
769 1661 905 1726 maxime
927 1659 1051 1726 infinita
1073 1658 1114 1726 ad
1137 1679 1193 1724 no-

68 1767 210 1832 tionem
233 1766 376 1834 maxime
399 1766 531 1846 linitam,
556 1767 699 1851 haecque
722 1789 831 1835 earnm
852 1770 935 1835 ratio
967 1769 1000 1833 in
1023 1769 1195 1852 Philoponi

70 1895 220 1958 quoque
245 1894 303 1941 usu
326 1877 456 1942 omuino
484 1878 633 1943 cernitur.
676 1877 824 1961 Namque
847 1876 1081 1944 Anaximandri
1108 1880 1194 1962 prin-1

70 1983 211 2069 oipium
245 1984 293 2049 ita
321 1986 466 2070 appellat
495 1986 534 2051 τὸ
556 1984 647 2070 παρὰ
678 1985 720 2051 ια’
745 1989 902 2071 στοιχεῖα,
934 1993 969 2053 ut
1002 1989 1195 2072 generaliter

70 2115 249 2160 summam
270 2096 339 2160 eius
366 2116 386 2161 a
407 2096 539 2179 reliquis
561 2095 764 2182 philosophis
790 2097 824 2162 in
846 2096 959 2164 eodem
982 2117 1101 2181 genere
1123 2117 1193 2163 ver·

73 2203 239 2268 sentibus
261 2202 477 2270 differentiam
500 2205 633 2289 indioet;
670 2206 703 2272 id
725 2206 812 2290 quod
834 2206 910 2273 iude
933 2211 1082 2291 apparet
1108 2206 1194 2289 quod

70 2315 113 2378 iis
137 2312 242 2394 loeis,
264 2313 380 2394 quibus
401 2333 469 2397 eos,
498 2317 551 2398 qui
577 2336 735 2382 summum
757 2317 947 2400 principium
969 2336 1068 2383 uuum
1092 2315 1193 2398 quod·

71 2421 156 2487 dam
196 2442 318 2505 eorpus
341 2423 490 2490 omnibus
518 2425 612 2491 rebus
636 2426 814 2491 subiectum
836 2431 967 2510 ponant,
997 2425 1194 2509 generaliter

71 2531 202 2598 dividit
226 2531 401 2616 horumque
424 2534 542 2601 alteros
566 2534 611 2600 ita
634 2534 803 2619 signifieat,
826 2540 861 2599 ut
882 2553 938 2599 eos
961 2535 993 2599 in
1010 2535 1191 2600 universum

72 2639 126 2706 Ἓν
145 2667 184 2707 τι
208 2641 276 2704 τῶν
297 2637 487 2723 στοιχείων’
510 2663 628 2728 ponere
640 2643 735 2726 dieat,
758 2643 809 2710 his
825 2642 1057 2710 Anaximandri
1073 2643 1190 2710 doetri-

72 2775 157 2820 nam
181 2753 372 2836 plerumque
395 2751 442 2818 ita
463 2754 604 2838 opponit,
628 2759 664 2819 ut
685 2755 754 2818 eius
776 2751 971 2836 principium
1003 2747 1138 2835 ‘stapla
1159 2775 1190 2817 τι

73 2855 177 2943 παρὰ
210 2860 252 2924 τὰ
273 2852 437 2941 στοιχεῖα’
468 2863 655 2947 appellet2);
690 2884 729 2928 ae
762 2863 906 2947 profeoto
938 2862 998 2930 hoe
1032 2863 1190 2929 vocabulo

73 2975 154 3056 ipsa
179 2971 267 3036 illius
290 2972 435 3056 principii
460 2980 575 3039 natura
597 2994 661 3038 non
684 2975 745 3039 nisi
763 2971 936 3039 admodum
953 2971 1077 3038 infinite
1091 2973 1190 3056 signi·

73 3083 210 3164 fleatur,
234 3082 394 3164 quoniam,
421 3087 579 3165 quatenus
601 3081 745 3163 τὶπαρά
767 3081 975 3162 τὰστοιχεῖα
1008 3080 1131 3160 dieitur,
1164 3083 1190 3147 si
1216 3069 1226 3084 ⁶

74 3193 249 3258 elementa
271 3192 412 3276 exempli
432 3195 537 3276 gratia
560 3193 719 3260 densitate
741 3199 773 3260 et
796 3195 928 3259 raritate
940 3191 1190 3275 distinguuntur,

74 3296 142 3362 hao
168 3297 325 3380 qualitate
347 3305 380 3364 et
402 3297 483 3365 inter
505 3301 574 3365 tria·
587 3299 664 3366 bina
687 3301 846 3366 elementa
867 3298 1007 3366 medium
1032 3308 1063 3366 et
1079 3298 1189 3366 densi-

194 3518 222 3587 1)
240 3517 373 3588 Zellerus,
393 3519 490 3574 Geseh.
513 3525 565 3575 eto.
590 3521 610 3584 l,
629 3539 656 3590 p.
678 3521 737 3584 190,
760 3527 817 3574 not.
838 3523 851 3572 1
876 3519 1090 3575 disiunctionem
1112 3519 1191 3574 illam

75 3616 181 3686 priore
201 3613 286 3668 modo
302 3615 415 3670 videtur
435 3616 573 3685 accipere;
598 3617 647 3672 ait·
661 3617 745 3685 enim,
765 3616 953 3686 Philoponum
977 3615 1093 3670 dubium
1122 3635 1191 3686 esse,

76 3730 150 3766 num
165 3711 372 3768 Anaximandri
381 3711 521 3766 infinitum
532 3712 654 3768 medium
673 3714 710 3768 sit
721 3713 794 3768 inter
806 3731 907 3782 aquam
920 3716 950 3768 et
960 3730 1052 3768 aerem
1066 3732 1102 3769 an
1115 3714 1189 3768 inter

61 3789 179 3866 'aerem
199 3811 230 3863 et
247 3808 348 3879 ignem.

187 3905 215 3973 2)
234 3904 306 3960 Vide
328 3923 413 3975 supra
436 3924 463 3975 p.
484 3908 535 3960 126
557 3911 615 3961 not.
636 3911 659 3975 1,
677 3924 707 3962 a:
737 3890 832 3976 ,οὗτος
852 3906 884 3961 δὲ
903 3907 957 3961 τῶν
975 3900 1064 3961 ἄλλων
1083 3907 1191 3978 μᾶλλον

78 3995 245 4071 audisio-lov,
264 3996 333 4054 διότι
351 4001 394 4073 μὴ
414 4001 449 4057 ἓν
465 4003 529 4058 τῶν
548 4008 732 4073 στοιχείων
751 4043 757 4056 .
777 4044 783 4057 .
804 4004 907 4074 ἔλεγεν,
933 4003 1000 4056 a'lt'
1025 3996 1140 4072 ἕτερόν
1159 4022 1192 4056 τι

79 4095 176 4167 παρὰ
201 4095 329 4150 nadad
366 4096 438 4150 Ibid.
463 4099 487 4165 l,
513 4115 538 4151 e:
572 4095 619 4166 ,ιό
647 4096 679 4152 ἓν
705 4097 783 4152 τοῦτο
805 4097 952 4168 (λέγουσιν)
984 4090 1001 4164 ἢ
1030 4099 1094 4152 τῶν
1120 4113 1192 4152 teu·
1266 4153 1272 4162 ,

82 4189 196 4265 σάρων
218 4214 249 4248 τι
266 4194 343 4263 εἶναι,
372 4187 489 4260 ἢᾶλλο
506 4214 539 4248 τι
559 4191 649 4264 παρὰ
668 4195 796 4250 zabad
834 4194 945 4250 Pariter
969 4212 996 4265 p.
1018 4194 1067 4248 127
1088 4199 1146 4250 not.
1167 4196 1191 4261 l,

81 4310 109 4361 ο,
128 4309 158 4361 p.
180 4293 231 4346 128
248 4295 307 4346 not.
331 4291 387 4361 l,d
407 4297 435 4346 et
453 4310 484 4362 e;
503 4309 530 4362 p.
553 4291 603 4348 130
621 4297 679 4348 not.
695 4295 718 4361 1,
737 4310 766 4362 a3
785 4293 819 4362 b;
837 4309 860 4348 e.
