2850 4904
606 365 658 432 rst

74 571 179 634 qnam
203 549 336 634 quidem
368 548 587 616 definitionem
610 548 643 614 in
676 548 822 632 sequenti
854 547 1072 632 disputatione
1105 569 1183 614 nun-

73 651 179 742 qnam
207 659 336 745 repetit,
362 657 420 725 sed
453 657 596 744 explicat
629 658 732 724 solum
764 662 796 723 et
818 657 977 741 reprobat.
1021 657 1071 724 Ad
1092 658 1183 724 illum

72 770 179 853 igitur
211 770 317 836 locum
345 789 410 836 vox
433 763 539 845 οὕτως
570 768 741 836 referenda
779 773 844 846 est3
879 768 966 850 quod
988 765 1016 833 si
1038 767 1083 850 fit,
1112 787 1182 834 ver·

72 880 193 945 borum
218 877 379 945 sententia
400 877 481 944 haee
503 885 567 944 est:
586 871 743 962 ‘apparet
758 877 866 960 igitur,
891 875 925 942 id
939 875 1026 959 quod
1048 882 1181 943 estnon

71 1007 176 1070 posse
201 1005 298 1054 unum
320 1007 393 1053 esse
416 1005 456 1052 ea
477 985 612 1064 ratione,
647 992 805 1069 quatenns
839 984 873 1050 id
895 984 991 1051 simul
1017 986 1182 1051 immotum

72 1086 261 1176 dicitur'1).
305 1095 366 1160 His
396 1094 493 1161 dictis
516 1094 706 1161 Aristoteles
740 1093 892 1161 continuo
922 1094 1118 1160 convertitur
1139 1094 1182 1162 ad

73 1204 292 1289 physicorum
311 1203 503 1287 doctrinam,
526 1203 616 1270 hisce
638 1203 762 1271 verbis:
785 1197 857 1287 „oie
870 1200 907 1268 dd
929 1195 960 1268 oi
983 1203 1117 1288 φυσικοὶ
1131 1201 1183 1267 λέ-

73 1333 173 1395 γουσι
197 1314 256 1393 (εο.
278 1306 315 1377 ἓν
336 1302 419 1376 εἶναι
440 1307 479 1376 τὰ
504 1303 542 1376 dv
556 1347 598 1358 -
613 1313 647 1379 id
671 1311 757 1378 enim
770 1317 859 1396 patet
877 1320 983 1379 mente
998 1311 1182 1380 addendum

73 1423 173 1504 esse),
198 1413 260 1486 dou
273 1415 396 1503 τρόποι
418 1417 531 1487 εἶσίν.“
554 1423 591 1488 In
607 1421 725 1506 qnibns
739 1421 848 1488 verbis
863 1441 942 1488 voce
962 1414 1046 1498 ‘dg'
1071 1429 1182 1506 aperto

74 1551 115 1597 ca
136 1530 342 1616 significatur
364 1533 456 1612 ratio,
479 1551 543 1615 qua
566 1531 696 1617 physici
717 1531 752 1598 id
767 1531 853 1615 quod
876 1538 1042 1598 estonum
1065 1530 1182 1598 dicant.

74 1642 184 1708 Huius
207 1648 314 1707 autem
344 1642 479 1708 rationis
501 1642 691 1708 Aristoteles
713 1642 835 1726 pariter
864 1660 928 1707 uno
955 1647 1078 1708 tantum
1111 1642 1181 1709 loco

74 1749 302 1817 definitionem
325 1751 502 1836 proposuit,
535 1750 569 1817 in
597 1749 712 1817 uadem
747 1741 804 1817 illa
836 1751 980 1835 generali
1011 1750 1182 1834 divisione,

77 1879 142 1942 qua
165 1859 323 1944 physicos
346 1861 428 1928 dixit
449 1861 485 1927 id
507 1860 593 1944 quod
616 1866 666 1927 est
687 1877 785 1928 uuum
806 1869 839 1928 et
858 1867 946 1927 motu
967 1861 1066 1928 insito
1088 1881 1183 1945 prue-

76 1967 184 2034 ditum
206 1962 256 2047 (ἓν
275 1965 331 2032 καὶ
352 1959 557 2051 κινούμενον)
587 1965 752 2051 ponere2).
794 1967 886 2034 Hanc
908 1967 1009 2052 igitur
1026 1967 1184 2052 physicae

78 2079 219 2146 rationis
231 2075 451 2144 definitionem
463 2097 543 2144 voce
563 2067 639 2154 ‘rte'
661 2077 823 2162 intellegit
834 2079 860 2160 ⁸)
876 2076 1036 2163 huiusque
1048 2078 1184 2144 rationis

78 2188 161 2255 duas
186 2188 306 2255 formas
329 2181 402 2272 (δύο
424 2181 581 2270 τρόπους)
603 2207 675 2254 οεεο
691 2186 781 2254 dicit.
825 2187 920 2266 Quod
943 2189 971 2254 si
994 2208 1104 2255 verum
1125 2194 1184 2271 est,

80 2299 253 2366 verborum
287 2298 448 2365 sententia
482 2297 562 2364 haec
584 2295 735 2364 efficitur:
768 2291 862 2363 ‘eius
894 2303 1002 2364 autem
1037 2298 1183 2382 rationis,

80 2425 145 2489 qua
168 2405 204 2472 id
228 2407 313 2491 quod
336 2413 386 2474 est
407 2385 454 2472 itu
479 2425 577 2474 unum
600 2401 729 2490 dicitnr,
760 2413 796 2473 ut
817 2406 913 2473 simul
936 2404 1118 2491 praeditum
1140 2407 1184 2474 sit

79 2524 179 2602 motu,
203 2522 357 2600 quaeest
379 2517 463 2584 ratio
485 2513 703 2602 physicorum,
726 2516 810 2583 duae
833 2522 907 2583 sunt
928 2514 1077 2584 formae'.

181 2626 298 2710 Itaque
320 2625 493 2692 hisverbis
514 2623 579 2692 duo
595 2627 806 2703 eontinentur,
829 2625 977 2710 primum,
999 2645 1084 2712 qnae
1099 2645 1183 2692 com·

80 2735 189 2802 munis
212 2734 355 2802 omnium
377 2734 585 2820 physicorum
607 2733 755 2801 doctrina
769 2733 822 2819 sit,
843 2733 972 2817 deinde,
995 2734 1090 2801 huius
1105 2732 1183 2800 doc·

80 2845 186 2912 trinae
209 2843 296 2929 apud
317 2843 470 2929 physicos
493 2843 575 2911 duas
597 2838 669 2912 esse
690 2844 829 2922 dormas3
858 2850 956 2929 atqua
983 2846 1087 2930 ipsam
1110 2843 1183 2910 doc·

80 2953 199 3021 trinam
221 2973 240 3020 e
263 2955 418 3020 relatione
440 2953 529 3020 vocis
549 2948 633 3032 ‘aa'
658 2960 794 3039 apparet
814 2953 847 3020 in
870 2973 909 3020 eo
930 2955 1017 3039 poni,
1041 2953 1128 3037 quod
1151 2953 1184 3019 id

82 3065 170 3149 quod
192 3071 244 3133 est
265 3085 362 3132 nnnm
385 3072 417 3132 et
438 3071 526 3132 motu
541 3065 724 3152 praeditum
737 3065 856 3149 dicant,
878 3064 1024 3149 hancque
1037 3065 1183 3130 omnibns

85 3219 286 3229 -.-.-—-..

187 3319 212 3383 1)
232 3316 376 3374 Sententia
398 3321 525 3390 apparet,
549 3320 572 3373 si
594 3318 681 3375 verba
703 3319 743 3375 ita
767 3319 947 3390 supplentur:
977 3312 1033 3388 „dra
1056 3317 1112 3390 μὲν
1135 3307 1186 3371 οὖν

82 3409 185 3473 οὕτως
211 3412 243 3468 ἓν
269 3413 336 3469 εἶναι
363 3411 394 3468 τὸ
419 3407 453 3470 ὃν
470 3407 614 3480 ἀδύνατον,
642 3410 726 3469 ὥστε
754 3411 915 3482 ἀκίνητον
939 3415 1036 3474 εἶναι,
1060 3409 1097 3473 ὥς
1115 3431 1182 3484 φησι

82 3508 264 3584 Παρμενίδης
281 3514 327 3564 ant
345 3511 498 3580 Μέλισσος,
516 3511 627 3579 οῆλον.“
665 3509 705 3565 Ci.
726 3513 796 3566 lssb
813 3511 845 3566 it
864 3513 893 3566 et
911 3511 954 3566 26.
983 3539 989 3547 ·

181 3606 209 3673 2)
231 3603 301 3664 loss
315 3606 429 3661 15-18.

183 3700 213 3777 3)
232 3701 333 3756 Vocem
352 3698 421 3762 ‘uie’
445 3700 622 3758 referendam
649 3719 707 3757 esse
737 3701 772 3758 ad
791 3702 882 3758 locum
909 3702 1048 3772 quendam
1076 3705 1184 3759 antece·

83 3795 204 3864 dentem,
222 3799 302 3866 patet
321 3796 406 3852 etiam
425 3813 459 3852 ex
477 3795 539 3866 ipsa
551 3796 751 3852 enuntiationis
769 3795 868 3852 torma
887 3796 1014 3867 Namque
1027 3800 1184 3856 enuntiatio

83 3897 180 3964 aperte
194 3893 225 3947 in
244 3908 277 3947 eo
289 3897 427 3962 versatur,
445 3897 478 3947 ut
489 3891 619 3964 physicae
627 3892 745 3948 rationis
765 3892 837 3948 duaa
850 3910 908 3948 ease
925 3893 1055 3951 dicantur
1064 3893 1184 3968 formam

83 3983 150 4044 haec
169 3987 246 4042 ratio
264 3987 326 4058 ipsa
344 3992 439 4044 antem
456 3993 626 4058 tamquam
644 3995 729 4045 nota
748 3990 878 4057 sumitur,
898 4007 950 4046 nec
967 4008 1035 4048 voro
1046 3997 1114 4048 nota
1126 4010 1185 4048 esse

84 4087 177 4151 potest
194 4083 250 4138 nisi
269 4101 303 4138 ex
321 4085 499 4156 antegressis.
536 4088 579 4141 Ac
590 4103 689 4141 revera
707 4086 847 4142 sententia
865 4087 960 4142 atatim
973 4090 1100 4158 sequenti
1113 4090 1184 4145 duae

84 4180 147 4236 illae
166 4179 276 4236 formae
295 4179 393 4251 aperte
411 4181 654 4252 enuntiantur,
680 4183 741 4253 ipsa
769 4186 863 4238 antem
885 4183 935 4238 illa
953 4185 1029 4240 ratio
1055 4203 1112 4242 non
1130 4187 1184 4242 uisi

85 4277 205 4344 quadam
226 4276 401 4348 adpositione
419 4279 627 4349 explicatur.
