2882 4902
612 394 642 448 11

62 564 207 646 quidem
229 566 408 650 induxisse,
433 574 468 633 ut
490 568 612 652 primus
635 567 695 632 hac
718 588 795 634 voce
815 561 888 651 ‘cria
909 559 1031 656 ἀρχῆν’,.
1055 569 1090 634 id
1119 577 1176 650 est,

62 695 236 742 summum
257 677 567 762 rerumprincipium
583 684 794 762 nuncupar·et;
820 697 966 760 namque,
981 698 1057 743 num
1078 678 1177 744 etiam

63 781 180 866 ipsam
212 783 297 850 hanc
319 805 428 850 vocem
462 785 584 868 primus
614 785 804 850 lormaverit
830 792 925 866 atque
954 785 989 849 in
1018 786 1176 852 Graecum

63 911 256 958 sermonem
275 893 449 975 induxerit,
472 914 513 960 ex
536 894 617 978 ipsis
634 893 795 979 Simplicii
815 894 922 960 verbis
945 894 1090 978 intellegi
1113 916 1176 962 non

64 1020 171 1083 posse
199 1001 352 1069 vidimus.
396 1002 483 1081 Quid
509 1009 615 1068 autem
644 1003 721 1069 inde
748 1011 911 1087 sequatur,
945 1005 1032 1088 quod
1058 1004 1178 1070 Anaxi·

64 1112 212 1178 mandcr
233 1114 356 1197 primus
369 1134 525 1180 summum
545 1134 649 1180 rerum
665 1114 859 1199 principium
880 1117 940 1179 τοῦ
962 1110 1101 1196 ἀπείρου
1123 1134 1177 1181 vo·

65 1223 193 1288 cabulo
217 1223 439 1309 appellaverit,
464 1230 576 1306 postea
598 1225 780 1291 accuratius
802 1225 1028 1310 explicabitur.

177 1335 370 1402 Transimus
385 1334 427 1400 ad
438 1335 541 1401 locum
555 1335 724 1421 Hippolyti
732 1339 766 1418 1),
781 1337 837 1419 qui
850 1337 898 1406 sic
913 1337 1043 1420 legitur:
1058 1319 1179 1418 ,οὗτος

66 1439 358 1526 (Ἀναξίμανδρος)
388 1442 448 1526 μὲν
470 1435 572 1529 ἆρχὴν
600 1445 653 1510 καὶ
677 1449 837 1526 στοιχεῖον
856 1440 964 1530 εἴρηκε
986 1448 1051 1510 τῶν
1075 1435 1179 1510 ὄντων

67 1546 113 1617 τὸ
137 1541 324 1635 ἔπειρον,
355 1556 515 1634 πρῶτος
546 1544 720 1638 τοῦνομα
750 1553 917 1634 καλέσας
944 1555 1012 1640 τῆς
1032 1545 1178 1640 α’ρχῆςῖι.

69 1660 145 1740 Quo
170 1663 243 1728 loco
267 1663 365 1729 verba
383 1653 687 1746 ‘aaaroguottopa
703 1664 839 1742 καλέσας
855 1667 914 1751 τῆς
928 1655 1049 1749 α’ρχῆς’,
1072 1665 1101 1730 si
1120 1685 1178 1750 per

69 1773 214 1855 sescla,
244 1781 279 1839 ut
300 1772 421 1859 scripta
443 1781 525 1850 sunt,
555 1775 813 1853 considerantur,
848 1774 933 1841 baud
964 1774 1061 1841 facile
1084 1775 1180 1840 aliter

71 1881 224 1966 intellegi
246 1890 395 1967 poterunt
415 1884 478 1951 nisi
502 1885 556 1966 ita,
589 1891 624 1949 ut
645 1883 887 1950 Anaximander
908 1883 1033 1950 dicatur
1055 1885 1178 1969 primus

71 2011 208 2056 vocem
236 1981 356 2080 ἀρχὴν
383 1993 613 2060 adhibuisse
635 2002 731 2076 atque
753 1992 884 2076 quidem
909 2014 973 2059 non
994 1994 1179 2078 solumpri·

73 2120 147 2166 mus
163 2099 354 2168 adhibuisse
368 2101 410 2166 ad
421 2101 670 2185 significandum
682 2097 839 2168 summum
852 2121 962 2167 verum
973 2101 1177 2185 principium,

73 2229 189 2275 verum
221 2210 320 2276 etiam
350 2212 456 2295 ipsam
488 2231 598 2277 vocem
629 2211 762 2277 finxisse
789 2224 821 2277 et
849 2212 883 2276 in
918 2231 1096 2277 sermonem
1129 2211 1175 2276 in·

75 2316 256 2398 duxiss02).
287 2319 353 2386 Sed
375 2322 548 2404 quaeritur,
573 2321 684 2404 quanti
708 2321 909 2386 aestimanda
932 2321 974 2386 sit
994 2321 1090 2386 huius
1116 2320 1178 2385 loci

76 2429 167 2514 tides,
189 2447 273 2512 quae
296 2430 404 2514 plnres
420 2430 460 2496 ob
483 2451 614 2497 caussas
634 2430 805 2496 admodum
820 2430 920 2496 dubia
942 2437 1000 2496 est.
1037 2428 1178 2495 Primum

77 2540 179 2623 enim,
201 2540 287 2622 quod
308 2540 549 2607 Anaximander
570 2541 762 2626 simpliciter
782 2540 900 2606 dieitur
926 2541 1048 2625 primus
1068 2559 1178 2605 vocem

77 2638 182 2734 ἀρχήν
205 2648 403 2733 adhibuisse,
426 2650 461 2715 id
480 2652 590 2735 paullo
608 2659 681 2717 ante
699 2651 827 2717 omnino
842 2651 958 2715 falsum
977 2669 1048 2716 esse
1060 2670 1179 2732 cogno·

77 2758 194 2824 vimus.
237 2759 365 2825 Deinde
388 2760 416 2825 si
443 2780 500 2846 ea
517 2767 566 2826 est
594 2761 656 2826 loci
689 2760 862 2838 sententia,
894 2779 989 2842 quam
1017 2758 1118 2825 sclam
1145 2757 1180 2822 in

79 2869 187 2934 verbis
209 2867 432 2953 inesseposse
455 2869 614 2951 diximus,
645 2871 774 2935 omnino
805 2868 1009 2938 desideratur
1031 2867 1181 2951 repetitio

79 2977 209 3045 articuli
229 2973 275 3042 τὸ
302 2987 377 3045 ante
398 2979 576 3063 genitivum
593 2979 652 3066 τῆς
666 2979 773 3066 ἀρχῆς,
796 2999 891 3063 quem
916 2979 949 3045 in
968 2977 1027 3043 tali
1043 2977 1180 3061 genitivi

80 3087 318 3172 significatione
340 3088 442 3172 repeti
465 3089 568 3153 solere
591 3086 797 3154 ostendimus.
835 3087 926 3170 Tum,
950 3085 985 3152 id
1001 3085 1087 3170 quod
1108 3107 1180 3170 gra-

79 3196 247 3262 vissimum
270 3203 328 3280 est,
350 3197 378 3263 si
400 3197 485 3264 hunc
505 3198 674 3283 Hippolyti
695 3198 799 3264 locum
824 3217 894 3262 cum
916 3198 987 3262 loeo
1009 3195 1181 3281 Simplicii,

81 3304 119 3371 de
156 3325 220 3388 quo
253 3305 348 3371 modo
378 3307 600 3384 tractavimus,
636 3325 872 3390 comparamus,
904 3312 995 3371 tanta
1024 3305 1128 3370 iniis
1151 3313 1182 3370 et

81 3415 249 3480 verborum
266 3421 298 3480 et
309 3416 479 3481 verborum
494 3415 617 3481 ordinis
633 3422 769 3501 apparet
789 3415 967 3499 consensio,
989 3421 1024 3480 ut
1040 3413 1182 3480 dubitari

82 3530 234 3608 nequeat,
269 3524 347 3607 quin
381 3544 422 3590 ex
444 3524 556 3591 eodem
578 3525 666 3590 tonte
688 3523 852 3607 fluxerint3
889 3524 959 3589 sola
981 3523 1066 3588 enim
1088 3522 1183 3589 diffe·
1234 3583 1240 3593 ,

81 3634 186 3702 rentia
207 3633 242 3698 in
262 3653 300 3699 eo
316 3634 423 3718 posita
444 3641 502 3716 est,
525 3633 719 3718 quod‘apud
740 3633 952 3719 Hippolytum
974 3640 1049 3698 ante
1070 3651 1182 3698 vocem

81 3733 229 3824 τοῦνομα
261 3742 352 3809 deest
387 3761 563 3829 pronomen
593 3742 728 3827 τοῦτο,
764 3742 850 3825 quod
872 3742 958 3825 apud
979 3741 1183 3826 Simplicium

182 3903 208 3974 1)
228 3903 321 3959 liciat.
341 3903 445 3958 haeres.
465 3903 487 3972 1,
504 3906 530 3959 6.

178 4001 208 4072 2)
227 4000 385 4056 Brackerus
404 4001 464 4055 sine
485 4001 540 4055 ulla
559 4018 657 4056 caussa
675 4002 824 4056 verborum
843 4001 1011 4055 sententiam
1030 3999 1182 4062 contrahit,

80 4114 142 4152 oum
155 4096 429 4167 Pseudo-Origenem
448 4097 552 4152 referre
564 4097 640 4152 dicat
653 4097 892 4152 Anaximandrum
905 4112 1002 4152 vocem
1020 4091 1108 4167 ἀρχὴν
1127 4096 1183 4165 pri·

80 4212 160 4250 nrum
186 4196 217 4249 in
242 4194 295 4249 hoc
320 4209 401 4250 sensu
429 4194 582 4264 accepisse,
607 4198 639 4248 ut
665 4210 790 4248 caussam
815 4210 910 4248 rerum
938 4191 1118 4263 significaret.
1148 4191 1182 4247 ci.

82 4308 167 4362 supra
185 4309 212 4362 p.
232 4293 255 4345 7.
