2850 4904
774 373 826 424 198

236 548 287 629 iis,
310 548 365 628 qui
385 563 439 610 res
458 546 691 610 eonnariorum
723 547 902 610 secretione
923 544 1072 626 generari
1101 545 1216 625 velint,
1247 549 1330 622 atque

237 659 270 721 in
292 655 342 720 his
364 656 468 721 solum
489 653 766 719 Anaximandrum
788 653 976 731 nominat¹).

244 845 440 852 -—.-..-—-

239 965 276 1022 ab
295 965 450 1020 Aristotele
468 964 503 1018 de
522 963 639 1032 reliquis
649 963 780 1018 omnibus
798 963 906 1032 pariter
924 967 1009 1030 atque
1027 962 1063 1016 de
1072 964 1245 1016 Anaximene
1264 977 1331 1029 prae·

239 1062 338 1130 dicari,
349 1062 510 1131 Simplicius
528 1061 648 1130 sumpsit
666 1079 701 1114 ex
714 1059 876 1114 Aristotelis
888 1059 996 1113 verbis:
1013 1060 1057 1111 ‘ol
1074 1058 1130 1128 μὲν
1147 1057 1200 1128 γὰρ
1220 1057 1250 1111 ἓν
1267 1051 1333 1112 nori·

240 1177 336 1219 σαντες
354 1199 361 1212 .
381 1199 387 1212 .
407 1199 414 1212 .
434 1151 449 1224 ἢ
468 1159 532 1210 τῶν
548 1158 647 1226 τριῶν
666 1177 696 1210 τι
722 1150 738 1222 ἣ
757 1149 836 1209 ἄλλο
856 1198 863 1210 .
883 1197 890 1209 .
909 1199 915 1210 .
933 1147 1016 1209 τᾶλλα
1041 1155 1157 1222 γεννῶσι
1177 1155 1252 1216 ari),
1275 1169 1332 1220 ergo

239 1258 282 1308 ‘ot
299 1249 389 1307 dator
409 1259 437 1308 et
456 1248 570 1311 ‘urinae
587 1239 676 1306 odror’
700 1253 736 1307 ab
755 1271 788 1307 eo
807 1252 1013 1322 intelleguntur
1036 1251 1119 1305 simul
1139 1251 1169 1318 ii,
1192 1251 1239 1319 qui
1257 1265 1332 1302 unum

239 1371 255 1407 e
273 1353 365 1406 tribus
384 1351 531 1406 elementis
549 1355 578 1404 et
596 1349 626 1418 ii,
645 1351 694 1418 qui
712 1355 844 1405 naturam
861 1349 1002 1418 quandam
1021 1348 1143 1403 mediam
1154 1351 1264 1417 ponant.
1287 1345 1331 1398 Re·

239 1450 372 1519 spondeo,
391 1448 499 1502 nullam
518 1465 577 1502 esse
596 1465 731 1514 caussam,
750 1464 800 1501 eur
818 1445 1022 1500 existimandus
1048 1445 1085 1499 sit
1104 1443 1214 1498 axillis
1235 1442 1332 1496 Aristo·

240 1544 303 1598 tolia
323 1545 415 1599 verbis
440 1545 598 1613 sumpsisse,
626 1545 674 1598 sed
694 1561 782 1613 aeque
809 1543 871 1598 fieri
901 1561 991 1612 posse,
1022 1547 1054 1596 ut
1083 1561 1098 1596 e
1121 1541 1332 1611 physicorum

241 1640 416 1694 divisione
434 1641 595 1708 proxime
611 1640 792 1708 proposita
810 1639 1038 1706 concluserit3
1065 1655 1128 1692 eum
1148 1638 1220 1692 euim
1238 1634 1332 1689 Aristo-

243 1739 311 1791 teles
329 1754 424 1791 omnes
442 1736 572 1806 physicos
600 1737 677 1792 dicat
707 1740 756 1790 aut
786 1736 1002 1790 condensatione
1030 1739 1059 1789 et
1084 1733 1267 1788 rarefactione
1290 1732 1331 1784 aut

240 1835 446 1888 contrariorum
471 1834 626 1888 secretione
653 1851 696 1887 res
715 1849 858 1903 generare.
884 1833 957 1888 hano
979 1831 1165 1901 posteriorem
1188 1833 1276 1884 autem
1291 1844 1331 1897 ge

196 1923 202 1934 '
241 1931 395 1984 necationis
423 1931 543 1985 formam
572 1931 625 1984 soli
645 1929 856 1984 Anaximandro
884 1929 1001 1996 tribuat,
1031 1927 1167 1997 sequitur,
1196 1931 1227 1980 ut
1250 1925 1331 1994 priore

241 2028 431 2098 generationis
451 2027 544 2082 forma
562 2028 686 2096 reliquos
704 2044 800 2081 omnes
821 2031 934 2094 praeter
952 2043 1037 2080 unum
1051 2023 1286 2080 Anaximandrum
1296 2018 1332 2072 uti

242 2125 330 2190 dioat;
350 2129 435 2194 atque
453 2124 507 2179 hac
523 2124 699 2178 conclusione
710 2122 859 2178 admodum
880 2122 958 2177 facili
968 2121 1128 2190 Simplicius
1148 2116 1331 2175 existimandus

241 2225 286 2276 est
303 2239 369 2274 usus
389 2238 458 2289 esse,
479 2221 503 2274 si
523 2239 587 2274 eum
605 2221 735 2274 nolumus
755 2219 854 2274 eodem
876 2219 938 2274 loeo
963 2236 1009 2274 res
1026 2217 1260 2289 pugnantissimas
1277 2229 1331 2268 con·

242 2317 366 2372 tendere.

344 2413 420 2481 Quos
437 2412 563 2484 singulos
582 2413 764 2482 philosophos
784 2411 965 2478 intellexerit,
984 2410 1032 2480 qui
1050 2412 1160 2481 pariter
1177 2411 1330 2481 atqueAna·

243 2510 368 2564 ximenes
386 2509 602 2564 oondensatione
620 2513 649 2564 et
665 2508 854 2563 rarelaotione
873 2511 1029 2569 uterentur,
1054 2507 1155 2562 itidem
1172 2505 1331 2562 exoratione

244 2610 406 2676 antegressa
424 2607 555 2676 cognosci
573 2610 677 2675 potest.
714 2606 841 2674 Namque
871 2605 900 2658 in
926 2604 1020 2673 prima
1043 2604 1241 2674 disputationis
1262 2603 1331 2672 parte

243 2720 299 2769 eos,
319 2703 367 2770 qni
385 2719 471 2755 unum
491 2702 606 2756 etribus
624 2701 769 2755 elementis
787 2706 904 2769 ponant,
922 2700 1006 2754 simul
1024 2717 1088 2754 cum
1099 2701 1268 2754 Anaximene
1276 2695 1329 2750 Dio

244 2817 344 2868 genem
361 2799 580 2867 Apolloniatem,
599 2797 714 2852 Thalem
733 2802 762 2852 et
774 2798 941 2867 Hipponem,
960 2797 1137 2852 Heraclitum
1156 2803 1185 2852 et
1196 2796 1330 2866 Hippana

245 2895 323 2949 dicit.
363 2895 432 2947 Cum
452 2897 546 2948 autern
565 2894 697 2948 continuo
716 2898 780 2962 post
793 2894 1035 2948 Anaximandrum
1054 2893 1161 2948 referat
1181 2894 1216 2947 ab
1228 2892 1330 2946 Alexan-

244 2991 297 3044 dro
317 3009 380 3044 eum
399 2990 465 3058 dici,
485 2992 533 3059 qui
552 2994 682 3044 naturam
701 2991 776 3045 inter
794 3009 888 3046 aerem
906 2995 935 3045 et
953 2991 1047 3060 ignem
1065 2990 1189 3044 mediam
1207 2991 1286 3058 ponat
1303 3010 1329 3020 -

244 3094 329 3155 atque
347 3087 419 3141 hanc
438 3086 523 3140 etiam
543 3086 630 3155 ipsius
643 3087 780 3155 Simplicii
800 3087 967 3142 sententiam
980 3105 1049 3153 esse,
1068 3087 1175 3155 partim
1189 3086 1241 3140 iam
1258 3078 1329 3151 signi·

243 3184 395 3244 fieavimus,
423 3183 528 3252 partim
552 3184 648 3253 paullo
676 3187 740 3252 post
764 3185 848 3252 plane
876 3183 1118 3253 probabimus-
1143 3199 1256 3249 cumque
1282 3179 1331 3246 ipse

243 3283 341 3334 nostro
360 3280 422 3334 loco
441 3279 560 3333 eundem
581 3279 824 3333 Anaximandrum
852 3297 917 3333 eum
944 3296 1002 3333 esse
1021 3279 1106 3346 dicat,
1135 3277 1184 3347 qui
1206 3294 1257 3330 non
1279 3286 1331 3326 υοιι·

243 3375 405 3430 densatione
424 3379 452 3428 et
471 3373 659 3428 rarefactione
682 3374 731 3428 sed
749 3375 956 3428 contrariorum
982 3374 1137 3428 secretione
1158 3377 1260 3438 utatur,
1277 3383 1330 3424 con·

244 3472 412 3528 eludendum
440 3475 491 3538 est,
521 3469 700 3539 aSimplioio
718 3467 798 3529 ιτοὺς
821 3464 948 3538 ἄλλους’,
974 3469 1008 3524 de
1037 3470 1138 3538 quibus
1168 3468 1287 3524 omnibus
1301 3460 1330 3516 ab

244 3569 398 3624 Aristotele
426 3568 534 3638 pariter
562 3572 647 3636 atque
674 3567 709 3620 de
737 3567 912 3623 Anaximene
937 3567 1117 3621 condensatio
1142 3573 1172 3622 et
1199 3559 1330 3620 rarefactio

244 3666 432 3735 praedicetur,
451 3665 514 3720 illos
523 3665 654 3734 quinque,
674 3682 743 3733 quos
755 3669 839 3720 antea
848 3670 961 3733 praeter
971 3664 1175 3718 Anaximenem
1185 3656 1330 3720 nominavit,
1398 3651 1399 3656 ’

244 3763 425 3834 philosophos
453 3761 589 3832 intellegi.
628 3761 719 3824 addo,
749 3762 821 3816 hanc
840 3761 895 3816 loci
914 3761 1131 3830 explicationem
1160 3776 1210 3830 per
1235 3775 1262 3812 se
1286 3767 1330 3806 n011

249 3860 361 3929 quidem
381 3859 494 3914 omnino
509 3859 692 3913 neeessariam
703 3857 751 3912 red
764 3862 875 3912 tantum
893 3875 981 3926 aeque
993 3857 1171 3927 probabilem
1189 3872 1245 3910 esse
1261 3863 1330 3920 qnam

246 3975 316 4025 eam,
335 3974 419 4024 qnam
431 3955 527 4024 priore
546 3956 606 4010 loeo
618 3955 771 4023 posuimus,
790 3954 1032 4009 sednecessariam
1051 3952 1123 4020 fieri,
1142 3953 1165 4006 si
1176 3946 1329 4018 Simplicium

246 4053 364 4108 velimus
384 4053 475 4121 ipsum
495 4070 587 4106 seeum
606 4051 771 4106 consentire.

349 4167 374 4235 1)
394 4165 474 4235 Phys.
494 4165 529 4219 32
548 4167 575 4220 b.
594 4184 622 4235 p.
642 4183 701 4235 sup.
727 4165 833 4235 ,irspor
860 4164 892 4218 dt
910 4160 1020 4234 τρόπος,
1048 4161 1114 4216 καθ’
1142 4159 1176 4217 ὃν
1195 4155 1276 4214 olnae
1292 4149 1331 4218 τὴν

246 4260 402 4335 paradella
425 4263 470 4330 τῆς
494 4258 559 4329 ὕλης
578 4263 714 4317 αἰτιῶνται
740 4259 805 4318 οὐδὲ
831 4258 898 4315 amir
922 4257 1068 4314 ἀλλοίωσιν
1091 4261 1138 4312 τοῦ
1168 4255 1330 4326 ὑποιιειμένοιι
