2864 4904
625 397 660 450 85

77 569 142 636 sed
166 570 281 654 potius
302 575 367 634 tres
390 568 536 634 diversas
560 571 683 653 speeies
712 570 865 656 principii
895 575 979 639 illius
1011 576 1095 640 inter
1127 577 1192 641 duo

77 684 248 748 elementa
271 680 377 746 medii.
421 681 487 746 Sed
509 686 617 746 tamen
640 702 705 746 una
728 688 776 747 est
800 682 954 766 eondioi0‚
984 703 1047 765 qua
1069 687 1193 767 possint

77 791 224 858 eandem
246 811 313 857 rem
337 791 527 874 signffioam,
551 811 620 856 eam
644 791 726 875 dieo,
749 794 777 857 si
798 793 882 858 forte
904 794 942 872 is,
965 794 1019 875 qui
1042 800 1189 859 naturam

76 904 173 967 illam
196 902 240 967 ab
263 902 429 967 elementis
449 899 609 966 diversum
633 922 730 967 unum
753 921 858 968 rerum
871 904 1062 986 principium
1073 905 1191 987 posuit,

78 1011 168 1077 hano
195 1017 345 1076 naturam
365 1011 411 1075 ita
422 1011 660 1095 informaverat,
685 1017 719 1076 ut
740 1012 809 1095 pari
831 1010 901 1076 iure
923 1010 1087 1077 videretur
1109 1014 1191 1078 inter

77 1141 206 1204 aquam
228 1127 260 1186 et
283 1140 390 1186 aerem
403 1126 500 1202 atquo
522 1121 604 1186 inter
627 1141 735 1186 aerem
759 1127 791 1187 et
806 1123 914 1205 ignem
929 1122 980 1187 vel
997 1121 1093 1186 etlam
1109 1123 1191 1186 iuter

77 1251 203 1313 aquarn
228 1237 260 1296 et
282 1232 390 1314 ignem
413 1229 519 1296 media
541 1229 606 1296 diei
629 1251 733 1314 posse.
778 1232 847 1296 Hoo
874 1232 961 1297 enim
984 1233 1010 1298 si
1032 1233 1189 1316 ponimus,

78 1341 139 1405 illa
162 1341 323 1406 voeabula
345 1338 424 1404 nihil
446 1345 521 1405 sunt
543 1339 607 1405 nisi
630 1341 775 1406 eiusdem
798 1340 845 1406 rei
862 1340 1010 1407 diversae
1031 1343 1189 1424 interpre-

78 1452 236 1516 tationes,
280 1449 386 1531 Atque
417 1447 500 1514 hano
530 1469 645 1516 revera
666 1433 898 1517 vocabulorum
926 1450 1083 1516 rationem
1106 1431 1189 1532 esse,

78 1561 240 1644 deinceps
262 1562 407 1644 pluribus
428 1559 709 1626 demonstrabitur.

185 1687 216 1750 5.
261 1683 342 1751 (lum
364 1685 464 1770 igitur
491 1690 637 1769 apertum
661 1682 811 1750 videatur
833 1703 915 1768 esse,
946 1683 1003 1749 illa
1031 1683 1190 1750 voeabula

78 1818 181 1881 posse
205 1786 540 1863 oe1·teeandemrem
568 1795 759 1879 significare,
782 1795 999 1878 quaerendum
1023 1800 1081 1876 est,
1114 1815 1188 1860 num

79 1927 200 1972 revera
215 1903 304 1988 apud
316 1905 520 1970 Aristotelem
537 1905 672 1970 eandem
695 1925 761 1970 rem
773 1902 962 1986 significent.
996 1904 1066 1969 Hoo
1080 1910 1187 1970 autem

81 2015 283 2099 argumentis
302 2012 488 2078 certissimis
509 2019 586 2096 puto
609 2011 741 2096 probari
768 2032 874 2096 posse,
906 2032 1040 2095 quorum
1061 2013 1188 2096 potissi-

81 2145 170 2190 mum
195 2125 229 2188 in
252 2143 291 2189 eo
321 2125 460 2207 positum
493 2128 551 2205 est,
583 2122 669 2204 quod
702 2142 799 2206 saepe
829 2121 955 2188 duobus
985 2123 1073 2202 loeis,
1108 2141 1189 2205 quos

82 2233 301 2300 demonstrari
324 2237 431 2316 potest
453 2231 496 2297 ad
519 2231 655 2298 eandem
677 2251 745 2297 rem
760 2232 931 2315 pertinere,
954 2232 1113 2298 voeabula
1133 2231 1189 2296 illa

82 2347 128 2410 ita
150 2345 234 2408 inter
259 2362 294 2408 se
325 2345 569 2424 summutantur,
599 2348 634 2407 ut
666 2339 708 2407 ad
741 2339 986 2425 significandam
1009 2339 1091 2406 hano
1113 2361 1188 2406 ean-

83 2453 161 2519 dem
197 2473 266 2518 rem
301 2453 403 2518 altero
433 2454 504 2517 looo
540 2449 611 2533 hoo,
653 2451 755 2516 altero
796 2449 876 2517 illud
911 2449 1101 2516 vocabulum
1132 2449 1188 2514 ad-

83 2564 245 2630 hibeutur.

185 2672 327 2737 Primum
349 2672 446 2754 igitur
469 2671 657 2736 Aristoteles
686 2672 719 2734 in
746 2670 960 2754 disputatione
994 2667 1034 2734 de
1055 2668 1188 2751 infinito,

83 2782 177 2847 initio
202 2783 269 2846 eius
292 2782 401 2865 partie,
424 2801 489 2863 qua
506 2779 715 2862 demonstrat,
737 2780 859 2844 nullum
873 2799 999 2862 eorpus,
1022 2799 1081 2844 nee
1105 2799 1188 2843 oom-

85 2892 224 2975 positum
260 2911 319 2956 nee
350 2891 497 2974 simplex,
532 2909 628 2974 posse
650 2889 809 2954 inlinitum
832 2908 914 2971 esse,
946 2887 1107 2971 physicos,
1131 2889 1188 2970 qui

85 3021 203 3084 eorpus
225 2998 389 3082 quoddam
420 3001 555 3083 simplex
586 2997 744 3064 infinitum
765 3003 895 3082 ponant,
927 2997 974 3062 ita
996 2995 1119 3079 dividit,
1153 3004 1188 3062 ut

85 3112 205 3177 alteros
234 3129 351 3193 aquam
373 3116 429 3176 aut
451 3129 569 3192 aerem,
603 3112 721 3178 alteros
744 3102 788 3172 ud
812 3101 917 3189 παρὰ
940 3098 986 3170 τοὶ
1009 3110 1188 3185 στοιχεῖα

86 3239 207 3304 ponere
229 3220 365 3300 dicam).
408 3219 503 3285 Haud
526 3220 624 3285 multo
640 3225 722 3303 post,
745 3219 776 3283 in
800 3215 1083 3283 demonstrationis
1101 3216 1186 3283 illius

86 3329 159 3412 fine,
189 3329 230 3396 de
263 3329 377 3396 iisdem
411 3330 555 3413 physicis
577 3329 712 3412 loquens
736 3330 790 3406 ait,
824 3327 947 3391 nullum
980 3324 1187 3409 physicorum

87 3448 203 3506 terram
226 3445 259 3505 et
281 3440 398 3522 ignem,
421 3440 479 3506 sed
504 3441 606 3505 solum
628 3443 823 3520 aut'aquam
845 3438 898 3501 vel
920 3454 1038 3517 aerem,
1061 3440 1117 3500 aut
1139 3429 1186 3498 τὸ

88 3549 208 3628 μέσον
233 3539 279 3612 ori
287 3551 362 3612 τῶν
388 3549 549 3622 infinitum
575 3547 737 3632 ponere2).
781 3547 936 3631 Apertum
963 3550 1020 3623 est,
1053 3550 1187 3626 utroque

89 3659 159 3725 loeo
180 3660 299 3742 pariter
319 3679 454 3726 omnes
475 3658 619 3742 intellegi
642 3656 804 3742 physicos,
828 3655 884 3738 qui
896 3674 1011 3738 eorpus
1024 3653 1185 3736 quoddam

90 3768 225 3851 simplex
248 3774 368 3851 ponant
389 3758 558 3834 infinitum.
603 3767 671 3832 Iam
683 3787 760 3832 vero
776 3785 848 3831 oum
865 3765 967 3830 altera
979 3762 1091 3830 horam
1106 3760 1187 3845 phy-

188 4113 214 4184 1)
231 4113 313 4183 Phys.
334 4112 427 4180 111,o.
452 4111 662 4180 2041123—253
682 4113 725 4166 32.
753 4110 817 4165 Vid.
842 4110 917 4165 looos
939 4127 966 4179 p.
986 4110 1020 4164 68
1046 4111 1104 4163 not.
1124 4109 1141 4162 3
1159 4111 1188 4162 et

94 4227 120 4280 p.
139 4211 172 4265 69
189 4215 247 4266 not.
269 4213 281 4263 l
302 4214 331 4266 et
350 4211 375 4264 2.

188 4309 215 4380 2)
232 4307 315 4378 Phys.
334 4306 404 4362 ibid.
423 4309 496 4362 205³
508 4308 550 4362 25.
571 4305 633 4363 Vid.
652 4323 679 4375 p.
699 4305 735 4359 70
749 4309 807 4359 not.
828 4307 851 4358 1.
