2864 4910
636 361 687 414 ao1

98 557 184 601 eum
211 537 243 602 in
266 535 328 601 hae
349 535 515 603 stellarum
538 535 750 620 dispositione
769 537 1048 604 Anaximandrum
1070 545 1235 603 secutum·

99 666 193 711 esse.
238 645 333 723 Quod
354 646 383 710 si
403 645 562 728 ponimus,
586 666 649 712 non
673 647 744 712 sine
760 666 878 712 caussa
894 646 1041 713 videmur
1061 653 1212 729 statuere,

101 779 184 823 curn
209 758 305 823 etiam
324 775 514 822 coronarum
537 757 662 820 illarum
690 756 875 840 opinionem
902 758 1042 841 primum
1064 778 1105 823 ex
1128 759 1212 824 Ana-

98 863 273 928 ximandri
295 860 425 927 annulis
448 863 641 946 suscepisse.

211 973 299 1037 Inter
322 969 533 1056 philosophos
556 971 683 1036 Ionicos
703 973 823 1055 primus
835 973 1051 1040 Anaximenes
1074 974 1212 1039 similem

101 1081 307 1148 seutentiam
328 1078 455 1146 videtur
477 1087 607 1146 secutus
620 1100 701 1148 esse.
735 1079 941 1164 Quamquam
960 1082 1043 1147 enlm
1060 1081 1214 1148 universa

101 1193 179 1258 eius
202 1191 360 1256 sententia
383 1195 512 1275 propter
535 1190 789 1258 testimoniorum
813 1192 1008 1276 paucitatem
1030 1191 1086 1256 vix
1103 1193 1212 1276 primis

100 1298 315 1366 lineamentis
329 1298 455 1383 concipi
470 1305 584 1384 potest,
609 1305 716 1366 tamen
733 1298 776 1382 id,
799 1298 887 1383 qued
902 1300 1060 1383 volumus,
1080 1301 1128 1366 sio
1144 1302 1212 1366 fere

101 1409 244 1492 patebit.
289 1407 508 1474 Anaximenes
524 1407 689 1476 stellarum
705 1407 862 1492 originem
884 1408 960 1475 inde
976 1410 1102 1492 repetit,
1125 1409 1213 1492 quod

102 1539 125 1584 a
149 1523 246 1600 terra,
266 1536 348 1599 quae
371 1518 477 1600 prima
503 1517 589 1584 aeris
615 1517 865 1586 condensatione
890 1525 960 1584 orte
988 1519 1040 1602 sit,
1069 1517 1212 1584 eiusdem

102 1628 324 1694 rarefaotione
336 1626 484 1694 humores
497 1627 689 1710 exstiterint,
710 1627 857 1710 quicum
868 1627 912 1694 ad
923 1626 1090 1694 circuitum
1101 1648 1212 1712 perve-

103 1737 246 1820 nissent,
264 1738 514 1805 circumactione
530 1739 699 1804 celerrima
712 1739 817 1822 magis
832 1739 930 1804 etiam
949 1737 1099 1804 rarefacti
1110 1758 1212 1821 eoque

103 1850 140 1914 in
161 1851 270 1932 ignem
290 1848 437 1915 conversi
462 1849 568 1928 sinu).
592 1848 663 1926 Qua
678 1848 804 1914 ratione
820 1847 905 1914 hunc
927 1847 1036 1931 ignem
1051 1848 1212 1931 putaverit

104 1957 150 2023 ad
161 1956 379 2023 conficiendas
391 1958 503 2023 stellas
526 1958 696 2024 inunum
712 1958 836 2023 locum
848 1957 1049 2042 congregari,
1065 1977 1105 2022 ue
1117 1956 1211 2023 levis-

105 2067 190 2134 simo
203 2065 333 2149 quidem
356 2066 493 2150 vestigio
515 2067 685 2150 indicatur,
704 2087 898 2150 quamquam
914 2065 1056 2134 dubitari
1077 2088 1141 2132 uon
1154 2086 1212 2152 po·

105 2183 182 2251 test,
191 2176 271 2258 quin
282 2183 387 2242 certas
396 2175 491 2242 huius
504 2175 549 2240 rei
563 2195 696 2242 caussas
708 2178 861 2260 posuerit.
878 2176 996 2242 Verum
1008 2176 1145 2243 traditur
1157 2176 1211 2241 do-

106 2286 227 2367 cuisse,
246 2305 394 2351 unacum
413 2284 516 2352 stellis
528 2286 728 2352 circumferri
745 2287 845 2364 (circa
856 2283 968 2351 mundi
986 2283 1212 2366 axem,utalio

105 2397 180 2461 loco
203 2391 403 2478 ostendetur)
426 2413 595 2479 corpora
617 2395 811 2478 quaedam
832 2395 1079 2480 crystallina
1101 2401 1139 2460 et
1160 2394 1210 2460 id-

213 2622 371 2693 1)llippol.
391 2622 498 2678 Retutt.
518 2623 539 2690 1,
559 2625 587 2676 7:
609 2626 771 2693 „ysyovtvce
791 2623 822 2676 di
841 2620 873 2676 τὰ
898 2617 984 2692 ἄστρα
1003 2623 1035 2676 ἐκ
1051 2623 1102 2692 γῆς
1121 2619 1210 2675 διὰτὸ

105 2719 156 2786 τὴν
182 2715 292 2791 ἰκμάδα
315 2721 346 2774 ἐκ
368 2715 463 2786 ταύτης
477 2716 662 2783 ἀνίστασθαι,
685 2705 716 2786 ἧς
739 2715 920 2790 ἀραιουμένης
944 2717 974 2772 τὸ
998 2719 1051 2788 πῦρ
1074 2724 1212 2788 γίνεσθαι,

108 2819 139 2870 ἐκ
159 2817 192 2870 δὲ
211 2818 258 2869 τοῦ
286 2814 373 2888 πυρὸς
395 2820 627 2888 μετεωριζομένου
656 2813 717 2875 τοὺς
744 2812 861 2885 ἀστέρας
890 2816 1098 2869 συνίστασθαι.“
1136 2814 1211 2869 Plut.

108 2933 155 2984 ap.
173 2914 275 2968 Euseb.
303 2914 403 2984 Praep.
421 2914 472 2968 Eu.
493 2914 515 2981 1,
533 2915 558 2978 8,
575 2915 604 2966 3:
634 2911 699 2982 „criu
726 2907 803 2978 ἥλιον
830 2916 875 2964 καὶ
896 2909 946 2978 τὴν
970 2907 1084 2978 σελήνην
1106 2915 1152 2963 καὶ
1178 2909 1210 2963 τὰ

106 3007 192 3065 λοιπὰ
215 3006 301 3079 ἄστρα
325 3008 374 3075 τὴν
392 3007 481 3080 ἀρχὴν
498 3011 544 3075 τῆς
561 3013 696 3079 γενέσεως
714 3011 789 3080 ἔχειν
806 3010 838 3062 ἐκ
858 3010 915 3078 γῆς.
937 3005 1121 3079 ἀποφαίνεται
1141 3008 1211 3076 γοῦν

106 3109 156 3160 τὸν
178 3102 254 3173 ἥλιον
271 3108 332 3174 γῆν,
352 3104 398 3158 διὰ
417 3107 450 3159 δὲ
468 3106 517 3172 τὴν
534 3102 625 3165 ὀξεῖαν
642 3111 750 3172 κίνησιν
769 3105 782 3136 *
801 3109 847 3158 καὶ
869 3105 935 3175 μαλ’
959 3105 1059 3163 ἱκανῶς
1075 3100 1211 3175 trenorci-

106 3221 157 3269 την
176 3209 284 3269 κίνησιν
301 3205 418 3270 lepidast
463 3203 569 3257 Ultima
592 3202 679 3256 verba
709 3201 768 3254 ‘aul
786 3204 850 3273 μαλ’
874 3201 973 3260 ἱκανῶς
992 3201 1062 3255 ml!
1090 3201 1211 3256 absurda

107 3305 183 3354 sunt.
221 3299 384 3370 Legendum
403 3299 515 3354 videtur
534 3304 584 3353 aut
602 3299 660 3351 ‘aut
678 3293 777 3353 πάλιν
789 3295 976 3367 ἀραίωσινῇ
997 3303 1055 3364 aut,
1069 3297 1210 3366 quodmo-

106 3398 162 3450 lius
181 3397 302 3465 videtur,
319 3394 380 3448 ‘nul
397 3396 528 3466 μᾶλλον
547 3392 716 3464 ἀραίωσιν
729 3389 924 3467 θερμότητα
942 3400 1081 3463 γένεσιν
1097 3394 1209 3460 λαβεῖν’.

107 3493 168 3548 Hoc
195 3493 249 3562 ipsi
280 3494 310 3546 in
336 3493 528 3564 disputatione
557 3494 751 3563 expressimus.
788 3492 889 3546 Stellas
917 3510 951 3546 ex
981 3492 1047 3562 igne
1074 3495 1211 3558 constare,

108 3594 206 3646 narrat
225 3590 310 3644 etiam
329 3589 407 3645 stou.
427 3591 449 3658 1,
468 3591 511 3654 24,
530 3607 557 3658 p.
578 3591 630 3644 510
654 3593 682 3642 et
701 3590 744 3656 25,
763 3607 791 3658 p.
810 3590 874 3656 5243
903 3588 1069 3642 Theodoret.
1098 3587 1145 3641 Gr.
1163 3585 1210 3639 aff.

109 3704 167 3741 cur.
187 3688 213 3750 4,
230 3704 257 3757 p.
277 3689 329 3742 798
349 3687 391 3742 ed.
410 3687 474 3740 Hal.
494 3686 574 3742 Unde
584 3686 770 3740 Anaximenes
789 3686 907 3740 celerem
927 3685 1007 3738 illum
1017 3688 1135 3751 motum,
1154 3700 1210 3751 quo

109 3784 238 3837 humores
257 3783 399 3854 inignem
418 3782 545 3837 converti
558 3781 686 3848 vidimus,
706 3781 860 3851 repetierit,
879 3782 957 3835 nullo
976 3781 1060 3836 modo
1079 3781 1209 3835 traditur.

108 3879 164 3934 Sed
182 3897 244 3936 eum
264 3885 377 3948 putaret
396 3880 526 3934 humores
545 3885 655 3935 eterra
675 3883 752 3934 ortos
776 3879 812 3934 ad
832 3878 928 3933 mundi
955 3879 1105 3933 circuitum
1132 3877 1210 3940 ferri,

108 3976 158 4030 hoe
178 3976 334 4046 oportebat,
354 3976 523 4046 simulatque
551 3976 588 4031 ad
606 3993 698 4032 acrem
716 3980 904 4046 pervenerunt
932 3976 1026 4031 omnia
1051 3976 1210 4045 cingentem

109 4071 303 4139 (Anaximenis
323 4073 397 4126 enim
416 4072 555 4128 sententia
582 4089 630 4127 aer
649 4071 774 4127 infinitus
792 4073 927 4126 mundum
946 4072 981 4126 ab
1001 4071 1129 4127 omnibus
1146 4087 1210 4140 par·

108 4168 184 4222 tibus
203 4168 407 4240 amplectitur),
426 4186 489 4224 cum
508 4186 571 4224 eum
590 4187 647 4224 non
664 4173 778 4238 possent
795 4185 985 4238 perrumpere,
1006 4168 1035 4222 in
1048 4168 1144 4223 orbem
1156 4167 1209 4222 eir·

109 4264 228 4335 cumagi.
265 4264 346 4321 Hanc
364 4263 483 4320 fortasse
502 4264 578 4320 illius
598 4265 786 4321 conversionis
806 4282 930 4321 caussam
948 4263 1051 4335 posuit.
