2850 4904
799 393 850 449 lea

269 587 369 649 quam
391 565 537 632 oratione
561 565 604 631 ad
625 557 678 629 ‘oi
700 555 776 646 μέν’
807 565 909 630 solum
940 564 1008 630 sive
1040 562 1081 628 ad
1106 563 1240 646 priorem
1259 561 1344 646 physi-

269 694 378 740 eorum
403 681 526 759 partem
548 672 700 758 adposita
722 678 806 755 sunt,
828 672 951 758 pariter
965 677 1072 738 tamen
1095 671 1139 738 ad
1159 665 1204 734 ‘oi
1226 671 1268 736 δὲ)
1288 691 1344 754 qno

269 801 332 864 que
365 781 435 848 sivo
459 781 502 847 ad
525 783 660 848 aarum
682 789 806 865 partem
836 779 997 864 pertinent
1028 780 1071 846 ad
1101 779 1244 864 hancque
1263 787 1345 846 mente

269 889 451 974 supplenda
477 897 559 957 sunt.
603 889 707 968 Quam
729 911 795 956 rem
822 890 869 956 ita
893 910 927 956 se
951 889 1080 968 babere,
1113 892 1222 975 paullo
1242 897 1305 975 post
1322 890 1344 954 in

268 1001 335 1065 alia
358 1019 475 1066 oaussa
498 999 806 1077 demonstrabimus3
839 1020 936 1082 quare
960 998 1020 1068 hoe
1041 1002 1123 1082 loeo,
1152 1021 1193 1066 ne
1214 1000 1262 1066 bis
1281 999 1345 1065 idem

267 1107 440 1175 dieendum
466 1108 519 1192 sit,
541 1109 703 1175 sumimus.
746 1107 872 1186 Quodsi
886 1114 993 1174 autern
1009 1111 1130 1192 pariter
1140 1109 1184 1176 ad
1205 1116 1345 1192 utramque

269 1225 392 1302 partem
410 1219 580 1303 pertinent,
602 1239 676 1284 non
693 1219 938 1303 significant
957 1219 1151 1301 quandam
1168 1220 1344 1286 doetrinae

268 1327 548 1396 differentiam
577 1330 699 1412 priori
732 1329 835 1412 parti
876 1329 1084 1412 propriam,
1124 1350 1251 1397 verum
1286 1329 1345 1394 doe·

268 1437 409 1502 trinam
430 1438 711 1522 utriqueparti.
734 1437 773 1502 id
788 1445 856 1521 est,
879 1438 1058 1503 omnibus
1075 1438 1255 1524 pbysiois
1276 1460 1346 1506 eon-

267 1567 426 1613 munem.
470 1548 558 1614 Haeo
591 1547 739 1613 doctrina
761 1555 844 1629 quae
875 1548 927 1629 sit,
962 1567 1002 1614 ex
1032 1545 1179 1631 ipsorum
1204 1550 1346 1614 verbomn

267 1656 484 1740 explicatione
504 1656 639 1739 patebit.

370 1781 464 1862 Quod
495 1782 633 1867 primum
667 1783 847 1850 attinetur]
881 1784 1048 1849 verborum
1082 1784 1240 1850 rationem
1267 1803 1348 1867 gran-

267 1892 430 1970 matienm‚
454 1893 551 1958 facile
574 1898 672 1976 patet,
699 1887 756 1955 ‘mi
779 1883 836 1954 iiv’
865 1911 937 1958 esse
966 1892 1136 1975 obieotum,
1159 1887 1349 1976 ‘noeriorum

267 1997 302 2064 lb
317 2003 414 2083 σῶμα
436 1996 474 2064 τὸ
498 1995 724 2083 ὑποκείμενον,
748 1993 848 2088 {famu
870 2002 970 2080 τριιῦν
983 2023 1016 2063 τι
1031 1993 1051 2087 ἢ
1068 1989 1151 2065 ἄλλο
1173 1993 1259 2068 aul-s
1278 2019 1349 2085 prae·

266 2110 410 2177 dinatum
421 2110 452 2188 ¹).
497 2112 535 2176 In
558 2110 619 2177 boo
634 2109 821 2195 praedicato
843 2109 950 2175 verbis
971 2103 1191 2197 ‘motinense
1211 2099 1349 2191 Soobpa'

266 2219 351 2286 (luae
375 2221 556 2286 sententiae
590 2222 780 2286 ooniunotae
806 2225 888 2295 sunt,
921 2220 1033 2301 altera,
1066 2221 1140 2286 illos
1162 2221 1306 2306 pbysieos
1323 2218 1350 2282 il

266 2328 354 2411 quod
376 2336 425 2395 est
457 2350 580 2411 unum,
609 2331 719 2411 altera,
751 2349 807 2394 eos
843 2328 877 2393 id
907 2349 1002 2395 unum
1035 2349 1092 2394 ens
1119 2349 1263 2416 eorpus
1291 2346 1350 2393 esse

265 2438 363 2518 velle3
396 2457 481 2520 quae
513 2437 597 2505 duae
630 2437 810 2504 sententiae
845 2455 987 2502 seorsum
1023 2437 1252 2522 eoneipiendae
1280 2443 1349 2503 sunt.

264 2541 333 2610 ‘Tri
356 2546 588 2629 ὑποκείμενον
611 2553 661 2612 est
683 2546 850 2612 attributio
872 2545 914 2611 ad
934 2539 994 2610 (ἓν
1015 2545 1136 2628 oropum,
1160 2568 1223 2631 qua
1243 2547 1352 2612 infinita

264 2656 353 2721 notio
377 2657 472 2723 unius
496 2657 649 2741 eorporis,
673 2657 792 2739 inquo
816 2657 864 2721 illi
881 2655 1020 2740 positum
1045 2677 1116 2722 esse
1140 2659 1238 2723 velint
1256 2651 1291 2729 τι)
1314 2648 1351 2729 b,

264 2765 421 2847 peculiari
441 2765 582 2848 quadam
604 2768 803 2850 proprietate
826 2763 977 2830 definitur
999 2772 1031 2830 et
1054 2765 1088 2830 in
1111 2767 1267 2833 notionem
1286 2785 1350 2830 oon-

264 2876 400 2939 vertitur
423 2876 509 2940 eius
533 2875 649 2941 unius
677 2876 870 2959 eorporis,
903 2874 1004 2957 quod
1037 2876 1214 2942 omnibus
1244 2876 1351 2952 rebus,

265 2981 302 3047 id
326 2990 395 3066 est,
411 2984 589 3050 omnibus
612 2983 885 3068 singularibus
901 2984 1143 3067 corporibus
1162 2985 1351 3052 subieetum

265 3094 360 3174 situ,
406 3094 556 3176 Denique
578 3093 678 3160 verba
696 3085 736 3179 ‘ii
757 3091 824 3155 τῶν
838 3094 936 3174 τριῶν
957 3115 987 3156 τι
1011 3081 1124 3178 ἢῖίλλο
1142 3088 1163 3158 δ’
1181 3093 1246 3159 ἐστι
1262 3086 1352 3173 πυρὸς

366 3425 393 3494 l)
413 3425 570 3480 Verborum
590 3424 663 3478 ratio
683 3424 868 3494 grammatica
892 3423 961 3478 haee
979 3426 1040 3476 est:
1070 3425 1113 3491 „ol
1128 3421 1185 3492 μὲν
1201 3419 1253 3492 γὰρ
1271 3417 1301 3473 τὸ
1317 3409 1350 3467 ὃν

265 3520 428 3590 ποιήσαντες
446 3520 477 3574 ἓν
496 3519 621 3592 σώματὰ
642 3518 834 3592 ὑποκείμενον,
853 3514 917 3585 ἢ-
929 3513 971 3586 ‘if‘

363 3619 393 3687 2)
413 3617 571 3672 Attributio
598 3616 649 3675 illa
675 3613 719 3670 ‘rb
749 3614 949 3688 bnoaetperou’
976 3615 1100 3668 omnium
1130 3615 1251 3670 maxime
1277 3615 1347 3680 ipsam

185 3737 187 3742 ’
264 3715 337 3768 entis
356 3714 497 3768 notionem
517 3732 534 3768 a
552 3714 673 3784 physicis
693 3713 866 3783 propositam
886 3713 1021 3781 eontinet,
1045 3711 1153 3782 pariter
1172 3717 1254 3782 atque
1271 3711 1295 3762 in
1311 3704 1346 3756 de·

263 3810 438 3864 finitionibus
455 3809 616 3865 differentia
628 3810 749 3865 maxime
765 3811 806 3862 rei
820 3813 951 3864 naturam
961 3809 1067 3878 aperit3
1087 3825 1174 3878 qnare
1187 3809 1262 3876 utile,
1278 3805 1346 3857 immo
1400 3873 1401 3890 Χ

262 3908 449 3961 necessarium
468 3925 526 3962 esse
551 3907 672 3976 videtur,
695 3907 792 3976 paneis
812 3907 870 3960 eius
898 3907 955 3961 vim
981 3923 1129 3975 exponere.
1150 3937 1183 3945 -
1203 3905 1308 3959 Eleatae
1324 3892 1345 3948 id

264 4005 339 4072 quod
358 4008 400 4057 est
418 4003 460 4058 ita
478 4021 564 4057 unum
583 4022 642 4058 esse
665 4003 835 4071 statuebant,
863 4007 894 4057 ut
913 4007 1025 4072 praeter
1047 4003 1076 4057 id
1101 4019 1188 4076 uuum
1206 4001 1272 4056 nibil
1288 3992 1345 4049 esaei

263 4100 407 4169 omnisque
432 4115 526 4154 rerum
544 4099 696 4154 multitudo
720 4101 875 4155 tolleretur.
911 4100 1077 4154 Aristoteles
1103 4099 1138 4153 de
1163 4099 1215 4154 bae
1238 4089 1345 4151 donnus
1399 4135 1400 4158 p

262 4196 410 4262 disserens,
438 4197 570 4265 qnoniam
589 4196 755 4251 vocabulum
784 4194 815 4250 τὸ
838 4190 872 4250 ὃν
898 4197 1026 4265 pluribus
1056 4197 1146 4250 modis
1175 4191 1344 4259 intellegatur,

262 4293 297 4345 ab
309 4293 416 4346 Eleatis
428 4293 617 4361 quaerendum
637 4311 695 4346 esse
714 4294 763 4359 ait,
783 4291 812 4346 τὸ
825 4288 867 4361 ὅν,
885 4294 961 4361 quod
974 4294 1029 4348 ista
1038 4287 1148 4348 ratione
1157 4310 1243 4346 unum
1259 4279 1344 4340 dioenb
1398 4359 1399 4362 Ἴ
