2862 4910
627 381 680 434 309

103 553 189 636 gida
213 552 354 619 medium
377 555 481 620 lecum
502 557 647 636 occupet,
674 560 790 619 natura
819 552 928 619 calida
955 555 1044 619 illam
1066 554 1212 637 undique

103 662 206 728 modo
240 662 397 747 sphaerae
419 666 532 746 igneae
555 663 706 746 cingat1).
752 662 830 728 Cum
864 663 964 746 igitur
997 663 1057 728 hcc
1089 671 1213 728 contra-

103 772 230 837 riorum
254 791 363 838 semen
386 773 427 838 sit
449 771 493 855 id,
524 793 542 838 e
565 792 629 854 quo
654 772 725 856 ipsa
748 773 908 838 contraria
931 778 1148 849 secernantur,
1172 772 1213 837 de

104 881 206 947 huius
229 883 331 964 ipsius
354 889 386 948 et
409 888 479 946 ortu
502 889 534 946 et
557 888 672 947 natura
693 881 736 946 ad
759 882 985 964 contrariaque
1007 881 1064 946 illa
1087 880 1213 946 ratione

103 992 294 1056 accuratius
315 990 491 1056 videndum
515 997 574 1056 est.

211 1103 259 1164 Ac
281 1099 472 1182 quommodo
496 1101 601 1182 ipsum
623 1107 733 1164 semen
754 1118 795 1164 ex
816 1098 943 1163 infinito
959 1099 1120 1183 principio
1134 1099 1212 1166 oriri

104 1209 269 1286 videatur,
288 1209 422 1274 inferius
434 1209 596 1298 explicare
608 1209 810 1278 conabimur:
834 1209 1038 1290 quodantem
1050 1207 1093 1274 ad
1109 1208 1213 1292 ipsius

104 1325 257 1384 naturam
280 1319 438 1400 huiusque
460 1326 596 1385 naturae
616 1319 659 1383 ad
687 1320 743 1383 illa
773 1317 936 1384 contraria
958 1318 1116 1383 rationem
1138 1318 1212 1384 atti·

104 1437 174 1504 net,
198 1429 262 1494 duc
286 1438 454 1514 apparent,
478 1450 561 1511 quae
588 1429 758 1494 videantur
784 1429 890 1511 ipsam
915 1427 1115 1509 quaestionis
1138 1447 1211 1511 pro·

105 1539 237 1622 positae
261 1525 452 1604 solutionem
469 1540 640 1604 continere.
677 1539 827 1619 Primum,
851 1558 922 1602 cum
935 1537 1042 1619 ipsum
1055 1535 1211 1602 infinitum

105 1647 307 1731 principium
342 1649 385 1713 sit
416 1648 599 1712 substantia
632 1649 768 1731 simplex
801 1646 933 1731 propria
966 1666 1025 1712 sua
1042 1647 1213 1728 qualitate

106 1763 214 1838 utens,
237 1758 305 1822 sine
329 1756 427 1821 dubio
450 1756 547 1821 etiam
572 1754 668 1820 huius
690 1754 891 1820 substantiae
915 1775 990 1838 pars
1013 1757 1133 1820 semine
1156 1755 1212 1819 illo

106 1865 236 1932 inclusa
260 1885 317 1947 per·
339 1886 374 1931 se
397 1872 428 1930 et
451 1873 526 1932 ante
550 1866 781 1930 contrariorum
798 1865 1011 1930 secretionem
1033 1863 1214 1930 substantia

106 1975 248 2060 simplex
272 1983 320 2040 est
342 1973 456 2040 eadem
471 1981 564 2040 utens
588 1975 753 2056 qualitate.
798 1973 926 2039 Deinde
943 1994 1034 2038 exea
1057 1994 1102 2053 re,
1126 1973 1214 2056 quod

106 2105 150 2149 ex
172 2083 234 2149 hoc
250 2086 370 2150 semine
385 2084 442 2149 illa
464 2085 624 2149 contraria
639 2085 683 2148 ita
696 2083 849 2158 dicuntur
857 2085 991 2164 secerni,
1016 2089 1051 2148 ut
1073 2090 1213 2147 natura

106 2192 260 2276 frigida
304 2192 470 2258 medium
515 2195 639 2260 locum
677 2200 858 2277 occupet,
899 2200 1044 2259 natura
1080 2191 1214 2256 calida

106 2303 219 2370 illam
243 2303 421 2386 undique
450 2294 560 2368 medo
590 2302 783 2385 sphaerae
815 2304 957 2385 igneae
990 2303 1136 2386 cingat,
1165 2323 1212 2368 se-

107 2414 229 2494 quitur,
251 2419 285 2477 ut
307 2413 505 2478 substantiae
521 2411 663 2477 infinitae
685 2433 761 2495 pars
784 2414 904 2478 semine
921 2412 1048 2478 inclusa
1070 2418 1154 2478 tota
1175 2414 1212 2477 in

106 2523 202 2586 illas
231 2528 393 2587 naturas
427 2524 649 2587 contrarias
680 2527 871 2591 transeat.
916 2522 1010 2600 Quod
1042 2525 1069 2588 si
1101 2525 1146 2587 ita
1177 2517 1213 2588 se

106 2629 217 2712 habet,
246 2629 392 2713 protinus
417 2632 623 2714 intellegitur,
657 2633 888 2696 contrariorum
923 2632 1134 2697 secretionem
1167 2633 1213 2696 ita

107 2740 190 2817 lieri,
215 2746 250 2805 ut
268 2740 472 2806 substantiae
497 2741 643 2807 infinitae
666 2761 743 2825 pars
766 2742 890 2806 semine
914 2742 1048 2821 inclusa,
1072 2739 1213 2805 mediam

108 2869 202 2914 suam
224 2850 414 2931 qualitatem
438 2851 596 2932 linquens,
621 2851 653 2913 in
677 2840 856 2914 contrarias
880 2848 1053 2931 qualitates
1069 2855 1212 2913 transeat

108 2958 142 3022 in
166 2957 289 3040 hasque
311 2960 505 3025 transeundo
528 2962 616 3044 ipsa
638 2978 729 3024 sese
757 2965 842 3023 tota
869 2959 908 3022 in
930 2964 1094 3023 naturas
1118 2958 1211 3022 illas

11 3089 18 3114 ·
107 3071 336 3136 contrarias
357 3070 518 3136 dirimat.
564 3071 649 3154 Ergo
682 3091 721 3136 ea
743 3069 893 3154 principii
919 3069 1017 3151 actio,
1052 3089 1116 3151 qua
1139 3089 1211 3133 con-

107 3181 280 3244 trariorum
297 3181 433 3245 secretio
446 3183 634 3256 continetur,
658 3187 707 3244 est
720 3180 847 3264 ipsius
864 3178 1055 3263 principii
1079 3178 1116 3242 in
1129 3198 1211 3243 con·

108 3289 242 3354 traria
257 3288 486 3373 diremptio.
511 3288 606 3366 Quod
619 3296 725 3354 autem
738 3288 780 3352 ad
795 3287 877 3352 hanc
888 3289 990 3368 ipsam
1004 3288 1037 3351 in
1050 3287 1213 3352 contraria

107 3398 355 3480 diremptionem
378 3399 502 3479 attinet,
526 3417 597 3462 eam
619 3397 865 3462 Anaximander
888 3395 1049 3480 putandus
1078 3402 1127 3461 est
1150 3416 1212 3461 non

106 3508 174 3571 alio
198 3514 284 3571 motu
307 3507 413 3590 priore
436 3507 660 3590 explicavisse,
691 3505 748 3571 sed
778 3506 885 3589 ipsum
907 3490 1028 3571 motum
1051 3503 1212 3586 quendam

108 3615 323 3698 principalem
346 3621 441 3697 atque
457 3617 635 3698 simplicem
659 3613 819 3693 habuisse,
843 3613 1003 3696 iquidem
1016 3634 1127 3679 verum
1152 3622 1213 3696 est,

107 3722 198 3804 qnod
219 3730 315 3788 antea
338 3723 546 3805 ostendimus,
570 3723 801 3789 contrariorum
824 3723 1037 3788 secretionem
1058 3741 1129 3788 esse
1146 3723 1213 3806 pri-

107 3851 196 3895 mum
212 3837 308 3914 atque
339 3839 503 3897 aeternum
528 3833 617 3896 illum
646 3841 767 3896 motum
802 3831 866 3914 ipsi
891 3831 1048 3914 principio
1070 3830 1239 3908 insitum.¹
1283 3829 1288 3840 ⁸

108 3940 176 4006 Sed
200 3939 409 4005 haecomnia
434 3944 535 4024 magis
560 3942 659 4006 etiam
684 3941 840 4024 patebunt
863 3960 902 4004 ex
924 3961 964 4006 ea
983 3939 1211 4024 disputatione,

107 4051 151 4116 ad
175 4071 271 4134 quam
294 4071 378 4117 nunc
400 4051 661 4134 transgredimur.

213 4288 241 4356 1)
260 4287 323 4342 Vid.
342 4288 391 4342 lib.
409 4288 445 4350 11,
465 4306 524 4358 cap.
544 4289 594 4357 es;
613 4306 640 4357 p.
660 4289 713 4342 244
731 4306 772 4357 sq.
