<?xml version="1.0" encoding="UTF-8"?>
<!DOCTYPE html PUBLIC "-//W3C//DTD XHTML 1.0 Transitional//EN"
    "http://www.w3.org/TR/xhtml1/DTD/xhtml1-transitional.dtd">
<html xmlns="http://www.w3.org/1999/xhtml" xml:lang="en" lang="en">
 <head>
  <title>
</title>
<meta http-equiv="Content-Type" content="text/html;charset=utf-8" />
  <meta name='ocr-system' content='tesseract 3.04.00' />
  <meta name='ocr-capabilities' content='ocr_page ocr_carea ocr_par ocr_line ocrx_word'/>
</head>
<body>
  <div class='ocr_page' id='page_1' title='image "./anaximandermile00neuhgoog_0290.png"; bbox 0 0 2860 4906; ppageno 0'>
   <div class='ocr_carea' id='block_1_1' title="bbox 640 355 693 409">
    <p class='ocr_par' dir='ltr' id='par_1_1' title="bbox 640 355 693 409">
     <span class='ocr_line' id='line_1_1' title="bbox 640 355 693 409; baseline 0.019 -1"><span class='ocrx_word' id='word_1_1' title='bbox 640 355 693 409; x_wconf 76' lang='grc'>265</span> 
     </span>
    </p>
   </div>
   <div class='ocr_carea' id='block_1_2' title="bbox 106 525 1221 1796">
    <p class='ocr_par' dir='ltr' id='par_1_2' title="bbox 106 525 1221 1796">
     <span class='ocr_line' id='line_1_2' title="bbox 107 525 1221 610; baseline 0.003 -20"><span class='ocrx_word' id='word_1_2' title='bbox 107 526 186 590; x_wconf 87' lang='lat' dir='ltr'>ehri</span> <span class='ocrx_word' id='word_1_3' title='bbox 209 527 261 592; x_wconf 85' lang='lat' dir='ltr'>vis</span> <span class='ocrx_word' id='word_1_4' title='bbox 293 525 328 592; x_wconf 93' lang='lat' dir='ltr'>in</span> <span class='ocrx_word' id='word_1_5' title='bbox 357 525 580 593; x_wconf 75' lang='lat' dir='ltr'>mediocritate</span> <span class='ocrx_word' id='word_1_6' title='bbox 602 525 743 608; x_wconf 85' lang='lat' dir='ltr'>quadarn</span> <span class='ocrx_word' id='word_1_7' title='bbox 765 527 954 610; x_wconf 81' lang='lat' dir='ltr'>ponebatur,</span> <span class='ocrx_word' id='word_1_8' title='bbox 988 545 1092 609; x_wconf 89' lang='lat' dir='ltr'>aequo</span> <span class='ocrx_word' id='word_1_9' title='bbox 1126 527 1221 593; x_wconf 88' lang='lat' dir='ltr'>iuter-</span> 
     </span>
     <span class='ocr_line' id='line_1_3' title="bbox 106 633 1220 725; baseline 0.002 -25"><span class='ocrx_word' id='word_1_10' title='bbox 106 636 204 701; x_wconf 89' lang='lat' dir='ltr'>vallo</span> <span class='ocrx_word' id='word_1_11' title='bbox 228 636 312 702; x_wconf 87' lang='lat' dir='ltr'>inter</span> <span class='ocrx_word' id='word_1_12' title='bbox 334 636 468 701; x_wconf 88' lang='lat' dir='ltr'>nimium</span> <span class='ocrx_word' id='word_1_13' title='bbox 490 640 523 700; x_wconf 89' lang='lat' dir='ltr'>et</span> <span class='ocrx_word' id='word_1_14' title='bbox 544 655 658 718; x_wconf 88' lang='lat' dir='ltr'>parum</span> <span class='ocrx_word' id='word_1_15' title='bbox 674 635 860 701; x_wconf 78' lang='lat' dir='ltr'>constituta.</span> <span class='ocrx_word' id='word_1_16' title='bbox 893 633 988 714; x_wconf 78' lang='lat' dir='ltr'>Quod</span> <span class='ocrx_word' id='word_1_17' title='bbox 1010 635 1039 700; x_wconf 88' lang='lat' dir='ltr'>si</span> <span class='ocrx_word' id='word_1_18' title='bbox 1061 633 1220 725; x_wconf 86' lang='lat' dir='ltr'>ponimus,</span> 
     </span>
     <span class='ocr_line' id='line_1_4' title="bbox 106 743 1220 825; baseline 0 -17"><span class='ocrx_word' id='word_1_19' title='bbox 106 765 179 810; x_wconf 90' lang='lat' dir='ltr'>non</span> <span class='ocrx_word' id='word_1_20' title='bbox 190 743 347 810; x_wconf 91' lang='lat' dir='ltr'>absonum</span> <span class='ocrx_word' id='word_1_21' title='bbox 359 743 560 825; x_wconf 88' lang='lat' dir='ltr'>estoredere,</span> <span class='ocrx_word' id='word_1_22' title='bbox 583 763 656 809; x_wconf 88' lang='lat' dir='ltr'>eum</span> <span class='ocrx_word' id='word_1_23' title='bbox 669 743 752 809; x_wconf 86' lang='lat' dir='ltr'>haue</span> <span class='ocrx_word' id='word_1_24' title='bbox 769 750 903 810; x_wconf 89' lang='lat' dir='ltr'>naturae</span> <span class='ocrx_word' id='word_1_25' title='bbox 925 744 1052 811; x_wconf 87' lang='lat' dir='ltr'>mediae</span> <span class='ocrx_word' id='word_1_26' title='bbox 1064 745 1220 811; x_wconf 90' lang='lat' dir='ltr'>rationem</span> 
     </span>
     <span class='ocr_line' id='line_1_5' title="bbox 107 852 1221 938; baseline -0.001 -19"><span class='ocrx_word' id='word_1_27' title='bbox 107 855 200 920; x_wconf 90' lang='lat' dir='ltr'>ultro</span> <span class='ocrx_word' id='word_1_28' title='bbox 218 855 313 937; x_wconf 88' lang='lat' dir='ltr'>quasi</span> <span class='ocrx_word' id='word_1_29' title='bbox 335 854 501 920; x_wconf 87' lang='lat' dir='ltr'>oeusuisse</span> <span class='ocrx_word' id='word_1_30' title='bbox 524 854 664 919; x_wconf 91' lang='lat' dir='ltr'>omnium</span> <span class='ocrx_word' id='word_1_31' title='bbox 687 854 826 919; x_wconf 89' lang='lat' dir='ltr'>maximo</span> <span class='ocrx_word' id='word_1_32' title='bbox 847 873 970 920; x_wconf 89' lang='lat' dir='ltr'>summo</span> <span class='ocrx_word' id='word_1_33' title='bbox 993 853 1161 938; x_wconf 83' lang='lat' dir='ltr'>principio,</span> <span class='ocrx_word' id='word_1_34' title='bbox 1187 852 1221 918; x_wconf 98' lang='lat' dir='ltr'>id</span> 
     </span>
     <span class='ocr_line' id='line_1_6' title="bbox 108 961 1220 1046; baseline 0 -18"><span class='ocrx_word' id='word_1_35' title='bbox 108 970 174 1046; x_wconf 84' lang='lat' dir='ltr'>est,</span> <span class='ocrx_word' id='word_1_36' title='bbox 198 981 321 1030; x_wconf 88' lang='lat' dir='ltr'>sommo</span> <span class='ocrx_word' id='word_1_37' title='bbox 344 963 468 1029; x_wconf 87' lang='lat' dir='ltr'>numini</span> <span class='ocrx_word' id='word_1_38' title='bbox 497 962 609 1028; x_wconf 84' lang='lat' dir='ltr'>divino</span> <span class='ocrx_word' id='word_1_39' title='bbox 632 963 821 1042; x_wconf 80' lang='lat' dir='ltr'>eonvenite3</span> <span class='ocrx_word' id='word_1_40' title='bbox 855 961 952 1046; x_wconf 94' lang='lat' dir='ltr'>idque</span> <span class='ocrx_word' id='word_1_41' title='bbox 983 962 1092 1045; x_wconf 87' lang='lat' dir='ltr'>aliquo</span> <span class='ocrx_word' id='word_1_42' title='bbox 1125 961 1220 1028; x_wconf 88' lang='lat' dir='ltr'>modo</span> 
     </span>
     <span class='ocr_line' id='line_1_7' title="bbox 107 1071 1219 1156; baseline -0.001 -19"><span class='ocrx_word' id='word_1_43' title='bbox 107 1071 222 1138; x_wconf 87' lang='lat' dir='ltr'>videri</span> <span class='ocrx_word' id='word_1_44' title='bbox 251 1073 355 1156; x_wconf 80' lang='lat' dir='ltr'>possit</span> <span class='ocrx_word' id='word_1_45' title='bbox 376 1091 414 1137; x_wconf 88' lang='lat' dir='ltr'>eo</span> <span class='ocrx_word' id='word_1_46' title='bbox 438 1071 631 1148; x_wconf 76' lang='lat' dir='ltr'>oonlirmari</span> <span class='ocrx_word' id='word_1_47' title='bbox 655 1071 742 1154; x_wconf 94' lang='lat' dir='ltr'>quod</span> <span class='ocrx_word' id='word_1_48' title='bbox 764 1073 998 1138; x_wconf 82' lang='lat' dir='ltr'>contrariorum</span> <span class='ocrx_word' id='word_1_49' title='bbox 1020 1076 1124 1137; x_wconf 91' lang='lat' dir='ltr'>ortum</span> <span class='ocrx_word' id='word_1_50' title='bbox 1147 1091 1219 1138; x_wconf 90' lang='lat' dir='ltr'>oon-</span> 
     </span>
     <span class='ocr_line' id='line_1_8' title="bbox 108 1179 1219 1266; baseline -0.002 -18"><span class='ocrx_word' id='word_1_51' title='bbox 108 1181 219 1248; x_wconf 82' lang='lat' dir='ltr'><strong>tendit</strong></span> <span class='ocrx_word' id='word_1_52' title='bbox 240 1181 391 1247; x_wconf 89' lang='lat' dir='ltr'>iniuriam</span> <span class='ocrx_word' id='word_1_53' title='bbox 413 1200 496 1262; x_wconf 88' lang='lat' dir='ltr'>esse,</span> <span class='ocrx_word' id='word_1_54' title='bbox 519 1200 603 1263; x_wconf 88' lang='lat' dir='ltr'>quae</span> <span class='ocrx_word' id='word_1_55' title='bbox 623 1182 694 1264; x_wconf 89' lang='lat' dir='ltr'>ipso</span> <span class='ocrx_word' id='word_1_56' title='bbox 728 1179 862 1248; x_wconf 90' lang='lat' dir='ltr'>interitu</span> <span class='ocrx_word' id='word_1_57' title='bbox 895 1180 1060 1266; x_wconf 86' lang='lat' dir='ltr'>expianda</span> <span class='ocrx_word' id='word_1_58' title='bbox 1087 1180 1147 1255; x_wconf 88' lang='lat' dir='ltr'>sit;</span> <span class='ocrx_word' id='word_1_59' title='bbox 1178 1179 1219 1246; x_wconf 88' lang='lat' dir='ltr'>de</span> 
     </span>
     <span class='ocr_line' id='line_1_9' title="bbox 110 1288 1219 1374; baseline -0.002 -18"><span class='ocrx_word' id='word_1_60' title='bbox 110 1311 179 1374; x_wconf 92' lang='lat' dir='ltr'>qua</span> <span class='ocrx_word' id='word_1_61' title='bbox 201 1289 363 1356; x_wconf 85' lang='lat' dir='ltr'>sententia</span> <span class='ocrx_word' id='word_1_62' title='bbox 385 1289 540 1374; x_wconf 79' lang='lat' dir='ltr'><strong>deinceps</strong></span> <span class='ocrx_word' id='word_1_63' title='bbox 565 1290 658 1374; x_wconf 90' lang='lat' dir='ltr'>plura</span> <span class='ocrx_word' id='word_1_64' title='bbox 687 1288 844 1357; x_wconf 83' lang='lat' dir='ltr'>dicentur.</span> <span class='ocrx_word' id='word_1_65' title='bbox 887 1290 954 1356; x_wconf 87' lang='lat' dir='ltr'>Sed</span> <span class='ocrx_word' id='word_1_66' title='bbox 988 1288 1049 1356; x_wconf 89' lang='lat' dir='ltr'>hoe</span> <span class='ocrx_word' id='word_1_67' title='bbox 1083 1295 1154 1354; x_wconf 89' lang='lat' dir='ltr'>utut</span> <span class='ocrx_word' id='word_1_68' title='bbox 1184 1309 1219 1356; x_wconf 89' lang='lat' dir='ltr'>se</span> 
     </span>
     <span class='ocr_line' id='line_1_10' title="bbox 109 1395 1218 1484; baseline -0.002 -18"><span class='ocrx_word' id='word_1_69' title='bbox 109 1400 222 1483; x_wconf 88' lang='lat' dir='ltr'>habet,</span> <span class='ocrx_word' id='word_1_70' title='bbox 245 1400 359 1483; x_wconf 90' lang='lat' dir='ltr'>exiis,</span> <span class='ocrx_word' id='word_1_71' title='bbox 382 1419 467 1483; x_wconf 88' lang='lat' dir='ltr'>quae</span> <span class='ocrx_word' id='word_1_72' title='bbox 488 1399 643 1483; x_wconf 83' lang='lat' dir='ltr'>diximus,</span> <span class='ocrx_word' id='word_1_73' title='bbox 668 1395 814 1484; x_wconf 85' lang='lat' dir='ltr'>apparet,</span> <span class='ocrx_word' id='word_1_74' title='bbox 845 1421 908 1466; x_wconf 92' lang='lat' dir='ltr'>uon</span> <span class='ocrx_word' id='word_1_75' title='bbox 930 1400 1044 1468; x_wconf 80' lang='lat' dir='ltr'>deesse</span> <span class='ocrx_word' id='word_1_76' title='bbox 1065 1400 1218 1477; x_wconf 85' lang='lat' dir='ltr'>rationes,</span> 
     </span>
     <span class='ocr_line' id='line_1_11' title="bbox 110 1509 1219 1596; baseline -0.001 -20"><span class='ocrx_word' id='word_1_77' title='bbox 110 1511 230 1594; x_wconf 89' lang='lat' dir='ltr'>quibus</span> <span class='ocrx_word' id='word_1_78' title='bbox 242 1509 484 1576; x_wconf 80' lang='lat' dir='ltr'><strong>Anaximander</strong></span> <span class='ocrx_word' id='word_1_79' title='bbox 495 1509 615 1577; x_wconf 89' lang='lat' dir='ltr'>adduoi</span> <span class='ocrx_word' id='word_1_80' title='bbox 633 1512 782 1595; x_wconf 88' lang='lat' dir='ltr'>potuerit,</span> <span class='ocrx_word' id='word_1_81' title='bbox 805 1516 841 1577; x_wconf 90' lang='lat' dir='ltr'>ut</span> <span class='ocrx_word' id='word_1_82' title='bbox 852 1509 1047 1596; x_wconf 83' lang='lat' dir='ltr'>principium</span> <span class='ocrx_word' id='word_1_83' title='bbox 1062 1516 1219 1576; x_wconf 79' lang='lat' dir='ltr'>statueret</span> 
     </span>
     <span class='ocr_line' id='line_1_12' title="bbox 110 1619 1217 1703; baseline -0.002 -17"><span class='ocrx_word' id='word_1_84' title='bbox 110 1639 173 1686; x_wconf 88' lang='lat' dir='ltr'>sna</span> <span class='ocrx_word' id='word_1_85' title='bbox 199 1620 304 1703; x_wconf 86' lang='lat' dir='ltr'>ipsius</span> <span class='ocrx_word' id='word_1_86' title='bbox 335 1619 492 1702; x_wconf 76' lang='lat' dir='ltr'>qualitate</span> <span class='ocrx_word' id='word_1_87' title='bbox 525 1619 610 1687; x_wconf 86' lang='lat' dir='ltr'>iuter</span> <span class='ocrx_word' id='word_1_88' title='bbox 640 1620 761 1703; x_wconf 91' lang='lat' dir='ltr'>primas</span> <span class='ocrx_word' id='word_1_89' title='bbox 791 1627 924 1686; x_wconf 85' lang='lat' dir='ltr'>naturas</span> <span class='ocrx_word' id='word_1_90' title='bbox 947 1621 1124 1686; x_wconf 76' lang='lat' dir='ltr'>contrarias</span> <span class='ocrx_word' id='word_1_91' title='bbox 1155 1639 1217 1685; x_wconf 90' lang='lat' dir='ltr'>me-</span> 
     </span>
     <span class='ocr_line' id='line_1_13' title="bbox 112 1728 312 1796; baseline 0 -2"><span class='ocrx_word' id='word_1_92' title='bbox 112 1728 206 1795; x_wconf 89' lang='lat' dir='ltr'>dium</span> <span class='ocrx_word' id='word_1_93' title='bbox 230 1749 312 1796; x_wconf 88' lang='lat' dir='ltr'>esse.</span> 
     </span>
    </p>
   </div>
   <div class='ocr_carea' id='block_1_3' title="bbox 109 1858 1216 2821">
    <p class='ocr_par' dir='ltr' id='par_1_3' title="bbox 109 1858 1216 2821">
     <span class='ocr_line' id='line_1_14' title="bbox 212 1858 1216 1943; baseline -0.004 -16"><span class='ocrx_word' id='word_1_94' title='bbox 212 1863 262 1928; x_wconf 81' lang='lat'>27.</span> <span class='ocrx_word' id='word_1_95' title='bbox 286 1862 393 1930; x_wconf 88' lang='lat' dir='ltr'>Unum</span> <span class='ocrx_word' id='word_1_96' title='bbox 415 1868 526 1929; x_wconf 89' lang='lat' dir='ltr'>restat.</span> <span class='ocrx_word' id='word_1_97' title='bbox 551 1862 630 1929; x_wconf 78' lang='lat' dir='ltr'>(ium</span> <span class='ocrx_word' id='word_1_98' title='bbox 652 1863 739 1929; x_wconf 89' lang='lat' dir='ltr'>euim</span> <span class='ocrx_word' id='word_1_99' title='bbox 760 1860 995 1928; x_wconf 82' lang='lat' dir='ltr'>Anaximandri</span> <span class='ocrx_word' id='word_1_100' title='bbox 1020 1858 1216 1943; x_wconf 74' lang='lat' dir='ltr'>principium</span> 
     </span>
     <span class='ocr_line' id='line_1_15' title="bbox 111 1962 1216 2054; baseline -0.004 -16"><span class='ocrx_word' id='word_1_101' title='bbox 111 1971 349 2039; x_wconf 87' lang='lat' dir='ltr'>ostenderimus</span> <span class='ocrx_word' id='word_1_102' title='bbox 382 1991 454 2038; x_wconf 88' lang='lat' dir='ltr'>esse</span> <span class='ocrx_word' id='word_1_103' title='bbox 488 1973 584 2054; x_wconf 84' lang='grc' dir='ltr'><em>σῶμα</em></span> <span class='ocrx_word' id='word_1_104' title='bbox 605 1965 766 2053; x_wconf 78' lang='grc' dir='ltr'><strong><em>χωριστὸν</em></strong></span> <span class='ocrx_word' id='word_1_105' title='bbox 798 1969 852 2034; x_wconf 86' lang='grc' dir='ltr'>καὶ</span> <span class='ocrx_word' id='word_1_106' title='bbox 884 1962 1056 2054; x_wconf 75' lang='grc' dir='ltr'><strong><em>αἰσθητόν,</em></strong></span> <span class='ocrx_word' id='word_1_107' title='bbox 1089 1968 1123 2034; x_wconf 95' lang='lat' dir='ltr'>id</span> <span class='ocrx_word' id='word_1_108' title='bbox 1157 1975 1216 2051; x_wconf 93' lang='lat' dir='ltr'>est,</span> 
     </span>
     <span class='ocr_line' id='line_1_16' title="bbox 110 2077 1216 2166; baseline -0.005 -20"><span class='ocrx_word' id='word_1_109' title='bbox 110 2081 328 2147; x_wconf 83' lang='lat' dir='ltr'>substantiam</span> <span class='ocrx_word' id='word_1_110' title='bbox 352 2101 549 2166; x_wconf 85' lang='lat' dir='ltr'>corpoream,</span> <span class='ocrx_word' id='word_1_111' title='bbox 572 2081 712 2165; x_wconf 87' lang='lat' dir='ltr'>propriis</span> <span class='ocrx_word' id='word_1_112' title='bbox 735 2081 803 2147; x_wconf 87' lang='lat' dir='ltr'>suis</span> <span class='ocrx_word' id='word_1_113' title='bbox 830 2080 936 2162; x_wconf 89' lang='lat' dir='ltr'>iisque</span> <span class='ocrx_word' id='word_1_114' title='bbox 959 2078 1090 2163; x_wconf 89' lang='lat' dir='ltr'>quidem</span> <span class='ocrx_word' id='word_1_115' title='bbox 1113 2077 1216 2144; x_wconf 88' lang='lat' dir='ltr'>sensi-</span> 
     </span>
     <span class='ocr_line' id='line_1_17' title="bbox 110 2187 1216 2273; baseline -0.001 -19"><span class='ocrx_word' id='word_1_116' title='bbox 110 2190 197 2256; x_wconf 89' lang='lat' dir='ltr'>libus</span> <span class='ocrx_word' id='word_1_117' title='bbox 230 2190 443 2273; x_wconf 86' lang='lat' dir='ltr'>qualitatibus</span> <span class='ocrx_word' id='word_1_118' title='bbox 477 2195 630 2272; x_wconf 90' lang='lat' dir='ltr'>utentem,</span> <span class='ocrx_word' id='word_1_119' title='bbox 662 2190 732 2256; x_wconf 88' lang='lat' dir='ltr'>sive</span> <span class='ocrx_word' id='word_1_120' title='bbox 754 2210 818 2256; x_wconf 90' lang='lat' dir='ltr'>una</span> <span class='ocrx_word' id='word_1_121' title='bbox 853 2190 923 2256; x_wconf 88' lang='lat' dir='ltr'>sive</span> <span class='ocrx_word' id='word_1_122' title='bbox 956 2187 1101 2271; x_wconf 91' lang='lat' dir='ltr'>pluribus</span> <span class='ocrx_word' id='word_1_123' title='bbox 1127 2187 1216 2270; x_wconf 89' lang='lat' dir='ltr'>(nam</span> 
     </span>
     <span class='ocr_line' id='line_1_18' title="bbox 110 2297 1214 2383; baseline -0.001 -20"><span class='ocrx_word' id='word_1_124' title='bbox 110 2298 197 2378; x_wconf 92' lang='lat' dir='ltr'>iude,</span> <span class='ocrx_word' id='word_1_125' title='bbox 221 2299 308 2383; x_wconf 90' lang='lat' dir='ltr'>qood</span> <span class='ocrx_word' id='word_1_126' title='bbox 331 2308 380 2367; x_wconf 88' lang='lat' dir='ltr'>est</span> <span class='ocrx_word' id='word_1_127' title='bbox 402 2300 585 2366; x_wconf 88' lang='lat' dir='ltr'>substantia</span> <span class='ocrx_word' id='word_1_128' title='bbox 594 2299 743 2383; x_wconf 88' lang='lat' dir='ltr'>simplex,</span> <span class='ocrx_word' id='word_1_129' title='bbox 767 2299 801 2365; x_wconf 94' lang='lat' dir='ltr'>id</span> <span class='ocrx_word' id='word_1_130' title='bbox 824 2308 969 2379; x_wconf 76' lang='lat' dir='ltr'>estnon</span> <span class='ocrx_word' id='word_1_131' title='bbox 992 2319 1033 2365; x_wconf 89' lang='lat' dir='ltr'>ex</span> <span class='ocrx_word' id='word_1_132' title='bbox 1054 2298 1127 2363; x_wconf 89' lang='lat' dir='ltr'>aliis</span> <span class='ocrx_word' id='word_1_133' title='bbox 1141 2297 1214 2363; x_wconf 91' lang='lat' dir='ltr'>sub·</span> 
     </span>
     <span class='ocr_line' id='line_1_19' title="bbox 112 2407 1215 2493; baseline -0.003 -18"><span class='ocrx_word' id='word_1_134' title='bbox 112 2409 240 2476; x_wconf 88' lang='lat' dir='ltr'>stautiis</span> <span class='ocrx_word' id='word_1_135' title='bbox 274 2409 463 2493; x_wconf 79' lang='lat' dir='ltr'>composita,</span> <span class='ocrx_word' id='word_1_136' title='bbox 500 2430 563 2475; x_wconf 94' lang='lat' dir='ltr'>nou</span> <span class='ocrx_word' id='word_1_137' title='bbox 594 2410 754 2492; x_wconf 87' lang='lat' dir='ltr'>sequitur,</span> <span class='ocrx_word' id='word_1_138' title='bbox 788 2415 822 2475; x_wconf 85' lang='lat' dir='ltr'>ul</span> <span class='ocrx_word' id='word_1_139' title='bbox 853 2409 886 2473; x_wconf 93' lang='lat' dir='ltr'>iu</span> <span class='ocrx_word' id='word_1_140' title='bbox 919 2428 958 2474; x_wconf 90' lang='lat' dir='ltr'>eo</span> <span class='ocrx_word' id='word_1_141' title='bbox 991 2429 1055 2474; x_wconf 93' lang='lat' dir='ltr'>non</span> <span class='ocrx_word' id='word_1_142' title='bbox 1090 2407 1215 2491; x_wconf 84' lang='lat' dir='ltr'>possint</span> 
     </span>
     <span class='ocr_line' id='line_1_20' title="bbox 110 2517 1214 2602; baseline -0.002 -18"><span class='ocrx_word' id='word_1_143' title='bbox 110 2519 220 2602; x_wconf 89' lang='lat' dir='ltr'>plures</span> <span class='ocrx_word' id='word_1_144' title='bbox 245 2519 416 2602; x_wconf 88' lang='lat' dir='ltr'>qualitates</span> <span class='ocrx_word' id='word_1_145' title='bbox 430 2520 525 2602; x_wconf 86' lang='lat' dir='ltr'>esse),</span> <span class='ocrx_word' id='word_1_146' title='bbox 551 2519 769 2602; x_wconf 87' lang='lat' dir='ltr'>quaerendum</span> <span class='ocrx_word' id='word_1_147' title='bbox 785 2524 844 2602; x_wconf 89' lang='lat' dir='ltr'>est,</span> <span class='ocrx_word' id='word_1_148' title='bbox 866 2517 927 2584; x_wconf 89' lang='lat' dir='ltr'>hae</span> <span class='ocrx_word' id='word_1_149' title='bbox 942 2517 1116 2600; x_wconf 88' lang='lat' dir='ltr'>qualitates</span> <span class='ocrx_word' id='word_1_150' title='bbox 1130 2534 1214 2599; x_wconf 90' lang='lat' dir='ltr'>quae</span> 
     </span>
     <span class='ocr_line' id='line_1_21' title="bbox 110 2625 1213 2712; baseline -0.001 -19"><span class='ocrx_word' id='word_1_151' title='bbox 110 2629 183 2694; x_wconf 87' lang='lat' dir='ltr'>sint.</span> <span class='ocrx_word' id='word_1_152' title='bbox 228 2629 278 2694; x_wconf 88' lang='lat' dir='ltr'>De</span> <span class='ocrx_word' id='word_1_153' title='bbox 302 2648 368 2712; x_wconf 91' lang='lat' dir='ltr'>qua</span> <span class='ocrx_word' id='word_1_154' title='bbox 391 2628 523 2712; x_wconf 89' lang='lat' dir='ltr'>quidem</span> <span class='ocrx_word' id='word_1_155' title='bbox 547 2629 741 2711; x_wconf 89' lang='lat' dir='ltr'>quaestione</span> <span class='ocrx_word' id='word_1_156' title='bbox 763 2647 869 2711; x_wconf 86' lang='lat' dir='ltr'>panea</span> <span class='ocrx_word' id='word_1_157' title='bbox 891 2629 994 2693; x_wconf 89' lang='lat' dir='ltr'>solum</span> <span class='ocrx_word' id='word_1_158' title='bbox 1016 2625 1213 2692; x_wconf 87' lang='lat' dir='ltr'>aveteribus</span> 
     </span>
     <span class='ocr_line' id='line_1_22' title="bbox 109 2736 1008 2821; baseline 0 -20"><span class='ocrx_word' id='word_1_159' title='bbox 109 2736 240 2821; x_wconf 88' lang='lat' dir='ltr'>tradita,</span> <span class='ocrx_word' id='word_1_160' title='bbox 263 2739 419 2821; x_wconf 87' lang='lat' dir='ltr'>pleraque</span> <span class='ocrx_word' id='word_1_161' title='bbox 441 2737 689 2805; x_wconf 82' lang='lat' dir='ltr'>ratiocinatione</span> <span class='ocrx_word' id='word_1_162' title='bbox 709 2736 904 2804; x_wconf 87' lang='lat' dir='ltr'>invenienda</span> <span class='ocrx_word' id='word_1_163' title='bbox 925 2743 1008 2802; x_wconf 89' lang='lat' dir='ltr'>sunt.</span> 
     </span>
    </p>
   </div>
   <div class='ocr_carea' id='block_1_4' title="bbox 106 2870 1213 3940">
    <p class='ocr_par' dir='ltr' id='par_1_4' title="bbox 106 2870 1213 3940">
     <span class='ocr_line' id='line_1_23' title="bbox 209 2870 1213 2957; baseline 0 -20"><span class='ocrx_word' id='word_1_164' title='bbox 209 2872 323 2954; x_wconf 88' lang='lat' dir='ltr'>Itaque</span> <span class='ocrx_word' id='word_1_165' title='bbox 357 2893 454 2938; x_wconf 90' lang='lat' dir='ltr'>unam</span> <span class='ocrx_word' id='word_1_166' title='bbox 481 2873 568 2939; x_wconf 91' lang='lat' dir='ltr'>illius</span> <span class='ocrx_word' id='word_1_167' title='bbox 602 2871 755 2957; x_wconf 84' lang='lat' dir='ltr'>prineipii</span> <span class='ocrx_word' id='word_1_168' title='bbox 786 2872 973 2954; x_wconf 86' lang='lat' dir='ltr'>qualitatem</span> <span class='ocrx_word' id='word_1_169' title='bbox 995 2870 1144 2938; x_wconf 89' lang='lat' dir='ltr'>novimus</span> <span class='ocrx_word' id='word_1_170' title='bbox 1171 2872 1213 2937; x_wconf 92' lang='lat' dir='ltr'>ab</span> 
     </span>
     <span class='ocr_line' id='line_1_24' title="bbox 109 2980 1213 3066; baseline 0.002 -21"><span class='ocrx_word' id='word_1_171' title='bbox 109 2982 192 3064; x_wconf 90' lang='lat' dir='ltr'>ipsis</span> <span class='ocrx_word' id='word_1_172' title='bbox 204 2981 379 3064; x_wconf 88' lang='lat' dir='ltr'>veteribus,</span> <span class='ocrx_word' id='word_1_173' title='bbox 403 2988 500 3065; x_wconf 88' lang='lat' dir='ltr'>atque</span> <span class='ocrx_word' id='word_1_174' title='bbox 512 2981 648 3066; x_wconf 87' lang='lat' dir='ltr'>aprime</span> <span class='ocrx_word' id='word_1_175' title='bbox 664 2981 793 3065; x_wconf 89' lang='lat' dir='ltr'>quidem</span> <span class='ocrx_word' id='word_1_176' title='bbox 805 2981 990 3064; x_wconf 87' lang='lat' dir='ltr'>Aristotele,</span> <span class='ocrx_word' id='word_1_177' title='bbox 1011 2980 1091 3047; x_wconf 88' lang='lat' dir='ltr'>satis</span> <span class='ocrx_word' id='word_1_178' title='bbox 1103 2988 1213 3065; x_wconf 85' lang='lat' dir='ltr'>aperte</span> 
     </span>
     <span class='ocr_line' id='line_1_25' title="bbox 108 3091 1211 3175; baseline 0.002 -19"><span class='ocrx_word' id='word_1_179' title='bbox 108 3091 272 3169; x_wconf 86' lang='lat' dir='ltr'>traditam,</span> <span class='ocrx_word' id='word_1_180' title='bbox 307 3110 389 3174; x_wconf 88' lang='lat' dir='ltr'>quae</span> <span class='ocrx_word' id='word_1_181' title='bbox 422 3091 459 3157; x_wconf 93' lang='lat' dir='ltr'>in</span> <span class='ocrx_word' id='word_1_182' title='bbox 498 3092 660 3175; x_wconf 89' lang='lat' dir='ltr'>quodam</span> <span class='ocrx_word' id='word_1_183' title='bbox 697 3091 910 3158; x_wconf 90' lang='lat' dir='ltr'>densitatis</span> <span class='ocrx_word' id='word_1_184' title='bbox 949 3098 987 3157; x_wconf 88' lang='lat' dir='ltr'>et</span> <span class='ocrx_word' id='word_1_185' title='bbox 1028 3092 1211 3158; x_wconf 88' lang='lat' dir='ltr'>raritatis</span> 
     </span>
     <span class='ocr_line' id='line_1_26' title="bbox 108 3197 1212 3284; baseline 0.003 -21"><span class='ocrx_word' id='word_1_186' title='bbox 108 3199 235 3282; x_wconf 86' lang='lat' dir='ltr'>gradu</span> <span class='ocrx_word' id='word_1_187' title='bbox 255 3201 365 3284; x_wconf 90' lang='lat' dir='ltr'>posita</span> <span class='ocrx_word' id='word_1_188' title='bbox 388 3207 445 3266; x_wconf 88' lang='lat' dir='ltr'>est.</span> <span class='ocrx_word' id='word_1_189' title='bbox 490 3199 619 3266; x_wconf 81' lang='lat' dir='ltr'>Etenim</span> <span class='ocrx_word' id='word_1_190' title='bbox 641 3197 834 3265; x_wconf 88' lang='lat' dir='ltr'>Aristoteles</span> <span class='ocrx_word' id='word_1_191' title='bbox 855 3199 1092 3267; x_wconf 85' lang='lat' dir='ltr'>Anaximandri</span> <span class='ocrx_word' id='word_1_192' title='bbox 1125 3201 1212 3284; x_wconf 86' lang='lat' dir='ltr'>priu-</span> 
     </span>
     <span class='ocr_line' id='line_1_27' title="bbox 108 3308 1212 3393; baseline 0.002 -20"><span class='ocrx_word' id='word_1_193' title='bbox 108 3309 231 3393; x_wconf 85' lang='lat' dir='ltr'>oipium</span> <span class='ocrx_word' id='word_1_194' title='bbox 253 3311 442 3393; x_wconf 84' lang='lat' dir='ltr'>plerumque</span> <span class='ocrx_word' id='word_1_195' title='bbox 463 3311 507 3375; x_wconf 85' lang='lat' dir='ltr'>ita</span> <span class='ocrx_word' id='word_1_196' title='bbox 530 3308 699 3375; x_wconf 88' lang='lat' dir='ltr'>interduo</span> <span class='ocrx_word' id='word_1_197' title='bbox 722 3308 881 3375; x_wconf 86' lang='lat' dir='ltr'>elementa</span> <span class='ocrx_word' id='word_1_198' title='bbox 900 3308 1042 3375; x_wconf 90' lang='lat' dir='ltr'>medium</span> <span class='ocrx_word' id='word_1_199' title='bbox 1065 3308 1156 3388; x_wconf 84' lang='lat' dir='ltr'>dieit,</span> <span class='ocrx_word' id='word_1_200' title='bbox 1178 3315 1212 3375; x_wconf 89' lang='lat' dir='ltr'>ut</span> 
     </span>
     <span class='ocr_line' id='line_1_28' title="bbox 106 3418 1212 3486; baseline 0.001 -2"><span class='ocrx_word' id='word_1_201' title='bbox 106 3419 238 3486; x_wconf 87' lang='lat' dir='ltr'>altero</span> <span class='ocrx_word' id='word_1_202' title='bbox 266 3418 433 3485; x_wconf 91' lang='lat' dir='ltr'>densius</span> <span class='ocrx_word' id='word_1_203' title='bbox 455 3420 584 3486; x_wconf 90' lang='lat' dir='ltr'>altero</span> <span class='ocrx_word' id='word_1_204' title='bbox 608 3425 737 3486; x_wconf 88' lang='lat' dir='ltr'>autern</span> <span class='ocrx_word' id='word_1_205' title='bbox 759 3420 886 3485; x_wconf 90' lang='lat' dir='ltr'>rarius</span> <span class='ocrx_word' id='word_1_206' title='bbox 910 3439 981 3485; x_wconf 88' lang='lat' dir='ltr'>esse</span> <span class='ocrx_word' id='word_1_207' title='bbox 1004 3419 1100 3486; x_wconf 88' lang='lat' dir='ltr'>dieat.</span> <span class='ocrx_word' id='word_1_208' title='bbox 1142 3419 1212 3485; x_wconf 91' lang='lat' dir='ltr'>Hoo</span> 
     </span>
     <span class='ocr_line' id='line_1_29' title="bbox 107 3518 1210 3612; baseline 0.003 -20"><span class='ocrx_word' id='word_1_209' title='bbox 107 3527 135 3592; x_wconf 90' lang='lat' dir='ltr'>si</span> <span class='ocrx_word' id='word_1_210' title='bbox 158 3548 200 3592; x_wconf 88' lang='lat' dir='ltr'>ex</span> <span class='ocrx_word' id='word_1_211' title='bbox 224 3524 329 3611; x_wconf 88' lang='lat' dir='ltr'>ipsius</span> <span class='ocrx_word' id='word_1_212' title='bbox 344 3518 582 3592; x_wconf 82' lang='lat' dir='ltr'>Anaximandri</span> <span class='ocrx_word' id='word_1_213' title='bbox 599 3528 760 3594; x_wconf 87' lang='lat' dir='ltr'>sententia</span> <span class='ocrx_word' id='word_1_214' title='bbox 782 3526 904 3594; x_wconf 87' lang='lat' dir='ltr'>dietum</span> <span class='ocrx_word' id='word_1_215' title='bbox 926 3534 985 3610; x_wconf 91' lang='lat' dir='ltr'>est,</span> <span class='ocrx_word' id='word_1_216' title='bbox 1007 3548 1077 3594; x_wconf 88' lang='lat' dir='ltr'>eum</span> <span class='ocrx_word' id='word_1_217' title='bbox 1098 3531 1125 3594; x_wconf 94' lang='lat' dir='ltr'>is</span> <span class='ocrx_word' id='word_1_218' title='bbox 1140 3531 1210 3612; x_wconf 89' lang='lat' dir='ltr'>ipse</span> 
     </span>
     <span class='ocr_line' id='line_1_30' title="bbox 108 3634 1211 3720; baseline 0.005 -21"><span class='ocrx_word' id='word_1_219' title='bbox 108 3634 300 3718; x_wconf 85' lang='lat' dir='ltr'>principium</span> <span class='ocrx_word' id='word_1_220' title='bbox 327 3635 410 3702; x_wconf 87' lang='lat' dir='ltr'>iuter</span> <span class='ocrx_word' id='word_1_221' title='bbox 425 3642 571 3703; x_wconf 89' lang='lat' dir='ltr'>naturam</span> <span class='ocrx_word' id='word_1_222' title='bbox 594 3636 733 3702; x_wconf 88' lang='lat' dir='ltr'>oalidam</span> <span class='ocrx_word' id='word_1_223' title='bbox 749 3644 847 3720; x_wconf 89' lang='lat' dir='ltr'>atque</span> <span class='ocrx_word' id='word_1_224' title='bbox 863 3638 993 3720; x_wconf 84' lang='lat' dir='ltr'>igneam</span> <span class='ocrx_word' id='word_1_225' title='bbox 1017 3644 1049 3704; x_wconf 90' lang='lat' dir='ltr'>et</span> <span class='ocrx_word' id='word_1_226' title='bbox 1064 3646 1211 3705; x_wconf 88' lang='lat' dir='ltr'>naturam</span> 
     </span>
     <span class='ocr_line' id='line_1_31' title="bbox 107 3743 1209 3832; baseline 0.006 -24"><span class='ocrx_word' id='word_1_227' title='bbox 107 3743 263 3828; x_wconf 84' lang='lat' dir='ltr'>frigidam</span> <span class='ocrx_word' id='word_1_228' title='bbox 296 3751 394 3827; x_wconf 87' lang='lat' dir='ltr'>atque</span> <span class='ocrx_word' id='word_1_229' title='bbox 417 3743 582 3811; x_wconf 89' lang='lat' dir='ltr'>humidam</span> <span class='ocrx_word' id='word_1_230' title='bbox 605 3746 756 3812; x_wconf 87' lang='lat' dir='ltr'>statuerit</span> <span class='ocrx_word' id='word_1_231' title='bbox 775 3745 917 3812; x_wconf 89' lang='lat' dir='ltr'>medium</span> <span class='ocrx_word' id='word_1_232' title='bbox 940 3768 1022 3832; x_wconf 89' lang='lat' dir='ltr'>esse,</span> <span class='ocrx_word' id='word_1_233' title='bbox 1055 3748 1209 3831; x_wconf 86' lang='lat' dir='ltr'>sequitur,</span> 
     </span>
     <span class='ocr_line' id='line_1_32' title="bbox 107 3853 1208 3940; baseline 0.005 -23"><span class='ocrx_word' id='word_1_234' title='bbox 107 3859 141 3917; x_wconf 89' lang='lat' dir='ltr'>ut</span> <span class='ocrx_word' id='word_1_235' title='bbox 163 3853 234 3919; x_wconf 89' lang='lat' dir='ltr'>eius</span> <span class='ocrx_word' id='word_1_236' title='bbox 250 3854 413 3920; x_wconf 88' lang='lat' dir='ltr'>sententia</span> <span class='ocrx_word' id='word_1_237' title='bbox 445 3856 551 3940; x_wconf 90' lang='lat' dir='ltr'>ipsum</span> <span class='ocrx_word' id='word_1_238' title='bbox 583 3855 780 3940; x_wconf 80' lang='lat' dir='ltr'>principium</span> <span class='ocrx_word' id='word_1_239' title='bbox 812 3855 1030 3924; x_wconf 87' lang='lat' dir='ltr'>densitatis</span> <span class='ocrx_word' id='word_1_240' title='bbox 1053 3864 1090 3924; x_wconf 85' lang='lat' dir='ltr'>et</span> <span class='ocrx_word' id='word_1_241' title='bbox 1112 3859 1208 3923; x_wconf 90' lang='lat' dir='ltr'>rari-</span> 
     </span>
    </p>
   </div>
   <div class='ocr_carea' id='block_1_5' title="bbox 107 4141 1208 4317">
    <p class='ocr_par' dir='ltr' id='par_1_5' title="bbox 107 4141 1208 4317">
     <span class='ocr_line' id='line_1_33' title="bbox 107 4141 1208 4222; baseline 0.008 -24"><span class='ocrx_word' id='word_1_242' title='bbox 107 4141 245 4200; x_wconf 84' lang='lat' dir='ltr'>Thaletis:</span> <span class='ocrx_word' id='word_1_243' title='bbox 272 4147 378 4218; x_wconf 59' lang='lat' dir='ltr'>‘aarum</span> <span class='ocrx_word' id='word_1_244' title='bbox 393 4147 475 4218; x_wconf 63' lang='grc' dir='ltr'><em>χροΐ,</em></span> <span class='ocrx_word' id='word_1_245' title='bbox 505 4148 645 4203; x_wconf 80' lang='lat' dir='ltr'>Cleobuli:</span> <span class='ocrx_word' id='word_1_246' title='bbox 671 4145 677 4163; x_wconf 89' lang='lat'><em>‘</em></span> <span class='ocrx_word' id='word_1_247' title='bbox 684 4151 788 4219; x_wconf 73' lang='grc' dir='ltr'><em>μέτρον</em></span> <span class='ocrx_word' id='word_1_248' title='bbox 801 4142 938 4219; x_wconf 55' lang='grc' dir='ltr'>ἄριστον.</span> <span class='ocrx_word' id='word_1_249' title='bbox 976 4153 998 4203; x_wconf 91' lang='lat' dir='ltr'>A</span> <span class='ocrx_word' id='word_1_250' title='bbox 1027 4151 1117 4220; x_wconf 85' lang='lat' dir='ltr'>poetis</span> <span class='ocrx_word' id='word_1_251' title='bbox 1140 4171 1208 4222; x_wconf 89' lang='lat' dir='ltr'>gno·</span> 
     </span>
     <span class='ocr_line' id='line_1_34' title="bbox 107 4241 1167 4317; baseline 0.008 -22"><span class='ocrx_word' id='word_1_252' title='bbox 107 4241 184 4297; x_wconf 82' lang='lat' dir='ltr'>miois</span> <span class='ocrx_word' id='word_1_253' title='bbox 202 4246 232 4296; x_wconf 90' lang='lat' dir='ltr'>et</span> <span class='ocrx_word' id='word_1_254' title='bbox 251 4242 346 4311; x_wconf 80' lang='lat' dir='ltr'>lyricis</span> <span class='ocrx_word' id='word_1_255' title='bbox 366 4242 435 4299; x_wconf 86' lang='lat' dir='ltr'>haee</span> <span class='ocrx_word' id='word_1_256' title='bbox 455 4244 594 4300; x_wconf 86' lang='lat' dir='ltr'>sententia</span> <span class='ocrx_word' id='word_1_257' title='bbox 611 4245 714 4300; x_wconf 89' lang='lat' dir='ltr'>iterum</span> <span class='ocrx_word' id='word_1_258' title='bbox 733 4249 818 4316; x_wconf 87' lang='lat' dir='ltr'>atque</span> <span class='ocrx_word' id='word_1_259' title='bbox 837 4247 939 4301; x_wconf 84' lang='lat' dir='ltr'>iturum</span> <span class='ocrx_word' id='word_1_260' title='bbox 958 4248 1167 4317; x_wconf 88' lang='lat' dir='ltr'>pronuntiatur.</span> 
     </span>
    </p>
   </div>
   <div class='ocr_carea' id='block_1_6' title="bbox 0 0 1434 4906">
    <p class='ocr_par' dir='ltr' id='par_1_6' title="bbox 0 0 1434 4906">
     <span class='ocr_line' id='line_1_35' title="bbox 0 0 1434 4906; baseline 0 0"><span class='ocrx_word' id='word_1_261' title='bbox 0 0 1434 4906; x_wconf 95' lang='lat' dir='ltr'> </span> 
     </span>
    </p>
   </div>
  </div>
 </body>
</html>
