2850 4904
752 371 803 425 196

232 537 358 623 species
381 541 587 625 explicatam.
634 541 701 608 Sed
732 545 760 607 si
787 547 928 627 priorem
956 546 1108 630 ponimus
1131 569 1240 616 veram
1260 569 1326 626 esse,

233 649 413 715 mirabilem
436 649 608 734 Simplicio
631 651 801 718 tribuimus
823 655 1059 722 sententiarum
1081 659 1323 742 repugnantiam

234 759 263 824 si
285 761 508 843 posteriorem,
531 763 633 826 omnis
652 765 871 846 repugnantia
899 765 942 830 ab
969 785 1008 830 eo
1031 775 1224 834 removetur.
1264 769 1324 852 ipsa

234 867 395 951 Simplicii
426 870 527 935 verba
557 877 590 935 et
612 869 776 956 duplicem
805 893 916 939 eorum
939 875 1190 959 explicationem
1214 877 1325 944 adnota-

234 977 331 1043 tionis
353 978 449 1044 modo
471 982 707 1063 proposuimus,
730 1001 771 1047 ne
795 982 890 1049 nimis
913 983 1151 1069 disputationis
1163 989 1324 1072 progressio

235 1086 521 1171 intermmperstur
529 1090 559 1171 ¹).

339 1361 364 1428 1)
382 1359 451 1414 Post
472 1361 558 1416 verba
577 1360 704 1431 proxime
723 1361 839 1416 laudata
858 1369 894 1432 (p.
916 1365 967 1417 195
988 1368 1046 1419 nat.
1070 1365 1097 1432 1)
1122 1364 1272 1435 Simplicius
1294 1365 1325 1416 sic

237 1457 344 1526 pergit:
365 1460 428 1527 ,ard
446 1452 500 1526 γὰρ
520 1459 547 1509 οἱ
564 1457 620 1528 μὲν
638 1458 669 1510 rx
689 1458 737 1510 τοῦ
756 1455 848 1511 dicaci
864 1457 927 1517 ἑνὸς
944 1460 1061 1529 γεννῶσι
1084 1458 1115 1513 τὰ
1135 1455 1201 1514 ἄλλα
1214 1455 1323 1533 μανότητι

237 1547 456 1622 urrinnandane,
481 1552 518 1612 ὠς
527 1550 702 1624 Ἀναξιμένης
726 1594 839 1608 .....
863 1556 910 1608 snt
934 1553 989 1626 γὰρ
1012 1550 1135 1610 τούτου
1157 1553 1257 1628 μόνον
1273 1551 1325 1609 Θεό-

238 1665 363 1722 φραστος
383 1651 413 1704 ἐν
430 1651 462 1723 τῇ
483 1653 589 1720 ἱστορίᾳ
613 1647 663 1716 τὴν
685 1646 814 1722 μάνωσιν
837 1657 927 1723 εἴρηκε
951 1657 997 1705 καὶ
1019 1652 1068 1718 τὴν
1087 1649 1233 1709 πύκνωσιν.
1258 1655 1326 1720 δῆλον

238 1748 269 1800 dl
294 1746 330 1806 sic
349 1751 395 1800 aul
422 1749 453 1799 ol
478 1741 572 1800 ἄλλοι
597 1747 628 1820 τῇ
650 1743 782 1818 μανότητι
811 1752 857 1802 καὶ
885 1745 1030 1815 πυκνότητι
1057 1750 1195 1821 ἐχρῶντο·
1221 1755 1261 1804 acl
1283 1748 1325 1819 γὰρ

236 1844 429 1914 Ἀριστοτέλης
453 1847 532 1914 περὶ
554 1840 691 1898 πάντων
709 1839 833 1898 τούτων
855 1845 915 1898 εἶπε
941 1847 1046 1914 κοινῶς,
1070 1843 1114 1900 ὅτι
1138 1845 1170 1900 τὰ
1197 1843 1258 1902 ἄλλα
1276 1863 1326 1915 γεν-

238 1943 304 1995 νῶσι
325 1935 471 2008 πυκνότητι
490 1945 536 1994 καὶ
553 1936 685 2012 μανότητι
706 1940 793 1994 πολλὰ
805 1943 974 2002 ποιοῦντες.“
1006 1943 1066 1998 Ηοο
1078 1943 1167 2014 igitur
1179 1945 1325 2000 lacorarsus

238 2038 362 2092 dubitari
381 2041 483 2108 potest,
502 2039 637 2093 vocabula
663 2039 704 2090 ‘cs‘
721 2033 810 2091 ἄλλο’
829 2043 858 2093 et
875 2035 988 2098 ’πάντες
1012 2025 1099 2093 οὗτοι’
1125 2059 1252 2110 quorsum
1268 2039 1325 2093 rele-

239 2134 354 2190 ferenda
378 2135 443 2188 sint.
485 2136 527 2188 Ao
556 2135 679 2204 primum
703 2135 815 2204 quidem
840 2137 866 2187 ol
889 2130 965 2189 ἄλλοι
990 2136 1178 2192 —dicuntur
1202 2143 1285 2191 autem
1306 2137 1327 2185 ct

238 2227 314 2284 ἄλλοι
339 2232 494 2301 comparati
523 2250 586 2286 cum
605 2233 778 2287 Anaximene
806 2263 841 2273 -
859 2249 916 2287 non
944 2233 1073 2304 intellegi
1099 2239 1214 2304 possunt
1239 2231 1326 2300 simpli-

239 2331 309 2384 citer
336 2345 448 2383 omnes
477 2328 607 2398 reliqui
634 2328 770 2398 physici
799 2335 940 2399 praeter
970 2347 1071 2384 anum
1096 2333 1327 2393 Anaximenen,

240 2426 288 2480 sed
307 2426 409 2494 reliqui
438 2425 571 2496 prioris
590 2424 811 2495 physicorum
836 2427 959 2496 partis,
989 2444 1095 2490 eorum,
1124 2429 1274 2496 dequibus
1298 2425 1326 2478 ab

241 2524 392 2578 Aristotele
411 2523 519 2592 pariter
532 2527 617 2593 atque
636 2522 670 2577 ds
683 2523 857 2578 Anaximene
876 2525 1022 2593 generatio
1040 2541 1092 2593 per
1103 2524 1327 2580 condennationem

240 2626 269 2676 et
287 2619 502 2675 rarefactionem
527 2620 720 2689 praedicetur,
746 2638 867 2689 namque
890 2621 1010 2676 alteram
1037 2622 1217 2691 physicorum
1234 2625 1327 2690 partem

240 2719 299 2788 ipsa
319 2717 477 2788 Simplicius
504 2717 631 2786 proxime
656 2716 709 2772 hac
727 2717 787 2786 ipsa
810 2735 841 2771 re
869 2735 886 2772 a
912 2718 1055 2786 prioribus
1074 2720 1241 2790 segregavit,
1266 2714 1327 2784 quod

241 2833 359 2870 resnou
378 2815 592 2870 condensatione
611 2819 639 2870 et
658 2813 844 2870 rarefaotione
863 2833 960 2870 verum
974 2817 1182 2870 contrariorum
1193 2813 1327 2870 secretione

241 2913 370 2984 generari
389 2913 502 2979 vellent,
522 2915 606 2980 atque
626 2915 701 2966 certe
714 2928 770 2965 non
783 2911 879 2980 putari
890 2911 996 2980 poterit
1015 2911 1084 2966 adeo
1098 2929 1200 2981 socors,
1219 2916 1248 2964 ut
1264 2924 1326 2963 nunc

241 3010 291 3064 hos
312 3027 422 3080 quoque
441 3009 490 3063 illa
508 3009 698 3080 generationis
717 3008 809 3063 forma
827 3009 869 3063 uti
890 3009 1049 3064 contendat.

343 3107 396 3162 Sed
415 3106 569 3177 quaeritur,
589 3124 723 3176 quosnam
742 3105 902 3175 Simplicius
920 3105 1070 3175 intellegat
1089 3123 1145 3176 eos,
1164 3108 1211 3176 qui
1228 3105 1260 3160 ab
1273 3101 1325 3156 Ari-

242 3206 341 3260 stotele
359 3204 467 3276 pariter
492 3208 576 3273 atque
594 3203 783 3257 Anaximenes
806 3219 850 3256 res
874 3200 1092 3256 condensaticne
1112 3207 1141 3257 et
1159 3199 1325 3257 rarefactione

241 3319 375 3372 generare
395 3301 540 3367 dicantur;
570 3300 599 3354 id
616 3305 711 3354 autem
729 3299 822 3354 verbis
842 3298 983 3370 significat
1003 3299 1044 3354 ite
1064 3300 1211 3371 ambiguis,
1230 3293 1324 3366 aspari

242 3400 301 3455 fere
319 3401 380 3454 iure
399 3398 505 3467 duplici
524 3397 606 3452 modo
617 3396 752 3466 explicari
771 3396 886 3465 possint.
906 3395 1032 3450 Primum
1045 3396 1121 3451 enim
1139 3397 1163 3451 si
1181 3394 1324 3465 respicimur

241 3498 339 3551 verba:
360 3500 422 3566 „acl
433 3493 487 3566 γὰρ
503 3492 697 3565 Ἀριστοτέλης
715 3498 789 3564 περὶ
808 3491 947 3548 πάντων
962 3487 1089 3548 τούτων
1109 3495 1170 3548 slus
1182 3493 1278 3561 κοινῶς,
1293 3484 1325 3541 ὅτι

242 3592 274 3648 τὰ
284 3589 351 3647 ἄλλα
361 3594 480 3664 γεννῶσι
490 3587 635 3660 πυκνότητι
647 3595 692 3646 καὶ
700 3587 832 3662 μανότητι
837 3589 860 3659 “,
871 3591 994 3659 haecque
1006 3591 1197 3662 componimus
1209 3607 1266 3646 cum
1274 3585 1326 3642 Ari·

243 3692 356 3747 stoteles
375 3691 485 3747 verbis:
507 3693 549 3760 „ol
561 3687 678 3761 μὲνγὰρ
697 3687 728 3743 ἓν
740 3683 902 3754 ποιήσαντες
919 3684 950 3741 τὸ
969 3681 1002 3742 ὃν
1020 3728 1026 3743 .
1047 3728 1053 3741 .
1074 3729 1080 3742 .
1098 3681 1115 3754 ἢ
1133 3687 1294 3759 τῶντριών
1304 3701 1324 3735 τι

242 3783 259 3856 ἢ
283 3782 362 3842 ἄλλο
386 3829 433 3843 ...
451 3779 533 3840 τᾶλλα
550 3787 669 3856 γεννῶσι
681 3777 826 3850 πυκνότητι
842 3787 888 3836 καὶ
898 3778 1057 3854 μσνότητι“,
1076 3783 1232 3854 Simplicius
1249 3796 1325 3836 neces·

242 3887 315 3941 sario
334 3886 392 3941 fere
411 3884 553 3940 videbitur
571 3887 680 3953 putare,
700 3883 734 3936 ab
753 3880 907 3936 Aristotele
928 3881 1003 3936 hisce
1021 3881 1115 3936 verbis
1134 3881 1210 3936 illam
1228 3893 1324 3952 genera·

242 3983 326 4038 tionis
344 3981 463 4038 formam
483 3981 666 4038 communiter
689 3980 847 4051 praedicari
867 3983 903 4033 et
921 3979 961 4034 de
980 3979 1034 4048 iis,
1058 3979 1109 4047 qui
1133 3997 1218 4034 unum
1236 3975 1325 4034 exele

242 4080 351 4145 mentis,
371 4084 402 4133 et
420 4080 462 4134 de
479 4079 530 4146 iis,
556 4079 604 4148 qui
621 4081 753 4132 naturam
773 4075 913 4145 quandam
946 4074 1068 4130 mediam
1097 4080 1211 4145 ponant.
1246 4071 1293 4126 Sed
1308 4068 1326 4120 si

241 4177 315 4231 hanc
334 4175 392 4230 eius
410 4174 558 4230 statuimus
582 4191 641 4228 esse
664 4173 840 4238 sententiam,
864 4172 947 4226 simul
980 4188 1043 4226 eum
1064 4171 1213 4227 statuimus
1229 4167 1325 4225 omnino

242 4291 334 4327 secum
353 4290 486 4343 pugnare.
524 4272 650 4340 Namque
662 4271 754 4340 prima
765 4269 963 4339 disputationis
976 4273 1057 4338 parte
1076 4287 1155 4324 omn
1163 4287 1196 4324 cs
1208 4265 1325 4339 physicos,
