2860 4906
615 373 668 428 239

181 541 398 608 Consentiunt
428 542 558 608 omnino
591 542 773 608 Aristotelis
802 543 1003 626 interpretes,
1048 543 1190 612 Primum

75 651 268 717 Alexander
281 650 520 717 Anaximandri
541 651 734 736 principium
757 654 902 737 appellat
926 673 1064 737 corpus
1087 654 1190 720 infini-

74 767 144 824 tum
169 755 223 837 (cd
246 759 386 841 ἄπειρον
408 762 527 842 σῶμα),
559 761 646 844 quod
676 761 705 828 is
727 762 760 826 in
784 768 900 831 natura
922 762 1061 844 quadam
1084 764 1191 829 media

75 876 191 952 ponat,
216 874 247 934 ct
276 867 361 935 lianc
383 870 486 953 ipsam
509 877 657 937 naturam
682 871 821 938 mediam
844 891 985 955 corpus
1007 871 1147 938 medinm
1158 873 1190 954 ¹).

79 978 213 1044 Deinde
236 978 321 1044 idern
344 980 539 1064 principium
562 980 784 1064 aPcrphyrio
805 1000 933 1064 quoque
956 987 988 1047 et
1007 981 1047 1046 D.
1064 981 1191 1047 Laertio

76 1093 107 1150 et
130 1086 454 1154 Pseudo-Plutarcho
476 1088 598 1155 dicitur
622 1109 763 1173 corpus
787 1088 1002 1172 quoddam
1025 1097 1058 1158 et
1079 1111 1190 1173 quam-

76 1215 179 1276 quam
200 1196 261 1262 hoc
283 1217 401 1280 corpus
425 1198 467 1264 ab
489 1199 530 1264 iis
551 1197 670 1264 dicitur
692 1198 901 1281 qualitatibus
927 1219 992 1266 non
1014 1199 1189 1283 definitum,

77 1313 189 1371 tamen
212 1327 276 1372 non
291 1329 349 1394 per
372 1328 406 1374 se
423 1308 482 1373 scd
504 1309 659 1374 casolum
683 1314 775 1391 parte
793 1307 911 1374 dicitur
924 1329 989 1375 non
1012 1308 1189 1393 definitum,

78 1415 166 1494 quod
188 1417 433 1482 Anaximander
467 1417 537 1481 eius
573 1417 715 1500 speciem
741 1437 809 1482 non
832 1414 1060 1496 definiverit2).
1106 1417 1189 1482 Tum

78 1525 226 1606 apertius
252 1525 349 1592 etiarn
371 1525 562 1610 Simplicius
586 1524 637 1591 illi
649 1527 810 1610 principio
834 1526 1017 1609 corporis
1040 1532 1189 1592 naturam

77 1633 200 1700 tribuit.
246 1635 278 1700 Is
301 1635 387 1700 enim
411 1635 444 1700 in
467 1635 700 1702 commentario
724 1636 758 1701 in
781 1655 854 1702 eum
869 1635 1053 1701 Aristotelis
1074 1636 1189 1718 locum,

79 1761 142 1823 quo
176 1744 204 1808 is
227 1745 370 1826 loquitur
392 1745 433 1810 de
456 1743 612 1829 physicis,
647 1744 703 1828 qui
728 1745 762 1810 id
784 1745 869 1826 quod
893 1751 943 1810 est
965 1739 1001 1808 ‘dv
1026 1745 1122 1826 σῶμα
1150 1741 1189 1810 τὸ

80 1844 302 1934 ὑποκείμενον
324 1853 443 1932 dicant,
472 1856 608 1937 primum
630 1856 684 1936 ait,
719 1873 830 1920 omnes
858 1854 917 1920 hos
940 1853 1102 1938 physicos,
1134 1856 1189 1936 qui

83 1963 116 2028 id
139 1960 225 2044 quod
247 1969 297 2027 est
317 1982 416 2028 unum
439 1982 511 2028 esse
531 1962 640 2046 velint,
667 1961 726 2028 hoc
750 1984 847 2029 unum
869 1984 925 2028 ens
945 1954 1191 2044 ‘cooperando

81 2075 129 2136 τί
163 2091 294 2158 ponere,
329 2079 427 2154 atque
449 2070 570 2138 alteros
598 2071 738 2155 quidem,
770 2072 917 2156 Thalem,
944 2072 1189 2156 Anaximenem‚

82 2181 291 2263 Heraclitum,
314 2200 411 2245 unum
429 2180 661 2264 exclamantis,
684 2184 812 2264 alteros,
834 2181 1119 2256 Anaximandrum,
1134 2202 1188 2247 na-

83 2295 188 2355 turam
222 2287 391 2354 interduo
418 2289 577 2355 elementa
601 2289 783 2370 mediam⁸l
828 2289 864 2356 Si
897 2292 970 2375 quis
1000 2297 1108 2358 autem
1131 2311 1189 2374 pu-

82 2400 208 2479 taverit,
241 2399 435 2465 vocabulum
464 2395 667 2482 ‘amputando
688 2391 736 2464 π’
765 2399 948 2484 significare
975 2402 1071 2466 ctiam
1093 2421 1189 2484 posse

84 2509 260 2586 materiam,
294 2515 476 2593 propterca,
509 2510 595 2591 quod
627 2507 815 2592 σωματικὸν
843 2531 908 2578 non
936 2510 1040 2576 solum
1071 2510 1111 2577 dc
1138 2530 1188 2592 co,

85 2617 170 2699 quod
192 2619 300 2702 ipsum
323 2620 469 2702 corporis
500 2625 646 2686 naturam
669 2619 798 2702 habeat,
822 2613 931 2686 verum
955 2620 1053 2684 etiam
1076 2617 1117 2684 dc
1140 2639 1188 2700 eo,

85 2727 170 2808 quod
190 2729 233 2794 ad
248 2747 365 2810 corpus
378 2729 550 2812 pertineat,
573 2729 638 2795 dici
655 2730 767 2813 possit,
790 2727 977 2812 Simplicius
993 2730 1064 2811 ipse
1079 2727 1189 2812 paullo

87 2841 158 2918 post
181 2844 328 2903 naturam
358 2837 447 2904 illam
475 2839 615 2904 mediam
640 2827 760 2922 ιἄλλην
782 2832 854 2902 τινὰ
886 2830 988 2923 φύσιν
1009 2836 1192 2919 σώματος

87 2945 173 3024 παρὰ
194 2941 233 3008 τὰ
261 2939 423 3026 στοιχεῖα’
454 2950 606 3032 appellat.
650 2947 777 3013 Deinde
808 2968 847 3013 ca
877 2947 1023 3014 eiusdem
1046 2946 1190 3031 disputa-

87 3053 181 3119 tionis
212 3062 314 3140 parte,
347 3076 411 3138 qua
444 3055 484 3122 dc
515 3057 655 3122 diversis
684 3056 828 3140 disputat
852 3055 1040 3135 rationibus,
1071 3056 1189 3138 quibus

89 3161 211 3248 physici
232 3165 275 3232 ad
298 3166 516 3250 generandam
544 3187 649 3232 rerum
678 3164 914 3232 multitudinem
937 3172 1077 3241 utantur,
1107 3165 1190 3230 Ana-

90 3273 352 3360 ximandrnmque
387 3276 466 3342 dicit
497 3295 535 3340 eo
566 3282 680 3360 putare
713 3295 764 3341 res
799 3294 839 3340 ex
873 3274 996 3341 infinito
1028 3272 1190 3358 principio

90 3383 231 3450 omnibus
255 3385 400 3453 subiecto
424 3385 581 3468 generari,
605 3383 692 3467 quod
715 3402 756 3449 ex
779 3404 817 3450 eo
834 3386 994 3450 contraria
1017 3384 1081 3468 ipsi
1093 3384 1190 3448 insita
1268 3385 1271 3392 '

91 3500 292 3560 secernantur
315 3495 512 3578 principium
536 3493 616 3559 illud
637 3491 795 3559 infinitum
817 3494 999 3560 accuratius
1021 3492 1119 3559 etiam
1135 3513 1188 3558 cx-

186 3694 211 3763 1)
230 3694 261 3748 In
281 3693 370 3747 Arist.
390 3692 515 3762 Metaph.
536 3711 563 3762 p.
585 3695 653 3759 36‚1
675 3695 736 3752 ecll.
757 3696 845 3763 35‚20
863 3713 921 3766 sq.;
942 3696 1012 3756 34,2
1030 3695 1093 3749 coll.
1104 3696 1188 3762 33,3;

92 3786 133 3854 50,
148 3789 186 3856 m,
203 3788 245 3843 ed.
265 3788 334 3844 Bon.
354 3787 417 3842 Vid.
436 3805 522 3858 supra
540 3806 566 3858 p.
587 3790 639 3844 104
658 3794 716 3847 not.
738 3793 750 3844 l
771 3794 799 3844 et
818 3791 852 3858 2;
868 3808 895 3860 p.
917 3792 967 3844 107
987 3795 1047 3846 not.
1069 3794 1082 3845 l
1103 3795 1132 3844 et
1150 3793 1175 3844 2.

185 3887 212 3955 2)
230 3885 292 3940 Vid.
312 3903 397 3954 snpra
415 3903 443 3954 p.
463 3885 524 3944 233.
545 3889 558 3938 1
581 3891 609 3940 et
628 3888 654 3940 2.
1011 3901 1015 3906 ·

185 3985 213 4052 3)
234 3981 358 4052 Simplic.
369 3982 513 4059 physon*
527 3985 598 4040 med.
609 3984 672 4039 Vid.
685 4001 769 4053 snpra
779 4001 807 4054 p.
818 3986 914 4053 lillsq.
934 3983 1189 4058 QuemquamSim·

94 4075 187 4142 plinius
206 4078 258 4134 hoc
277 4081 337 4134 loco
358 4097 414 4134 nou
436 4080 495 4149 ipse
508 4085 639 4140 naturam
656 4080 778 4138 mediam
790 4081 1001 4144 Anaximandro
1020 4081 1122 4138 tribuit
1141 4079 1189 4137 sed

96 4170 119 4222 ei
134 4173 167 4226 ab
177 4175 336 4253 Alexandro
353 4175 441 4230 tribui
461 4175 540 4242 dicit,
559 4179 654 4230 tamen
676 4176 857 4243 ostendimus,
876 4193 941 4232 eum
954 4193 1016 4230 cum
1026 4175 1188 4232 Alexandro

98 4269 200 4324 omnino
220 4273 385 4326 consentire.
422 4271 487 4326 Vid.
506 4289 591 4341 supra
609 4290 636 4342 p.
658 4275 710 4328 118
730 4277 758 4326 et
777 4275 838 4326 201.
