2850 4904
617 387 671 441 149

88 558 230 640 hibetur,
252 560 349 625 immo
371 560 471 625 etiam
492 561 671 644 vituperari
687 561 826 627 videtur.
870 563 953 628 Turn
978 564 1193 647 oolligendum

88 675 138 732 eet
161 667 249 751 inde,
284 668 372 750 quod
401 669 482 736 haee
503 670 617 736 eadem
639 670 874 739 Anaximandri
911 672 1066 757 prinoipii
1100 673 1193 741 iuter-

88 779 230 861 pretatio
252 779 317 842 iam
340 779 381 844 ab
403 779 577 846 Aristotele
593 780 762 864 proposita
781 787 844 858 est;
869 780 952 848 huno
976 783 1060 848 euim
1083 784 1193 866 aliquo

88 889 171 970 loeo,
195 908 291 971 quem
312 896 433 956 eertum
450 897 498 958 est
519 891 562 956 ad
587 891 864 957 Anaximandrum
888 894 1060 977 pertinere,
1088 901 1194 960 osten-

87 996 165 1064 dere
187 997 340 1081 vidimus,
366 998 564 1084 principium
589 1000 673 1065 inter
699 1000 763 1066 duo
797 1003 957 1068 elementa
983 1003 1132 1082 medium,
1164 1004 1192 1070 si

89 1106 263 1191 poneretur
285 1127 358 1174 esse
390 1107 515 1192 aliquid
549 1109 590 1174 ab
625 1109 793 1176 elementis
815 1110 988 1190 diversum,
1021 1133 1085 1178 non
1120 1134 1192 1179 esse

87 1223 367 1300 personatuum,
400 1237 485 1300 quoe
513 1237 573 1284 sua
599 1218 740 1302 quadam
769 1221 924 1302 qualitate
949 1227 1099 1302 uteretur,
1133 1224 1191 1290 sed

88 1327 188 1391 talem
221 1327 324 1392 solum
357 1333 515 1410 naturam,
549 1347 632 1412 quae
664 1329 698 1393 in
738 1329 928 1412 qualitatum
961 1333 1191 1398 contrariarum

89 1434 272 1518 privatione
299 1443 496 1522 versaretur,
528 1437 562 1503 id
589 1444 652 1516 est,
683 1459 748 1504 nou
776 1457 848 1504 esse
880 1457 977 1521 posse
1013 1440 1074 1506 uiri
1099 1435 1192 1522 ‘pior

87 1538 188 1629 φύσιν
210 1536 368 1626 ἀόριστον
390 1544 459 1609 κατ’
484 1536 637 1629 aldog'¹);
663 1567 703 1614 ae
713 1547 881 1631 probabile
904 1568 982 1614 saue
1005 1556 1063 1632 est,
1086 1549 1190 1616 'Pheo-

88 1654 256 1738 phrastum
272 1655 360 1721 illius
375 1655 458 1722 haue
480 1657 778 1741 interpretationem
795 1659 987 1742 sussepisse.
1014 1660 1189 1741 Postremo,

88 1764 116 1828 si
139 1763 386 1829 Anaximander
409 1765 478 1849 ipse
501 1765 695 1849 principium
721 1787 812 1832 suum
835 1786 912 1833 esse
934 1768 1091 1834 voluisset
1112 1766 1190 1848 μίαν

86 1864 187 1956 φύσιν
209 1869 365 1954 ἀόριστον
379 1872 447 1936 κατ’
473 1865 571 1957 εἶδος,
592 1875 778 1942 Aristoteles
802 1877 872 1943 sine
895 1876 995 1943 dubio
1017 1877 1100 1943 hano
1120 1879 1190 1944 eius

88 1983 282 2048 sententiam
305 1985 527 2067 cognovissem
554 1987 582 2050 si
613 1992 721 2051 autem
748 1987 962 2069 eognovisset
991 1987 1060 2051 sine
1090 1985 1189 2052 dubio

86 2112 167 2168 eam,
191 2099 304 2176 utpote
332 2113 404 2159 oum
427 2113 486 2160 sua
501 2097 595 2160 unius
610 2095 756 2161 informis
772 2096 925 2162 materiae
940 2094 1093 2178 opinione
1115 2115 1188 2161 oon·

87 2203 291 2286 sentientem,
314 2205 505 2287 probaturus
521 2223 581 2270 neo
603 2223 679 2270 vero
700 2206 789 2271 illam
811 2197 911 2289 φύσιν
931 2196 1086 2287 ἀόριστον
1102 2205 1189 2269 mix-

85 2310 210 2378 tionis
232 2314 365 2379 notione
388 2314 654 2396 interpretaturus
678 2314 801 2397 fuisset,
823 2309 981 2398 'siquidem
996 2314 1066 2399 ipse
1082 2314 1188 2397 potius

86 2422 304 2505 Anaxagorae
327 2421 515 2489 mixtionem
541 2423 587 2488 ita
615 2424 849 2508 interpretatur,
881 2429 916 2489 ut
938 2445 1018 2500 eam,
1048 2425 1076 2489 si
1103 2429 1189 2488 reete

86 2533 254 2616 rogitatur,
276 2529 355 2598 nihil
384 2531 473 2598 aliud
496 2532 582 2616 dieat
608 2552 680 2599 esse
703 2553 799 2616 posse
825 2553 921 2615 quam
950 2531 1005 2596 ‘ed
1035 2521 1189 2613 ἀόριστον

86 2638 164 2722 πρὶν
188 2690 194 2704 .
219 2690 226 2706 .
250 2644 424 2722 μετασχεῖν
446 2633 556 2717 εἴδους
576 2635 721 2720 ruodep.
764 2642 852 2724 Ergo
875 2641 1064 2707 Aristoteles
1091 2642 1186 2707 talem

86 2749 248 2833 quandam
270 2751 504 2817 Anaximandri
526 2752 717 2842 sententiam
745 2771 809 2816 non
832 2751 997 2834 eognovit3
1031 2752 1057 2816 si
1080 2756 1188 2815 autern

85 2880 148 2925 non
171 2859 333 2943 cognouit,
365 2881 425 2926 neo
452 2859 693 2928 Anaximander
726 2881 796 2926 eam
831 2864 1058 2944 proposueram
1090 2865 1187 2940 atque

87 2969 160 3035 iude
183 2969 339 3052 sequitur,
361 2976 396 3036 ut
419 2969 475 3035 illa
488 2968 704 3054 Theophrasti
726 2968 873 3036 definitio
901 2987 965 3034 nou
987 2967 1092 3052 possit
1115 2987 1188 3033 osse

86 3079 146 3144 nisi
170 3078 331 3161 quaedam
354 3078 588 3144 Anaximandri
609 3078 775 3146 doetrinae
798 3076 1031 3162 interpretatio.

188 3187 258 3252 Iam
280 3207 365 3270 vero,
388 3206 459 3253 oum
480 3185 564 3252 duae
583 3187 661 3254 illae
688 3187 893 3254 definitiones
916 3206 979 3253 uon
1003 3186 1069 3250 nisi
1091 3186 1189 3250 inter·

86 3298 284 3380 pretationes
311 3297 384 3380 sint,
414 3297 589 3381 quaeritur,
622 3315 687 3380 qua
709 3296 898 3363 eondieione
930 3295 1001 3361 fieri
1034 3295 1185 3378 potuerit,

86 3412 117 3471 ut
140 3406 227 3472 idem
255 3406 448 3490 prinoipium
474 3414 506 3472 et
532 3410 636 3490 μῖγμα
664 3415 696 3474 et
720 3405 779 3489 μία
807 3399 906 3492 φύσις
932 3395 1086 3486 ἀόριστος
1114 3403 1184 3468 κατ’

86 3506 172 3592 εἶδος
196 3517 420 3599 explicaretur.
464 3517 513 3582 Ea
542 3537 627 3596 vero,
660 3517 688 3583 si
719 3513 963 3582 Anaximander
991 3514 1188 3599 principium

87 3643 177 3690 suum
210 3631 389 3690 naturam
423 3625 614 3709 quandam
648 3627 753 3692 inter
786 3625 858 3692 duo
892 3626 1085 3690 elementa
1121 3643 1188 3688 me-

87 3732 189 3800 diam
211 3733 355 3816 dixerat3
378 3735 461 3802 hane
476 3735 561 3802 enirn
574 3742 731 3819 naturam,
753 3732 1022 3818 quemadmodum
1035 3731 1186 3813 vidimus

88 3842 147 3908 iam
171 3846 241 3928 ipse
264 3845 456 3911 Aristoteles
480 3844 621 3911 ostendit
651 3851 707 3911 aut
729 3845 834 3928 priore
856 3849 913 3910 aut
940 3844 1042 3910 altera
1065 3843 1187 3908 ratione

88 3951 360 4039 interpretandam
383 3975 471 4035 esse3
494 3975 533 4022 ao
555 3976 596 4021 ne
619 3955 804 4020 oonieotura
832 3953 970 4038 quidem,
993 3953 1116 4036 opinor,
1141 3950 1185 4016 fa·

89 4115 282 4122 —-——-.-

187 4193 214 4264 1)
234 4193 305 4249 Vide
324 4213 409 4266 supra
427 4214 453 4267 p.
473 4199 509 4250 52
528 4201 556 4252 et
575 4195 610 4250 63
628 4213 691 4251 eum
710 4197 804 4252 adnot.
824 4196 887 4252 eoll.
906 4195 949 4260 66,
972 4197 996 4249 l.

182 4292 210 4362 2)
227 4291 350 4362 Meteph.
370 4293 392 4361 1,
410 4294 435 4347 8.
455 4294 528 4347 989ιι
543 4296 577 4348 30
596 4311 646 4364 sq„
662 4294 681 4349 b
702 4296 743 4348 16.
