2864 4904
623 381 671 433 101

86 551 185 618 rebus
209 554 365 638 subiecta,
387 575 462 620 una
484 575 650 639 numero,
673 554 735 622 hoc
756 560 862 622 autem
880 556 961 636 loco,
985 555 1071 638 quod
1087 575 1107 620 a
1122 559 1190 638 qui-

86 662 226 729 busdam
245 663 322 748 poni
344 663 465 730 dieitur
486 685 585 730 unum
607 665 810 744 elementum,
838 664 976 748 specie
998 684 1109 731 unum
1143 665 1190 732 in-

86 773 266 856 tellegitur;
289 794 481 858 quamquam
494 775 580 840 onim
593 793 678 858 equa
700 794 833 842 numero
846 775 944 842 ctiam
970 795 1034 841 una
1055 781 1113 858 est,
1135 796 1190 860 pa-

85 882 229 966 riterque
251 904 309 950 aer
330 891 362 950 et
386 891 502 951 natura
522 885 607 950 inter
628 883 708 950 haec
731 883 849 967 media,
883 890 990 951 tannen
1017 884 1104 968 ignis
1126 907 1190 952 non
1267 929 1275 944 ·

86 993 191 1059 solum
214 996 241 1058 is
265 994 472 1076 intellegitur,
500 995 556 1078 qui
581 1015 663 1061 unus
684 994 889 1077 adnumero,
910 995 999 1060 velut
1020 995 1189 1078 Heracliti,

85 1104 319 1170 verumetiam
342 1105 380 1186 is,
403 1105 459 1187 qui
481 1124 522 1170 ex
544 1103 721 1171 innumeris
745 1083 905 1170 similibus
933 1105 1080 1188 partibus
1103 1125 1189 1170 cum·

85 1213 214 1296 positus
237 1213 289 1296 sit,
312 1214 415 1298 qualis
438 1233 459 1278 a
481 1214 616 1280 Platone
643 1213 782 1298 ponitur.
827 1211 893 1279 Sed
923 1211 958 1278 id
980 1211 1024 1278 ad
1045 1220 1188 1280 nostram

85 1324 310 1404 quaestionem
343 1321 463 1390 nullius
490 1324 644 1391 momenti
672 1329 730 1390 eut.
774 1322 965 1390 Aristoteles
998 1323 1098 1407 igitur
1128 1323 1189 1390 hoc

84 1435 157 1500 loco
181 1454 301 1518 eorum,
329 1433 386 1518 qui
413 1454 510 1499 unum
541 1434 654 1500 colum.
667 1434 860 1499 elementum
877 1439 1008 1518 ponant,
1042 1433 1188 1516 singulas

84 1545 213 1627 species
235 1550 411 1627 enumerat,
429 1551 526 1626 etque
547 1544 606 1610 tali
628 1543 760 1626 quidem
779 1542 935 1610 orationis
949 1541 1054 1608 forme
1075 1541 1189 1620 (utitur

85 1652 173 1719 enim
195 1653 362 1720 uocabulis
385 1653 604 1720 dividentibus
627 1646 659 1717 oi
680 1651 740 1734 μὲν
753 1687 792 1699 -·
815 1645 846 1716 oi
868 1650 929 1735 δέ),
952 1658 988 1717 ut
1008 1650 1089 1718 haec
1110 1671 1186 1718 enu-

83 1764 222 1830 meratio
245 1783 309 1829 non
332 1766 434 1847 possit
455 1784 519 1830 non
544 1764 703 1846 completa
724 1762 837 1829 videri.
881 1762 951 1828 Iam
973 1780 1050 1828 vero
1081 1761 1108 1826 oi
1131 1781 1186 1846 pc-

83 1872 200 1950 nimus,
224 1872 366 1939 medium
388 1875 493 1940 inter
511 1893 632 1941 aerem
658 1880 695 1939 et
717 1892 862 1955 aquam,
897 1871 983 1956 qnod
1006 1891 1104 1939 unum
1125 1870 1188 1938 hoc

84 1983 154 2048 loco
177 1989 382 2066 memoratur,
414 1982 578 2050 diversum
611 2002 683 2050 eune
712 1981 867 2050 emedio
896 1983 980 2048 inter
1002 2000 1127 2047 aorem
1150 1986 1187 2048 et

84 2093 219 2174 ignem,
241 2092 440 2158 enumeratio
459 2113 524 2158 non
542 2098 592 2160 ent
607 2093 778 2176 completa,
801 2099 833 2158 et
855 2091 949 2157 simul
971 2092 1038 2156 alia
1058 2109 1187 2174 quoque
1278 2095 1282 2104 '

85 2199 297 2284 enumeratio,
317 2222 368 2281 ea,
393 2222 476 2286 quac
496 2204 609 2286 priore
622 2203 678 2269 illo
704 2199 1000 2286 Metaphysicorum
1020 2200 1092 2265 loco
1113 2218 1185 2282 prc-

84 2311 226 2394 ponitur,
250 2330 347 2393 quam
368 2312 510 2378 vidimus
537 2311 660 2395 pariter
688 2312 880 2396 completam
901 2308 1079 2395 putandam
1103 2327 1186 2388 eoae,

86 2419 223 2486 efficitur
252 2419 462 2506 incompleta;
495 2420 556 2487 hoo
586 2421 671 2488 enim
696 2423 767 2488 loco
790 2441 845 2486 eos
868 2419 1017 2501 vidimus,
1044 2417 1100 2500 qui
1123 2435 1186 2483 rne-

84 2529 173 2595 diuru
194 2531 297 2596 inter
319 2549 443 2596 acrem
469 2530 511 2596 'et
537 2531 665 2614 ignem
693 2536 858 2612 ponerent,
882 2529 915 2593 in
944 2527 985 2594 iis
1013 2527 1185 2609 numerari,

83 2641 138 2722 qui
159 2661 261 2706 unum
276 2640 378 2706 solum
394 2642 585 2706 elementum
604 2639 758 2722 dicerent,
781 2641 883 2705 alteru
899 2636 1005 2704 medio
1021 2638 1140 2703 omisso
1150 2636 1184 2716 ¹).

84 2748 200 2830 Quare,
235 2749 263 2814 si
290 2748 354 2816 duo
380 2750 437 2814 illa
461 2747 570 2815 media
598 2749 747 2815 diversae
778 2768 831 2814 rea
854 2753 970 2828 errent,
993 2746 1184 2813 Aristoteles

84 2857 235 2926 hocloco
258 2878 324 2942 eoa,
353 2860 408 2941 qui
431 2855 572 2924 medium
594 2860 677 2924 inter
700 2877 805 2924 acrem
828 2862 861 2923 et
885 2876 1013 2938 aquarn,
1036 2855 1182 2933 illucue,

83 2967 138 3050 qui
170 2966 314 3034 medium
337 2970 419 3033 inter
443 2987 550 3033 acrem
573 2974 605 3033 et
631 2965 739 3050 ignem
773 2971 957 3052 posuerunt,
980 2965 1182 3045 omisissem).

84 3077 163 3144 Cum
187 3084 295 3143 autern
328 3078 425 3143 talem
458 3077 666 3144 omissionem
689 3075 819 3142 omnino
855 3073 1077 3142 incredibilem
1110 3094 1183 3140 esse

183 3320 213 3391 1)
231 3319 355 3391 Metaph.
374 3319 397 3390 l,
410 3323 434 3376 7.
453 3322 525 3376 988⁸
537 3322 572 3375 28
590 3321 765 3390 Aristoteles,
783 3325 931 3391 postquam
948 3338 996 3375 cos
1008 3321 1183 3390 memoravit,

84 3419 132 3488 qui
150 3422 201 3474 eut
218 3434 310 3473 aerem
329 3421 379 3472 eut
397 3418 493 3489 ignem
512 3422 561 3474 eut
576 3435 676 3488 aquam
696 3423 745 3473 eut
764 3423 895 3472 naturam
914 3418 1005 3472 inter
1024 3435 1132 3473 aerem
1150 3422 1184 3473 et

83 3517 194 3586 ignem
222 3515 342 3572 mediam
370 3516 500 3570 omnibus
530 3516 613 3570 rebus
640 3517 808 3584 subicerent,
836 3515 929 3584 cddit,
956 3514 1042 3570 talem
1071 3532 1181 3584 quoque

85 3613 225 3684 quandam
242 3615 372 3666 naturam
391 3631 408 3666 a
426 3612 593 3681 quibusdam
611 3613 678 3682 poni
695 3608 735 3666 ‘ui
749 3612 859 3682 πρῶτον
871 3607 1025 3682 crowded,
1043 3611 1068 3666 ui
1088 3616 1182 3666 autem

84 3715 123 3764 eut
140 3705 316 3778 τὸπρῶτον
334 3715 479 3780 στοιχεῖον,
498 3709 583 3764 etiem
598 3727 697 3764 unum
708 3709 831 3764 omnium
841 3727 935 3764 rerum
945 3709 1112 3764 elementum
1132 3714 1182 3764 cot.

185 3801 215 3872 2)
235 3801 348 3857 Dixerit
364 3802 483 3858 fortasse
501 3803 648 3873 quispiam,
676 3803 857 3858 Aristotelem
875 3803 1032 3874 promiscue
1050 3809 1109 3859 tum
1128 3805 1182 3860 hoc

84 3903 139 3953 tum
157 3899 247 3954 altero
267 3899 359 3954 medio
378 3899 429 3968 uti,
451 3916 483 3954 eo
507 3899 626 3969 ratione,
645 3904 677 3954 ut
700 3918 756 3954 uno
776 3900 883 3969 species
913 3918 965 3970 pro
992 3905 1053 3957 toto
1078 3919 1181 3973 genere

84 3996 125 4050 rit.
162 3996 216 4052 Sed
236 3996 265 4052 id
283 3997 359 4052 omni
378 3997 488 4070 ratione
506 3998 673 4052 destitutum
697 4003 752 4067 est3
780 4016 829 4054 cur
852 3999 934 4068 enim,
962 3999 986 4053 ci
1004 3997 1057 4054 hoo
1081 3999 1181 4068 voluit,

84 4109 137 4146 uon
153 4092 318 4161 simpliciter
335 4089 381 4148 ‘rc
399 4091 510 4164 panti*
532 4095 623 4151 dicit?
648 4113 698 4152 cur
717 4099 827 4150 etcum
845 4096 904 4152 trie
925 4097 1063 4152 elementa
1081 4096 1179 4168 cingil-

85 4190 160 4244 latim
180 4194 335 4256 enumerat,
364 4195 393 4245 ct
413 4209 476 4246 cum
492 4192 649 4262 generatim
677 4209 763 4246 unum
786 4209 802 4246 e
824 4191 916 4247 tribus
939 4192 1084 4248 elementia
1102 4193 1179 4260 dicit,

86 4285 127 4340 his
145 4304 253 4358 semper
272 4292 323 4343 aut
336 4289 390 4344 hoc
408 4288 498 4344 nolum
517 4294 567 4345 aut
584 4289 703 4345 alterum
723 4289 845 4345 medium
865 4289 1001 4361 opponit?
