2882 4902
621 394 655 447 41

68 565 274 632 seiunctum.
319 566 383 632 Sed
404 573 520 634 natura
542 569 601 633 illa
614 567 740 634 infinita
756 574 805 634 est
827 575 976 634 natura
997 571 1186 651 quaedam

71 695 289 776 corporea,
318 682 411 742 actu
438 677 603 744 infinite
629 685 808 758 extensa,
841 688 914 745 non
942 679 1187 764 cogitatione

71 786 207 850 solum
230 785 302 852 sed
323 787 509 853 sensibus
527 787 783 873 percipienda
802 783 1103 872 (σῶμααίσθητόν),
1119 789 1188 856 sive

72 900 152 960 actu
175 896 365 980 percipitur
385 895 455 962 sive
477 903 584 979 potest
604 903 729 963 tantum
751 897 890 982 percipi3
918 897 953 963 id
974 899 1060 964 enim
1082 898 1189 966 adhuc

72 1002 244 1070 incertum
271 1012 329 1070 est.
365 1007 428 1071 Res
448 1005 514 1070 iam
534 1005 610 1072 inde
632 1006 853 1073 concludenda
874 1015 933 1084 est,
956 1007 1042 1090 quod
1063 1009 1189 1074 Aristo-

72 1114 169 1193 tcles,
194 1120 235 1179 ut
248 1115 359 1198 paullo
378 1123 452 1180 ante
466 1115 692 1194 indicavimus,
715 1117 757 1181 ab
779 1117 926 1183 omuibus
948 1117 1094 1202 physicis
1115 1117 1188 1182 infi-

73 1223 145 1288 nito
170 1223 284 1290 subici
305 1223 386 1290 dicit
408 1225 508 1290 aliam
528 1225 688 1308 quandam
711 1233 872 1304 naturam,
901 1226 971 1292 sive
999 1247 1111 1291 unum
1140 1247 1189 1292 ex

74 1334 295 1400 elementis
324 1334 391 1400 sive
417 1343 612 1416 naturam,
641 1336 830 1418 quandam
860 1337 965 1402 inter
995 1336 1088 1403 haec
1119 1357 1188 1402 me·

81 1441 206 1508 diam.
231 1443 296 1511 Sed
311 1451 481 1529 practerea
497 1445 732 1511 demonstratur
746 1445 892 1530 pluribus
903 1445 1087 1512 Aristotelis
1099 1446 1187 1524 locis,

76 1573 222 1636 quorum
245 1554 339 1620 alteri
355 1555 529 1640 separatim
544 1555 587 1620 ad
599 1554 885 1630 Anaximandrum,
908 1554 1002 1620 alteri
1020 1554 1063 1620 ad
1078 1575 1188 1621 omnes

76 1663 242 1748 physicos
266 1671 392 1730 veteres
413 1665 583 1749 pertinent.
619 1665 770 1731 Omnium
796 1665 1015 1749 gravissimus,
1052 1685 1115 1748 quo
1137 1685 1188 1732 res

77 1773 261 1856 perficitur,
290 1780 340 1838 est
364 1771 466 1838 hicce.
512 1775 714 1852 Aristoteles,
750 1781 785 1839 ut
812 1780 909 1840 antea
936 1774 1077 1842 vidimus
1088 1773 1123 1858 ¹),
1154 1776 1188 1840 in

79 1882 285 1968 rationibus,
318 1889 449 1966 propter
481 1904 561 1966 quas
592 1903 663 1949 esse
696 1883 855 1949 infinitum
884 1884 1082 1963 crederetur,
1116 1905 1188 1950 eam

81 2011 215 2075 quoque
240 1991 358 2070 attulit,
391 1992 476 2075 quod
501 1993 549 2058 ita
574 1994 677 2059 solum
702 2013 806 2058 rerum
829 1993 998 2077 generatio
1025 2013 1187 2076 nunquam

81 2102 255 2168 defectura
276 2109 377 2182 esset,
399 2103 428 2168 si
449 2102 607 2169 infinitum
634 2111 720 2170 esset
742 2103 793 2180 id,
817 2125 837 2168 a
863 2123 934 2186 quo,
960 2123 1044 2186 quae
1065 2103 1189 2182 fierent,

81 2213 311 2279 avellerentur.
349 2211 454 2290 Quam
479 2215 636 2278 rationem
664 2216 810 2297 postea2)
840 2213 891 2278 his
920 2214 1027 2280 verbis
1055 2215 1187 2280 refellit:

83 2312 183 2403 „nisce
206 2315 266 2405 γὰρ
288 2315 341 2385 ἴνα
362 2317 381 2408 ἡ
403 2320 525 2405 γένεσις
546 2306 594 2410 μὴ’
619 2320 783 2408 ἐπιλείπῃ,
813 2315 990 2406 ἀναγκαῖον
1011 2321 1189 2410 ἐνεργείᾳ

83 2419 262 2512 ἄπειρον
284 2423 386 2495 εἶναι
408 2433 518 2513 σῶμα
540 2425 743 2516 αἰσθητόν,
765 2431 854 2496 κτλ.“
888 2434 959 2498 Iam
972 2453 1049 2499 vero
1071 2433 1189 2499 eSim-

84 2540 187 2624 plicio
209 2541 450 2608 etP-lacitorum
472 2541 683 2626 scriptoribus
706 2541 960 2625 cognovimusll,
988 2542 1073 2608 hano
1093 2543 1189 2608 ratio·

85 2671 159 2716 uem
184 2653 349 2735 propriam
372 2671 443 2716 esse
466 2650 708 2715 Anaximandri.
754 2651 839 2733 Ergo
866 2651 894 2716 si
923 2651 1112 2717 Aristoteles
1135 2651 1190 2733 ait,

86 2781 127 2826 ex
152 2762 215 2827 hac
236 2763 363 2828 ratione
384 2781 448 2827 non
471 2761 576 2844 sequi,
604 2767 639 2826 ut
661 2760 704 2826 sit
726 2743 1083 2844 corpus'quoddam
1105 2779 1188 2825 sen·

86 2872 168 2937 sile
190 2877 279 2937 actu
301 2872 515 2949 infinitum,
548 2869 802 2936 concludendum
825 2876 883 2953 est,
915 2868 1190 2934 Anaximandrum

86 2980 249 3047 infinitum
282 2980 483 3046 intellexisse
514 2989 689 3045 naturam
736 2978 931 3062 quandam
965 2997 1189 3062 corpoream

89 3091 286 3169 sensilem,
320 3089 447 3154 infinita
468 3088 690 3172 magnitudine
710 3095 890 3169 extensa-m,
912 3106 970 3170 per
991 3106 1026 3152 se
1047 3107 1111 3152 non
1132 3106 1191 3172 po·

87 3201 190 3265 tentia
214 3200 318 3264 solum
341 3197 398 3264 sed
419 3205 493 3264 actu
517 3197 758 3280 consistentem,
790 3177 851 3264 nisi
875 3194 1080 3261 Aristotelem
1102 3191 1190 3257 volu·

89 3329 173 3392 mus,
205 3329 276 3374 cum
309 3308 390 3373 haec
422 3306 591 3384 scriberet,
636 3306 765 3371 omnino
802 3305 842 3370 de
878 3305 966 3370 nullo
999 3301 1191 3387 philosopho

90 3417 293 3501 cogitavisse.
338 3415 513 3482 Addcmlus
543 3415 651 3480 statim
673 3415 757 3480 alius
779 3415 868 3480 locus
891 3419 953 3495 cst,
984 3431 1047 3495 quo
1070 3411 1190 3477 Aristo-

89 3529 179 3610 teles,
199 3534 311 3593 contra
333 3546 442 3592 eorum
466 3525 636 3610 disputans
659 3524 843 3608 opiniones,
874 3523 929 3606 qui
953 3542 1069 3608 corpus
1092 3520 1190 3604 quod-

91 3637 164 3702 dam
196 3636 358 3702 infiuitum
390 3635 509 3701 sensile
541 3640 674 3718 ponant,
712 3641 883 3717 postquam
917 3631 1097 3713 contendit,
1131 3625 1215 3695 nec*
1259 3623 1263 3634 '

92 3745 303 3830 compositum
327 3763 398 3810 csse
420 3763 516 3828 posse
545 3742 606 3808 hoc
636 3759 751 3824 corpus
773 3740 934 3806 infinitum
961 3760 1021 3806 nec
1042 3738 1189 3822 simplex,

92 3857 277 3922 innumero
302 3873 427 3932 eorum,
465 3853 521 3935 qui
542 3851 681 3936 simplex
704 3851 865 3934 quoddam
895 3871 1010 3936 corpus
1032 3848 1191 3914 infinitum

191 4096 217 4165 1)
236 4095 308 4151 Vide
329 4111 414 4164 supra
432 4112 460 4164 p.
472 4097 507 4149 33
526 4099 555 4148 et
572 4095 616 4162 23,
641 4097 664 4147 l.

190 4191 218 4262 2)
235 4191 315 4260 Phys.
334 4191 381 4260 lrl,
399 4192 424 4246 8.
445 4192 517 4246 208ιδ
532 4194 557 4245 8.

191 4289 216 4356 3)
234 4286 303 4343 Vide
323 4304 408 4360 supra
425 4305 453 4359 p.
471 4289 516 4342 22.
