2862 4910
617 396 670 452 303

93 563 243 632 infinitae
257 565 375 632 mentis
393 565 533 648 impulsu
557 565 706 633 effectam
719 585 809 643 esse;
833 566 1046 649 Empedocles
1064 569 1204 633 elemen-

93 680 202 738 torum
226 674 380 740 vorticem
401 674 531 740 videtur
546 674 772 741 adAmioitiae
795 681 827 740 et
846 674 1037 741 Discordiae
1060 697 1203 760 pugnam

94 784 232 849 referre.
276 784 381 866 Atque
403 781 488 848 baec
506 803 558 848 res
581 784 712 850 omnino
738 790 956 850 consentanea
983 805 1054 851 esse
1075 784 1205 852 videtur

92 913 170 958 cum
193 892 383 958 condicione
405 893 522 958 mentis
545 892 721 974 humanam
743 894 824 960 baec
847 894 943 977 enim,
964 894 1112 960 instituta
1127 912 1203 977 qno-

93 1002 232 1068 tidianis
255 1022 407 1068 sensuum
430 1003 701 1088 perceptionibus,
725 1002 816 1069 initio
832 1025 931 1069 unum
947 1010 1072 1070 tantum
1083 1011 1204 1070 motum

94 1132 171 1178 esse
195 1112 321 1195 putabit
342 1113 531 1190 naturalem,
555 1131 637 1193 eum,
660 1132 724 1195 quo
741 1114 850 1177 omnia
864 1131 1000 1196 corpora
1022 1114 1066 1179 ad
1085 1115 1205 1179 lineam

93 1218 249 1286 deorsum
272 1222 427 1302 ferantur,
450 1227 570 1286 motum
591 1228 699 1287 autem
722 1221 885 1304 obliquum
909 1229 941 1288 et
963 1229 1083 1289 motum
1106 1225 1205 1289 eircu-

92 1330 200 1396 larem
224 1351 288 1395 non
311 1329 407 1396 laeile
430 1330 558 1414 putabit
581 1331 820 1396 naturaliter
843 1332 876 1396 in
893 1333 989 1398 rebus
1005 1332 1123 1411 inesse,
1146 1332 1204 1398 sed

94 1440 128 1502 in
152 1438 245 1504 hisee
271 1460 335 1506 non
367 1438 429 1504 nisi
447 1440 578 1522 ,caussis
609 1439 800 1506 adventiciis
834 1439 933 1523 gigni.
978 1440 1085 1519 Quare
1119 1442 1205 1507 veri-

94 1548 204 1614 simile
227 1555 284 1627 est,
307 1549 582 1615 Anaximandrum
606 1569 744 1632 quoque,
767 1552 794 1616 si
817 1552 946 1616 omnino
968 1558 1089 1617 motum
1103 1551 1204 1616 eircu-

92 1659 200 1722 larem
223 1659 256 1723 in
279 1659 465 1741 generando
492 1659 612 1725 mundo
634 1657 794 1749 adhibuit,
821 1659 906 1726 hune
933 1681 996 1725 uon
1024 1661 1202 1728 naturalem

94 1775 128 1832 et
151 1774 331 1850 catomum,
356 1768 414 1836 sed
435 1769 640 1836 antecedenti
669 1769 809 1852 quadam
836 1789 953 1836 caussa
974 1769 1124 1836 effectum
1147 1790 1204 1854 pu-

93 1877 230 1944 lavisse.

200 2005 315 2072 Altera
336 2007 418 2072 ratio
442 2018 500 2091 est,
530 2006 617 2089 quod
639 2006 877 2072 Anaximandri
907 2007 1099 2092 principium
1134 2005 1203 2072 infi-

95 2117 198 2181 nitum
222 2116 397 2182 etidcirco
420 2116 578 2183 eiusmodi
603 2124 661 2200 est,
686 2124 720 2182 ut
740 2116 844 2201 possit
859 2117 988 2200 quidem
1000 2119 1108 2199 aliqua
1134 2118 1204 2182 eius

94 2243 184 2308 pars,
209 2227 314 2310 ipsum
336 2233 444 2292 autem
467 2233 568 2292 totum
590 2247 654 2292 non
677 2227 781 2311 pessit
802 2233 890 2292 metu
906 2226 1056 2291 circulari
1072 2228 1204 2291 moveri.
1296 2253 1302 2264 ·

94 2335 203 2413 Quam
237 2334 461 2402 difficultatem
485 2335 758 2402 'leiebmuellerus
784 2336 869 2420 fugit
891 2335 1022 2416 quidem
1048 2355 1096 2415 eo,
1117 2334 1204 2418 quod

94 2444 376 2511 Anaximandrum
392 2445 558 2512 contendit
574 2445 688 2512 infiniti
712 2446 839 2511 nomine
862 2466 926 2512 non
941 2465 1016 2511 vere
1033 2444 1204 2528 infinitum,

95 2554 157 2619 sed
181 2554 376 2621 immensum
398 2561 521 2622 tantum
544 2554 734 2638 intellegere
745 2555 775 2636 ¹).
819 2555 862 2618 At
883 2556 910 2620 si
932 2554 1075 2620 rationes
1098 2554 1205 2620 eonsi-

95 2661 262 2743 (ieramus,
284 2663 400 2746 quibus
431 2683 504 2730 eum
532 2664 674 2731 vidimus
697 2664 872 2730 adductum
896 2683 978 2745 esse,
1007 2670 1042 2728 ut
1063 2665 1204 2730 omnium

95 2791 205 2837 rerum
228 2773 424 2857 principium
457 2772 603 2840 erederet
636 2772 792 2844 inlinitum
818 2772 936 2855 esse²);
970 2771 999 2837 si
1022 2771 1204 2838 eonsidera-

95 2901 179 2962 mus,
203 2882 245 2946 ab
268 2901 306 2948 eo
328 2885 431 2966 primo
453 2883 644 2967 principium
674 2883 745 2966 ipso
769 2880 885 2946 infiniti
912 2882 1039 2946 nomine
1061 2882 1203 2965 appella-

95 2997 164 3056 tum
181 2989 298 3068 seseli),
320 2991 505 3056 necessario
520 3011 592 3057 eum
607 2990 864 3056 existimabimus
886 3009 950 3054 non
963 2992 1065 3054 solum
1087 3009 1203 3072 vagam

94 3097 263 3180 quandam
283 3099 398 3166 infiniti
419 3100 655 3183 cogitationem,
687 3102 922 3192 verumjpsam
946 3098 1016 3165 eius
1041 3100 1204 3164 notionem

96 3208 131 3272 in
153 3215 263 3273 mente
286 3209 491 3276 informatam
514 3209 674 3276 habuisse.
719 3208 784 3276 Sed
806 3207 867 3274 boe
889 3227 1043 3273 concesso
1066 3209 1204 3274 fortasse

95 3335 211 3382 rursus
233 3319 350 3400 aliquis
371 3321 534 3404 putaverit
550 3319 620 3384 fieri
635 3338 741 3403 posse,
766 3324 801 3382 ut
813 3315 1057 3382 Anaximander
1068 3316 1204 3383 infinita-

95 3427 137 3492 tis
161 3431 195 3490 et
217 3433 322 3492 motus
355 3428 522 3494 circularis
549 3426 798 3512 repugnantiam
832 3447 899 3491 non
930 3425 1204 3491 animadverterit.

96 3535 142 3599 At
165 3534 358 3601 incredibile
382 3545 440 3618 est,
466 3535 752 3616 Anaximandrum,
774 3536 877 3601 virum
900 3534 1022 3600 scilieet
1046 3535 1204 3619 inprimis

97 3649 240 3725 acutum,
263 3644 291 3708 si
314 3665 387 3710 eum
409 3649 563 3711 sumimus
586 3646 692 3729 ipsam
715 3645 832 3710 infiniti
856 3645 1017 3709 notionem
1041 3642 1074 3707 in
1097 3651 1204 3710 mente

97 3753 303 3818 informatam
326 3754 490 3836 babuisse,
513 3757 540 3820 si
559 3755 642 3820 lorte
665 3754 859 3838 cogitatione
882 3760 1000 3819 motum
1018 3755 1205 3820 circularem

96 3939 299 3946 ——a-——q

203 4060 229 4122 1)
249 4056 367 4112 Studien
386 4061 437 4112 ete.
456 4075 484 4127 p.
504 4059 551 4123 dfi;
570 4057 625 4112 vid.
646 4075 730 4127 snpra
748 4076 776 4126 p.
800 4057 861 4110 288.

200 4171 230 4241 2)
249 4171 320 4226 Vide
339 4189 424 4242 supra
442 4189 470 4242 p.
490 4174 525 4225 22
545 4189 584 4240 sq.

200 4285 229 4353 3)
248 4284 319 4338 Vide
338 4303 422 4355 supra
441 4302 468 4353 p.
488 4286 505 4338 7
523 4301 563 4353 sq.
