2864 4910
613 369 665 434 365

86 551 172 632 quid
198 553 240 616 sit
260 544 366 634 αὐλός,
389 553 517 616 omnino
537 557 719 635 nonpotest
735 551 890 633 dubitari;
916 559 965 617 est
988 551 1070 618 enim
1089 568 1199 636 quae-

87 661 152 725 vis
179 660 306 726 tibiee
333 661 480 726 similis
507 662 662 738 fistula3
696 681 781 743 qnae
812 661 1003 744 significatio
1031 664 1064 726 in
1090 669 1201 728 nostra

87 791 215 836 caussa
238 789 301 835 non
325 773 425 836 solum
459 771 630 854 aptissima
660 779 717 849 est,
751 792 862 836 verum
897 773 993 838 etiarn
1017 776 1199 839 necessario

87 881 288 964 postulatur.
332 877 444 944 Omnis
460 878 633 946 difficultas
656 883 688 945 in
705 882 894 965 πρηστῆρος
916 882 1072 948 vocabulo
1095 885 1201 966 posita

89 996 151 1054 est.
202 989 271 1054 Hoc
294 989 391 1072 igitur
413 989 613 1062 vccabulum,
638 990 771 1056 ductum
786 1010 806 1054 a
821 993 919 1058 verbo
932 986 1087 1078 rrpp'lletv,
1113 993 1199 1076 quod

90 1104 124 1162 et
147 1096 298 1162 addendi
321 1105 352 1165 et
376 1098 571 1165 incendendi
593 1102 644 1165 vel
666 1099 888 1166 inflammandi
908 1103 973 1166 vim
989 1102 1120 1182 hahet1)
1144 1125 1199 1168 na-

88 1209 244 1273 turaliter
267 1228 340 1273 eam
363 1209 526 1291 significet
548 1230 625 1292 rem,
648 1209 738 1275 cuius
763 1210 836 1293 ipsa
859 1210 1039 1294 proprietas
1062 1213 1201 1278 maxime

90 1319 124 1381 in
148 1316 299 1383 adflandi
322 1323 354 1382 et
376 1317 597 1390 inflammandi
628 1319 661 1382 vi
697 1321 847 1402 cernitur,
883 1300 975 1401 quasi
1008 1322 1200 1386 vocabulum

90 1427 279 1510 significare
301 1426 392 1493 dieas
414 1426 655 1493 adflatcrem
689 1434 720 1493 et
738 1429 1075 1494 inflammatorem.
1120 1429 1200 1495 Inde

91 1535 246 1614 efficitur,
269 1543 304 1601 ut
326 1536 415 1619 apud
438 1537 580 1602 Graecos
603 1543 668 1602 tres
684 1539 824 1602 maxime
848 1557 910 1616 res,
934 1539 1054 1604 similes
1070 1540 1200 1604 omnino

91 1645 275 1728 eademque
298 1647 386 1728 orige
408 1653 506 1724 ortae,
531 1648 720 1734 πρηστῆρος
741 1647 897 1712 vocabulo
915 1649 1128 1732 appellentur,
1151 1656 1199 1732 ty·

92 1754 185 1838 phon
208 1756 240 1820 'et
262 1756 356 1820 turbo
379 1754 472 1833 (haec
495 1755 559 1821 duo
583 1756 623 1820 ah
637 1756 809 1821 Aristotele
825 1777 887 1823 uno
903 1757 1055 1841 typhonis
1071 1757 1200 1822 nomine

94 1864 429 1947 comprehenduntur)
452 1873 484 1931 et
506 1872 631 1948 prester
654 1867 785 1949 proprie
808 1865 924 1954 dietus,
947 1868 1003 1949 qni
1025 1867 1089 1930 ianr
1112 1867 1200 1934 solus

23 2024 26 2032 ,
93 1974 137 2036 ab
164 1975 339 2039 Aristotele
361 1980 393 2040 et
415 1995 435 2039 a
457 1975 690 2059 posterioribus
713 1975 858 2058 physicis
882 1975 944 2042 hoo
966 1976 1122 2041 vocabulo
1145 1998 1200 2061 ap-

94 2082 248 2163 pellatur.
292 2081 412 2149 Omnes
447 2085 508 2148 hae
540 2105 590 2149 res
623 2084 665 2149 ab
693 2084 867 2150 Aristotele
902 2085 989 2164 (nam
1022 2085 1054 2149 in
1091 2091 1202 2149 nostra

94 2193 287 2271 quaestione
310 2213 374 2257 non
397 2195 459 2258 nisi
481 2199 626 2258 veterum
649 2194 852 2276 opinionibus
875 2194 924 2258 uti
946 2193 1130 2276 possumus)
1153 2196 1200 2260 ita

95 2299 303 2380 definiuntur,
328 2308 363 2366 ut
385 2303 558 2368 vortices
576 2285 785 2368 'ventorum
808 2303 882 2384 sint,
905 2302 939 2367 in
962 2304 1101 2369 nubibus
1124 2325 1197 2369 eon·

94 2410 267 2476 trariorum
285 2417 453 2476 ventorum
475 2411 624 2502 conflictu
640 2413 750 2494 coorti,
774 2413 918 2497 ipserum
940 2414 1074 2479 nubium
1090 2419 1199 2497 partes

97 2541 210 2586 secum
233 2521 489 2606 circumagentes
512 2530 544 2588 et
566 2543 583 2588 e
606 2523 747 2589 nubibus
760 2542 862 2604 usqne
882 2522 1055 2588 adterram
1068 2523 1198 2589 descen-

97 2629 213 2695 dentes
236 2628 362 2710 hioque‚
395 2627 553 2711 quidquid
576 2627 828 2712 deprehendant,
860 2630 893 2693 in
926 2629 1198 2713 orhcm.agentes

97 2744 129 2802 et
159 2740 194 2803 in
218 2736 354 2803 sublime
377 2738 534 2803 tollentes.
580 2736 720 2814 Quorum
742 2739 900 2802 vorticum
922 2737 963 2803 ah
985 2740 1055 2822 ipso
1079 2739 1198 2803 Aristo-

98 2849 163 2913 tele
188 2847 219 2923 ii,
244 2845 299 2928 qui
323 2846 393 2910 sine
416 2848 490 2929 igne
513 2853 545 2911 et
570 2847 675 2912 colore
691 2848 764 2928 sint,
786 2846 958 2930 typhones,
981 2849 1036 2930 qui
1057 2849 1131 2930 igne
1155 2848 1201 2910 in·
1262 2841 1263 2844 ’

98 2958 188 3022 censi
211 2959 287 3039 sint,
316 2975 459 3021 seorsum
489 2962 649 3039 presteres
681 2956 897 3038 appellantem
932 2977 953 3020 a
978 2957 1200 3039 posterorihus

98 3073 206 3130 autem
229 3064 409 3150 typhonnm
431 3063 513 3130 duae
536 3063 777 3146 distinguuntur
800 3066 935 3148 species,
958 3065 1021 3148 ipsi
1035 3065 1197 3149 typhones

99 3182 131 3239 et
154 3175 343 3253 turbines2).

202 3414 229 3480 1)
247 3413 319 3465 Num
339 3412 392 3466 hae
405 3412 477 3466 duae
488 3413 568 3466 verbi
579 3412 796 3481 significationes
816 3412 851 3465 ab
865 3429 921 3465 une
932 3411 1100 3480 simpliciore
1118 3410 1202 3480 signi·

100 3505 231 3562 flectione
254 3507 397 3575 fluxerint,
422 3525 489 3560 num
515 3509 603 3577 igitur
627 3507 706 3561 verbi
730 3525 785 3560 una
807 3511 918 3560 tentum
937 3507 1018 3560 radix
1037 3507 1082 3580 sit,
1111 3505 1202 3560 adhue

102 3608 238 3670 quantum
257 3621 309 3674 ego
328 3604 441 3672 quidem
460 3604 554 3665 sciam,
580 3604 717 3657 incertum
737 3607 786 3658 est.
824 3603 961 3671 Equidem
982 3603 1089 3672 opinor,
1117 3619 1201 3655 unam

100 3703 210 3754 tantum
230 3700 310 3754 verbi
329 3700 452 3754 radicem
470 3718 529 3754 esse
551 3700 678 3768 hancque
697 3699 864 3753 naturaliter
883 3703 1056 3753 aestuantem
1070 3699 1150 3752 illum
1168 3716 1201 3753 ac

100 3800 271 3866 strepentem
289 3801 397 3851 motum
417 3797 583 3868 significare,
603 3797 651 3865 qui
671 3801 699 3850 et
717 3797 746 3849 in
760 3796 935 3850 flammarum
954 3800 983 3850 et
1002 3796 1031 3849 in
1051 3801 1200 3850 ventorum

101 3898 179 3946 aestu
199 3893 331 3948 cernitur.

205 3990 233 4057 2)
250 3990 468 4044 Accuretissime
487 3991 521 4043 de
540 3989 640 4043 harum
664 4007 759 4044 rerum
781 3995 884 4043 nature
907 3992 936 4042 et
954 3989 1058 4043 caussis
1077 3990 1202 4058 disputat

101 4087 219 4139 Aristot.
238 4086 355 4140 Meteor.
373 4087 423 4154 Ill,
445 4090 467 4148 1,
490 4081 611 4140 maxime
636 4104 663 4154 p.
684 4086 947 4139 3701117-37123
972 4090 1000 4140 et
1019 4089 1091 4140 371ει
1105 4088 1201 4141 9-17.

102 4181 142 4236 Cf.
162 4182 233 4237 Plin.
254 4183 325 4238 Hist.
345 4183 378 4237 N.
398 4184 433 4247 11,
452 4185 487 4236 48
506 4188 534 4237 et
553 4185 600 4251 493
631 4182 724 4236 Senes.
751 4181 861 4250 Quaest.
880 4182 944 4238 Nat.
963 4183 996 4250 V,
1016 4184 1063 4250 133
1089 4183 1200 4237 Lucret.

102 4278 148 4349 Vl,
168 4281 220 4332 422
240 4297 296 4348 sq.;
313 4280 414 4348 Ideler‚
433 4280 552 4334 Aristot.
569 4280 685 4335 Meteon.
705 4279 740 4349 11,
758 4297 786 4349 p.
806 4281 958 4335 auo-288.
