2862 4910
778 377 831 430 300

250 549 402 614 muellero
425 554 576 633 putamus
598 549 724 615 infinito
749 551 908 634 principio
937 557 1056 617 motum
1085 551 1274 617 oiroularem
1295 551 1342 615 tri·

249 656 369 722 buisse.
413 658 562 741 Namque
585 660 783 741 Aristoteles,
805 666 840 726 ut
861 667 959 726 antea
973 660 1182 739 ostendimus,
1205 660 1267 727 hoo
1281 663 1342 726 looo

253 766 430 850 eontondit,
452 767 617 850 mundum,
649 775 806 850 quatenus
837 770 1015 855 aooipiatur
1041 777 1155 852 totus,
1186 775 1343 836 aeternum

248 897 330 962 esse,
353 880 518 946 contendit
548 882 656 964 igitur,
692 884 863 965 aliquam
896 886 1002 948 oerto
1035 881 1166 946 mundi
1189 886 1343 963 partem,

248 1007 329 1070 eam,
352 1009 373 1055 a
393 1010 458 1072 qua
478 992 621 1074 reliquae
643 997 753 1075 partes
776 992 947 1076 pendeant,
975 998 1141 1057 aeternam
1163 1011 1235 1056 esse
1258 1009 1342 1071 opor-

248 1101 332 1178 tere3
366 1103 463 1178 atquo
494 1097 555 1165 hao
580 1106 685 1166 mente
706 1100 818 1166 laudat
840 1101 1029 1165 sententiam
1062 1099 1153 1164 illam
1173 1100 1343 1182 antiquam,

249 1224 313 1288 qua
336 1227 387 1272 res
403 1207 573 1289 quaedam,
597 1227 680 1292 quae
703 1228 829 1294 semper
851 1210 883 1273 in
907 1215 994 1275 motu
1016 1210 1067 1291 sit,
1090 1208 1125 1273 id
1148 1215 1208 1288 ost,
1235 1228 1341 1291 quae·

247 1314 331 1380 dam
355 1316 483 1400 ipsius
506 1317 640 1382 muudi
662 1337 762 1402 pars,
785 1318 913 1384 dioatur
942 1317 1132 1384 immortalis
1165 1339 1205 1384 ao
1238 1317 1343 1383 divina

247 1445 328 1492 esse.
372 1417 442 1490 lam
477 1447 554 1493 vero
577 1428 821 1494 Anaximander
851 1447 1110 1511 unumquemque
1133 1426 1343 1493 innumerabi-

247 1536 336 1616 lium,
360 1556 439 1617 quos
463 1539 564 1619 ponit,
601 1538 791 1604 mundorum
822 1545 854 1605 et
875 1545 997 1604 totum
1028 1543 1132 1604 ortum
1161 1556 1234 1602 esse
1256 1536 1343 1602 dooot

247 1653 278 1712 et
301 1651 418 1711 totum
441 1666 551 1713 rursus
576 1646 717 1730 interire,
745 1652 777 1712 ot
805 1647 847 1712 ab
877 1649 947 1730 ipso
969 1647 1145 1713 Aristotele
1168 1645 1202 1710 in
1227 1646 1266 1711 iis
1292 1664 1342 1710 nu·

246 1759 397 1837 moratur,
431 1757 487 1838 qui
518 1755 671 1822 mundum
703 1755 805 1822 velint
830 1755 993 1839 generari3
1026 1756 1061 1820 id
1083 1754 1171 1838 quod
1193 1775 1214 1820 a
1236 1753 1342 1820 Teioh-

250 1865 404 1930 muelloro
426 1866 522 1930 etiam
543 1873 656 1950 aperte
679 1865 923 1946 oontenditur¹).
966 1865 1052 1948 Ergo
1074 1864 1135 1930 hae
1157 1869 1246 1930 uerte
1259 1870 1343 1947 parto

247 1974 309 2038 looi
332 1973 529 2040 Aristotelioi
552 1977 713 2041 sententia
735 1995 754 2039 a
778 1974 938 2040 sententia
959 1971 1194 2039 Anaximandri
1218 1991 1342 2056 prorsus
1415 1959 1416 2028 l

247 2082 417 2167 discrepat.
460 2083 579 2150 Verum
600 2104 665 2150 non
679 2085 786 2149 minus
808 2084 850 2150 ab
867 2083 1092 2166 eadisoropat,
1113 2081 1342 2147 siAnaximan-
1415 2069 1416 2100 ³

247 2190 339 2256 drum
362 2212 434 2257 oum
457 2192 713 2258 Teiohmuellero
746 2195 899 2258 sumimus
932 2193 993 2276 ipsi
1026 2190 1151 2257 infinito
1186 2189 1341 2274 prinoipio

247 2307 412 2366 aeternum
438 2307 558 2367 motum
587 2303 776 2388 oiroularem
803 2302 966 2368 tribuisse.
1011 2301 1136 2366 Etenim
1159 2300 1340 2366 Aristoteles

246 2407 307 2474 hoo
339 2410 409 2476 loeo
432 2411 624 2477 sententiam
658 2411 822 2492 quandam
856 2413 1022 2493 antiquam
1045 2428 1084 2474 ea
1111 2415 1203 2493 parte
1226 2407 1342 2489 laudat,

246 2526 404 2601 quatenus
428 2539 467 2586 ea
487 2519 642 2602 aliquid
667 2540 786 2604 eorum,
808 2541 892 2603 quae
914 2525 1111 2602 moveantur,
1143 2519 1178 2584 id
1200 2527 1260 2602 est,
1280 2519 1342 2584 ali-

245 2647 321 2710 qua
343 2627 460 2694 huius
483 2629 611 2712 ipsius
632 2628 763 2693 mundi
779 2649 869 2713 pars
893 2628 1084 2694 immortalis
1096 2649 1136 2693 ao
1154 2626 1266 2693 divina
1280 2647 1342 2693 ore·
1414 2681 1415 2702 ,

243 2737 347 2803 datur.
390 2739 439 2804 Ea
462 2745 568 2803 autem
582 2739 752 2818 sententia,
775 2759 841 2822 qua
857 2739 991 2821 aliqua
1013 2736 1141 2802 mundi
1161 2757 1256 2822 pars
1278 2757 1342 2802 ore·

243 2847 338 2913 datur
360 2855 493 2915 aeterna
516 2868 600 2928 osse,
622 2850 751 2915 omnino
775 2855 898 2932 pugnat
930 2868 1001 2936 oum
1032 2850 1089 2912 tali
1111 2848 1253 2930 quadam
1274 2867 1341 2912 sen-

243 2960 354 3040 tentia,
377 2978 442 3041 qua
461 2957 700 3042 principium
722 2957 903 3023 omnibus
926 2958 1101 3041 partibus
1126 2957 1342 3022 subieotum

241 3074 373 3134 aeterno
396 3075 483 3134 motu
506 3068 627 3134 moveri
651 3067 785 3134 dioatur.
831 3068 981 3150 Denique
1003 3066 1140 3146 aooedit,
1170 3067 1257 3150 quod
1276 3068 1341 3131 Ari-

243 3180 373 3243 stoteles
397 3179 430 3244 iu
452 3178 536 3242 libro
558 3177 763 3244 antecedenti
772 3178 797 3258 ²)
819 3177 928 3243 multis
943 3177 1121 3244 rationibus
1137 3177 1286 3258 ostendit,
1309 3178 1339 3240 iu

242 3288 365 3352 infinito
387 3307 451 3352 non
473 3307 568 3370 posse
590 3308 662 3353 esse
678 3297 797 3353 motum
811 3288 1010 3366 oiroularom,
1033 3286 1222 3354 inorodibile
1237 3293 1340 3353 autem

241 3404 299 3474 est,
327 3417 399 3462 eum
427 3394 487 3461 hoo
511 3398 581 3462 looo
609 3397 708 3461 talem
731 3396 926 3462 sententiam
951 3415 1030 3479 prae
1052 3398 1169 3462 ceteris
1201 3397 1338 3470 laudare,

241 3526 335 3588 quam
358 3513 455 3572 antea
477 3505 745 3573 demonstraverit
766 3507 938 3573 absurdam
961 3508 1075 3590 ossei).

240 3708 436 3716 -------.-.--..-η

342 3843 368 3909 1)
390 3841 507 3894 Studien
526 3845 577 3896 eto.
597 3860 624 3911 p.
644 3845 688 3908 83,
707 3844 771 3898 ooll.
789 3862 817 3913 p.
838 3846 880 3898 31.
963 3853 965 3857 '

337 3955 365 4022 2)
385 3956 502 4010 Aristot.
524 3955 598 4009 Goel.
618 3957 640 4024 1,
658 3960 683 4010 ῠ.
705 3958 778 4010 2711)
792 3960 828 4012 26
847 3977 887 4028 sq.

338 4066 481 4135 attritae,
510 4069 567 4122 Das
595 4071 722 4139 Apeiron
744 4073 872 4126 araxim.
901 4091 928 4141 p.
949 4076 983 4127 35
1011 4075 1052 4142 (in
1070 4074 1177 4141 adnot.)
1205 4075 1338 4140 coneedit,

238 4164 408 4218 seutentiam
427 4164 503 4220 illam
515 4166 662 4234 antiquam
680 4168 733 4223 hoo
751 4169 812 4224 looo
832 4170 867 4224 ab
881 4171 1033 4225 Aristotele
1044 4179 1229 4226 memoratam
1248 4188 1337 4226 neees-

238 4261 312 4314 sario
331 4260 367 4314 ad
380 4261 622 4317 Anaximandrum
641 4251 816 4320 referendam
835 4285 903 4335 esse,
922 4268 1062 4322 inutiliter
1081 4269 1116 4322 ad
1128 4269 1244 4324 Aristot.
1259 4268 1336 4336 Phys.
1412 4275 1413 4282 ’
