2850 4904
764 313 814 366 190

234 486 318 554 hanc
338 487 521 554 Aristotelis
543 487 737 553 orationem:
757 478 806 549 ‘oi
829 477 963 568 μὲνγὰρ
979 479 1015 548 *ἓν
1029 483 1225 572 ποιήσαντες
1239 519 1278 529 -
1292 517 1324 531 -

236 591 344 681 ἢτῶν
367 595 466 679 τριῶν
487 615 519 657 τι
544 581 693 679 ἢέλλο’,
716 600 803 657 recte
825 593 881 674 ait,
913 591 954 657 de
985 590 1073 657 hisce
1104 593 1147 658 ab
1167 591 1325 657 Aristotele

236 707 445 774 communiter
480 703 663 788 praedicari
707 704 794 768 illam
828 704 1047 786 generationis
1080 703 1223 768 formam.
1277 701 1325 766 Sin

236 822 342 884 autem
364 813 554 880 Aristoteles
585 810 650 877 illis
677 811 783 876 verbis
818 831 882 876 non
912 811 1073 894 quandam
1096 813 1236 896 priorum
1256 809 1326 894 phy-

237 925 374 992 sicorum
407 919 630 998 differentiam,
674 919 732 986 sed
780 918 994 1004 doctrinam
1033 920 1208 987 omnibus
1249 917 1326 1004 phy·

237 1032 330 1098 sicis
369 1048 599 1096 communem
633 1027 765 1094 statim
803 1048 870 1113 per
901 1027 996 1096 duas
1032 1031 1156 1113 ipsius
1190 1030 1326 1115 species

237 1140 475 1225 explicatam
525 1137 701 1221 significari
743 1138 854 1220 voluit,
909 1137 1139 1222 propositionis
1189 1132 1241 1202 ‘oi
1279 1134 1329 1218 μὲν

236 1246 299 1334 γὰρ
331 1285 372 1296 —-
396 1283 433 1296 -·
467 1233 567 1313 τᾶλλα
598 1248 734 1330 γεννῶσι
770 1241 948 1332 πυκνότητι
986 1247 1039 1312 καὶ
1071 1239 1239 1331 μανότητι’
1268 1267 1328 1313 sen-

237 1360 341 1426 tentia
371 1359 435 1424 iam
465 1377 530 1422 non
556 1356 638 1424 haec
669 1363 733 1422 est:
776 1355 926 1424 ‘omnes
961 1360 988 1423 ii
1023 1358 1175 1444 physici
1198 1355 1329 1440 -'‚sed

239 1469 370 1536 haecce:
401 1460 534 1534 ‘alteri
557 1467 632 1546 (vel
664 1465 799 1549 aliqui)
836 1487 966 1535 corum
995 1468 1249 1553 physicorum,
1281 1467 1329 1550 qui

238 1580 271 1645 id
292 1578 378 1662 quod
407 1582 575 1642 estunam
597 1582 721 1659 ponunt
745 1597 863 1661 corpus
889 1583 987 1661 atquc
1014 1578 1143 1661 quidem
1167 1586 1328 1646 autunum

240 1709 281 1754 ex
318 1685 484 1754 elementis
515 1691 571 1752 aut
603 1691 749 1752 naturam
783 1687 934 1765 mediam,
968 1709 1074 1754 rerum
1106 1688 1329 1755 multitudinem

240 1794 492 1863 condensatione
515 1801 547 1861 et
575 1794 791 1862 rarefactione
819 1788 1012 1880 gignuut'1).
1056 1799 1126 1864 Hac
1151 1799 1249 1882 igitur
1268 1817 1329 1882 pro-

240 1907 399 1990 positione
422 1906 586 1988 quaeritur
607 1924 672 1987 qua
687 1907 813 1971 ratione
835 1905 869 1971 hi
891 1909 985 1973 alteri
999 1907 1128 1992 physici
1143 1907 1329 1975 definiantur.

241 2018 321 2084 Cum
343 2036 471 2084 omncs
492 2016 651 2102 physici
683 2018 830 2084 dicantur
859 2017 892 2082 id
922 2017 1009 2101 quod
1033 2024 1082 2084 est
1108 2039 1206 2085 unum
1227 2035 1329 2100 corpus

240 2147 370 2213 ponere,
392 2128 433 2193 ab
455 2126 551 2192 huius
573 2132 682 2192 autem
705 2128 851 2210 corporis
873 2125 977 2193 forma
1000 2129 1109 2194 statim
1129 2127 1254 2194 induas
1271 2145 1330 2210 spe-

240 2239 304 2303 cies
335 2235 527 2313 dividantur,
560 2237 606 2302 illi
637 2238 731 2303 alteri
753 2235 965 2320 physicorum
998 2239 1184 2304 necessario
1215 2235 1329 2321 quiden

241 2348 324 2412 tales
357 2351 440 2427 sunt,
474 2344 529 2427 qui
561 2345 595 2411 id
621 2345 709 2428 quod
742 2353 791 2412 est
827 2352 859 2412 et
880 2366 979 2412 unum
1014 2353 1047 2412 et
1069 2366 1185 2431 corpus
1210 2350 1331 2431 ponant

242 2457 442 2521 neccessario
465 2456 562 2521 ctiam
585 2455 618 2520 in
640 2457 816 2522 alterautra
837 2455 949 2522 horum
972 2459 1080 2540 specie
1110 2463 1185 2522 sunt
1206 2471 1331 2538 ergaque

243 2564 339 2630 rnodo
362 2564 524 2631 diunctivo
551 2571 608 2631 aut
631 2564 655 2629 ii
679 2572 763 2647 sunt,
795 2567 850 2648 qui
883 2565 944 2631 hoc
977 2586 1075 2632 unum
1110 2585 1224 2650 corpus
1247 2581 1330 2631 unum

244 2693 285 2739 ex
305 2675 481 2758 elementis,
503 2681 559 2765 aut
580 2677 611 2754 ii,
634 2677 689 2758 qui
711 2675 746 2740 id
766 2683 914 2741 naturam
936 2675 1078 2743 mediam
1091 2682 1222 2761 ponant,
1244 2677 1331 2739 incer-

243 2790 310 2850 tum
332 2789 440 2850 autom
462 2790 521 2857 est,
543 2784 610 2864 utri
619 2786 692 2850 sint.
736 2785 835 2869 Ergo,
856 2806 929 2851 cum
942 2785 983 2852 de
1006 2785 1055 2851 his
1077 2787 1187 2872 alteris
1202 2782 1331 2870 physicis

243 2894 408 2976 generatio
430 2912 488 2978 per
509 2893 794 2960 condensationem
817 2900 849 2960 et
870 2894 1117 2961 rarosaotionem
1132 2893 1332 2978 praedicetur,

244 3007 403 3085 quatenus
425 3003 507 3069 tales
531 3008 614 3084 sunt,
639 3001 751 3086 quiid
773 3001 860 3085 quod
883 3008 933 3069 est
953 3009 990 3069 et
1013 3022 1126 3069 unum
1148 3010 1187 3070 et
1209 3017 1332 3086 corpus

245 3117 375 3195 ponant,
400 3110 512 3177 dehis
537 3118 569 3177 et
591 3132 687 3177 unum
711 3117 742 3182 et
763 3130 880 3195 corpus
915 3113 1107 3195 ponentibus
1139 3110 1333 3179 communiter

146 3273 148 3277 .
245 3221 303 3285 illa
323 3220 544 3304 generationis
567 3221 670 3287 forma
693 3220 911 3305 praedicatae
943 3227 1101 3304 quatenus
1124 3228 1231 3288 autem
1251 3216 1332 3284 modu

245 3329 442 3396 disiunctivo
472 3337 529 3396 aut
564 3331 588 3394 ii
610 3330 758 3396 dicuutur
784 3351 865 3410 esse,
897 3332 953 3414 qui
984 3331 1017 3397 id
1048 3331 1137 3414 quod
1162 3338 1211 3398 est
1237 3345 1331 3396 unum

247 3459 383 3524 corpus
406 3439 553 3523 hocque
575 3461 687 3506 unum
709 3461 757 3507 ex
780 3442 992 3519 elementis,
1015 3447 1073 3506 aut
1098 3441 1132 3524 ii,
1156 3443 1212 3525 qui
1237 3454 1331 3505 unum

246 3569 385 3632 corpus
418 3548 565 3632 hocque
597 3556 773 3617 naturam
797 3549 990 3633 quandam
1023 3549 1185 3616 mediam
1217 3549 1331 3634 ponant,

246 3659 301 3723 illa
312 3661 527 3742 generationis
550 3658 652 3726 forma
674 3679 733 3725 nco
755 3657 795 3724 de
818 3660 882 3724 illis
904 3679 964 3725 nec
986 3659 1027 3726 de
1043 3658 1131 3725 hisce
1145 3657 1332 3744 praedicatur

244 3767 405 3850 “κοινῶς’,
440 3768 498 3834 sed
521 3767 562 3834 de
586 3769 751 3852 ambobus,
783 3775 819 3834 ut
840 3767 902 3834 hoo
925 3768 1082 3835 vocabulo
1106 3776 1180 3834 utar
1202 3769 1246 3833 illi
1269 3783 1332 3830 oon·

247 3876 354 3960 trario,
385 3876 593 3960 praedicatur
624 3875 897 3960 “ὄιεζευγμένως’;
931 3876 1139 3961 praedicatur
1176 3878 1258 3942 enim
1287 3873 1332 3935 aut

248 3984 288 4051 de
309 3987 380 4052 unis
403 3991 459 4051 aut
482 3985 523 4052 dc
543 3987 663 4066 alteris,
686 3988 842 4052 incertum
866 3993 973 4053 autern
995 3993 1056 4069 est,
1087 3986 1128 4052 de
1156 3987 1233 4051 utris
1256 3998 1331 4068 prac-

350 4233 373 4296 1)
393 4231 434 4285 Of.
454 4249 539 4300 supra
556 4248 584 4299 p.
608 4233 666 4300 188,
685 4236 742 4286 not.
761 4234 787 4285 2.
