2864 4910
628 411 679 470 att

97 589 135 656 id
159 600 267 657 autem
290 593 481 657 naturaliter
514 594 558 656 ita
584 598 709 657 tantum
730 593 876 677 intellegi
910 601 1025 678 potest,
1058 601 1093 660 ut
1126 595 1209 659 solis

97 701 192 765 orbis
212 721 284 766 cum
302 707 410 774 ,terrae
431 703 485 764 vel
507 701 584 765 solis
607 702 792 790 apparentis
816 701 993 784 circuitu,
1023 722 1091 767 neo
1114 722 1205 768 vero

97 829 185 874 cum
211 809 301 875 eius
324 809 517 875 diametro
541 817 762 892 comparetur;
786 811 876 874 nulla
898 812 984 875 enim
1006 831 1122 876 caussa
1147 817 1205 895 est,

97 939 159 983 cur
182 918 216 983 in
239 919 315 983 orbe
338 919 415 983 solis
432 915 582 982 circuitus
605 915 799 998 (huuccuim
812 918 956 1002 intellegi
979 939 1037 1004 per
1052 941 1087 986 se
1102 921 1206 1004 patet)

97 1027 134 1091 in
160 1028 227 1092 sole
253 1034 431 1111 apparente
455 1031 562 1091 autem
585 1047 648 1090 uon
668 1027 822 1092 circuitus
845 1047 957 1094 verum
979 1028 1137 1096 diameter
1159 1031 1205 1095 iu-

96 1137 284 1220 tellegatur.
321 1134 416 1214 Quod
432 1137 459 1202 si
474 1135 633 1220 ponimus,
657 1136 736 1201 solis
749 1136 837 1202 orbis
850 1158 914 1203 nou
924 1137 1065 1221 vinginti
1081 1145 1205 1222 septem

96 1246 155 1312 vel
171 1247 287 1328 viginti
306 1253 377 1312 octo
394 1247 472 1312 solis
493 1246 681 1330 apparentis
695 1246 879 1330 diametros,
903 1245 962 1312 sed
976 1246 1075 1330 triplo
1087 1248 1205 1330 plures,

98 1353 137 1420 id
162 1361 219 1438 est,
242 1356 409 1439 octoginta
430 1376 527 1422 unum
550 1356 603 1420 vel
625 1355 790 1439 octogiuta
812 1361 963 1438 quattuor
986 1356 1164 1422 continebit
1175 1359 1205 1436 ¹).

98 1464 170 1529 Sed
193 1464 254 1529 hoo
277 1465 348 1530 leve
371 1470 429 1547 est,
453 1463 605 1546 quoniam
629 1464 708 1540 haec
724 1464 982 1548 magnitudinum
998 1465 1089 1532 ratio.
1103 1465 1204 1530 nihilo

79 1634 84 1642 .
99 1573 210 1639 minus
223 1573 381 1640 eiusmodi
394 1579 452 1649 est,
475 1580 509 1638 ut
525 1574 691 1639 conciliari
706 1595 769 1639 nou
783 1575 885 1658 possit
901 1593 972 1638 oum
989 1594 1028 1638 ea
1043 1575 1204 1658 opinione,

99 1703 168 1766 qua
191 1684 268 1748 solis
292 1684 380 1748 orbis
403 1684 446 1748 sit
468 1683 605 1748 annulus
637 1705 695 1767 pcr
719 1692 819 1750 totum
847 1685 929 1750 coeli
958 1684 1114 1749 ambitum
1134 1704 1205 1768 per-

99 1795 220 1860 tineus.

203 1902 340 1985 Deinde,
361 1900 395 1967 id
417 1901 504 1986 quod
520 1903 745 1986 gravissimum
762 1910 821 1983 est,
841 1904 899 1969 illa
913 1902 1001 1987 apud
1012 1905 1205 1970 Placitorum

99 2012 276 2097 scriptores
299 2003 440 2077 narratio
464 2015 591 2077 omnino
616 2013 716 2078 dubia
739 2018 798 2095 est,
822 2034 885 2078 uon
909 2013 1204 2096 solumpropterca,

99 2124 178 2204 quia
191 2123 220 2186 ei
232 2121 422 2188 adversatur
432 2123 573 2187 narratio
584 2121 755 2207 Hippolyti
770 2122 866 2206 (haec
878 2123 963 2187 enim
976 2122 1129 2205 quamdiu
1141 2143 1205 2186 non

99 2233 244 2297 refutata
267 2237 324 2315 est,
349 2231 436 2296 illius
459 2231 576 2296 minuit
598 2229 709 2306 fidem;
733 2231 773 2296 de
790 2251 854 2314 qna
878 2252 910 2297 rc
927 2239 1041 2316 postea
1056 2231 1205 2314 dicetur),

99 2339 159 2405 sed
182 2341 321 2406 manime
342 2346 523 2423 propterea,
550 2340 638 2422 quod
661 2341 693 2404 in
717 2361 789 2405 sese
816 2343 887 2423 ipsa
910 2340 1018 2423 habet,
1041 2361 1123 2424 quae
1147 2342 1205 2404 mi-

98 2471 170 2514 rum
193 2451 227 2514 in
246 2449 375 2514 modum
397 2452 481 2514 iuter
512 2448 552 2515 de
579 2449 781 2514 dissentiant.
826 2449 910 2514 Nam
937 2449 1096 2514 Stobacus
1124 2451 1203 2514 solis

99 2559 213 2624 orbem
236 2560 280 2622 ait
295 2557 438 2641 viginti
456 2565 550 2623 octo
573 2558 718 2642 partibus
731 2565 817 2623 terra
830 2559 984 2623 maiorem
996 2579 1077 2639 csse,
1101 2557 1205 2622 Theo-

99 2667 234 2733 doretus
250 2673 357 2732 autem
379 2667 524 2750 viginti
548 2675 703 2752 septem,
727 2667 919 2732 Plutarchus
932 2667 1070 2750 denique
1091 2673 1122 2732 et
1139 2666 1205 2731 Ga·

100 2763 194 2842 lenus
218 2781 250 2842 θῖ
261 2777 420 2842 Eusebius
434 2777 549 2843 iisdem
573 2779 640 2842 fere
663 2778 743 2843 locis
765 2785 830 2842 turn
854 2778 997 2860 viginti
1019 2783 1104 2842 octo
1128 2784 1204 2840 tum

99 2885 248 2968 viginti
271 2887 463 2968 septem2).
508 2885 601 2952 Unde
635 2886 717 2951 mira
750 2885 832 2950 hacc
853 2884 1015 2951 dissensio
1050 2897 1120 2950 orta
1153 2886 1204 2968 sit,

101 2994 238 3060 difficile
263 2995 324 3058 erit
349 2996 497 3072 inventu;
521 2995 555 3059 id
575 3001 682 3059 tamen
705 2994 833 3059 videtur
862 3001 950 3060 recte
985 3015 1025 3059 ex
1058 3015 1097 3058 ea
1129 3014 1206 3068 cou-

99 3102 189 3168 cludi
212 3121 321 3184 posse,
343 3103 538 3167 narrationis
562 3103 648 3167 illius
664 3109 827 3167 auctorem
850 3102 955 3186 ipsam
970 3102 1203 3166 Anaximandri

100 3213 261 3276 rationem
285 3231 348 3275 non
382 3213 445 3276 iarn
468 3211 674 3295 perspexisse
696 3218 793 3293 atque
817 3209 892 3275 iude
914 3211 1036 3275 factum
1058 3229 1139 3289 esse,
1170 3218 1205 3276 ut

100 3323 279 3386 sententias
302 3321 432 3384 omnino
455 3320 601 3386 diversas
621 3323 779 3386 misceret.
813 3321 882 3385 Iam
905 3340 981 3384 vcro
1004 3319 1103 3384 iidem
1128 3321 1204 3384 scri-

100 3437 213 3512 ptores
245 3430 395 3514 (excepto
429 3429 643 3511 Theodoreto,
675 3429 731 3513 qui
764 3449 829 3494 non
859 3431 1032 3513 separatim
1063 3428 1103 3493 de
1137 3429 1204 3493 sole

99 3539 258 3622 loquitur)
282 3539 397 3605 iisdem
421 3541 511 3621 locis,
544 3539 661 3621 quibus
685 3541 748 3604 ista
770 3546 951 3619 narrantur,
983 3539 1061 3603 solis
1095 3538 1203 3604 orbem

101 3647 148 3711 ita
171 3647 370 3724 describunt,
395 3655 430 3713 ut
460 3669 532 3715 eum
559 3647 669 3714 dicant
697 3649 807 3714 orbem
840 3656 981 3713 rotarum
1015 3654 1205 3712 curvaturae

102 3756 237 3835 (τροχοῦ
259 3749 372 3838 ἁψῖδι)
395 3757 544 3836 similem,
578 3777 660 3839 quac
687 3761 859 3821 curvatura
881 3776 962 3820 cava
990 3754 1032 3820 sit
1066 3761 1097 3820 et
1130 3755 1205 3838 igne

100 3865 228 3949 repleta
250 3870 282 3929 et
305 3886 363 3948 per
385 3867 528 3931 foramen
555 3866 646 3932 uobis
678 3864 849 3930 adversum
882 3864 990 3948 ignem
1012 3863 1055 3929 ad
1077 3884 1137 3929 nos
1160 3863 1204 3929 cf·

106 4055 307 4067 .—-——--·—-

206 4163 233 4230 l)
252 4162 409 4216 Honorem
430 4167 506 4217 recte
528 4162 636 4216 monuit
654 4161 901 4223 Teichmuellcrus‚
918 4160 937 4213 l.
957 4161 974 4214 l.
994 4177 1023 4228 p.
1045 4161 1087 4214 16.

204 4258 233 4324 2)
253 4257 324 4314 Vide
344 4261 418 4313 locos
437 4279 463 4329 p.
484 4260 546 4327 369,
565 4263 622 4313 θοῖ.
643 4261 667 4311 3.
