2864 4910
742 360 796 411 420

312 530 426 618 Itaque
458 528 487 594 si
518 531 681 612 ponimus,
716 549 790 594 enm
825 529 882 593 illa
913 529 1077 596 sententia
1109 551 1195 596 usum
1222 551 1294 609 esse,

211 646 311 705 totam
345 639 415 704 eius
438 638 628 721 doctrinam,
662 644 821 720 quatenus
843 639 886 704 ad
918 645 1062 704 nostram
1095 641 1296 723 quaestionem

213 750 361 833 pertinet,
396 747 478 813 hanc
512 748 579 813 fere
610 748 709 813 tuisse
732 755 867 832 oportet.
908 741 1015 813 ‘Cum
1047 756 1160 814 natura
1177 748 1297 813 humida

213 857 370 942 sphaerae
399 857 514 940 igneae
538 855 653 922 effectu
675 859 794 940 partim
823 858 857 921 in
884 877 992 923 aerem
1017 865 1140 923 mutata
1161 863 1244 938 esset,
1266 859 1300 922 iu

213 973 280 1034 toto
302 973 436 1032 naturae
467 964 619 1030 humidae
651 972 683 1030 et
711 969 796 1030 aeris
826 967 922 1049 globo
945 972 1060 1032 vortex
1094 973 1215 1030 exortus
1242 971 1297 1041 est

212 1078 304 1143 cuius
327 1081 469 1141 centrum
502 1077 534 1140 in
561 1074 668 1140 medio
699 1076 755 1140 illo
784 1076 891 1158 globo,
924 1076 997 1141 axis
1030 1082 1139 1140 autem
1171 1075 1299 1139 directus

214 1193 299 1252 esset
323 1187 357 1250 in
379 1184 516 1269 planitie
538 1205 596 1269 per
617 1185 678 1250 hoc
705 1193 847 1250 centrum
871 1185 913 1250 ad
935 1186 1052 1250 libram
1079 1186 1192 1258 locata,
1213 1203 1299 1265 quam

213 1295 344 1379 quidem
366 1295 534 1378 planitiem
555 1300 645 1377 patet
673 1315 738 1360 non
764 1294 927 1360 diversam
952 1315 1024 1361 esse
1053 1316 1073 1359 a
1096 1294 1226 1378 planitie
1246 1291 1301 1358 cir·

213 1405 277 1470 culi
306 1404 553 1488 aequinoctialis
590 1401 688 1485 (quae
720 1403 815 1470 huius
855 1404 989 1470 vorticis
1020 1403 1169 1469 videatur
1197 1423 1302 1468 caussa

213 1535 294 1595 esse,
318 1513 426 1598 paullo
442 1520 516 1596 post
530 1514 677 1588 dicetur).
721 1514 791 1580 Hoc
813 1516 935 1579 vortice
958 1534 1030 1579 cum
1053 1535 1110 1579 aer
1124 1534 1236 1597 magna
1254 1531 1300 1578 ce·

211 1624 339 1690 leritate
372 1625 644 1707 circumageretur
677 1629 709 1689 et
742 1627 774 1688 vi
807 1644 934 1707 semper
968 1627 1125 1689 crescenti
1156 1623 1301 1706 sphaerae

212 1735 326 1816 igneae
348 1735 491 1806 instaret,
516 1732 653 1815 denique
675 1754 745 1798 eam
768 1734 802 1798 in
824 1734 961 1799 annulos
984 1735 1159 1818 parallelos
1182 1733 1301 1814 dirupit,

213 1843 410 1925 singulisque
431 1843 561 1908 annulis
576 1844 617 1909 ab
636 1843 783 1908 omnibus
801 1844 945 1927 partibus
970 1844 1017 1908 ita
1035 1863 1071 1908 se
1087 1843 1303 1916 circumvolvit,

215 1959 249 2016 ut
274 1971 330 2017 eos
352 1952 478 2017 annulis
500 1953 596 2018 aeriis
617 1953 805 2031 includeret,
829 1960 861 2018 et
876 1953 972 2018 simul
995 1972 1050 2019 eos
1072 1953 1145 2037 plus
1168 1953 1303 2016 minusve

214 2061 309 2142 longe
322 2081 342 2124 a
357 2066 465 2125 centro
481 2060 622 2142 abstulit,
645 2061 690 2124 ita
703 2060 779 2142 fere,
793 2067 828 2125 ut
838 2080 994 2142 aquarum
1006 2060 1103 2142 unda,
1116 2081 1187 2125 cum
1202 2062 1235 2125 in
1243 2081 1305 2126 cor·

214 2189 274 2253 pus
287 2167 448 2251 quoddam
469 2170 557 2234 velut
580 2190 694 2235 sanum
709 2171 760 2234 vel
776 2171 899 2253 lignum
916 2170 1040 2253 incidit,
1063 2169 1098 2235 id
1109 2171 1150 2235 ab
1166 2169 1304 2235 omnibus

214 2278 357 2363 partibus
373 2279 603 2357 circumcludit,
627 2286 669 2361 et,
694 2279 721 2344 ei
738 2280 961 2345 vehementius
976 2281 1111 2345 incitata
1126 2287 1184 2364 est,
1205 2300 1303 2346 secum

213 2389 340 2472 abripit.
386 2387 466 2454 Cum
497 2395 605 2455 autem
636 2397 765 2474 propter
792 2390 925 2455 vorticis
955 2397 1103 2456 naturam
1126 2390 1160 2454 in
1181 2389 1304 2472 regione

214 2497 325 2563 circuli
348 2498 594 2580 aequinoctialis
623 2501 706 2564 aeris
729 2500 868 2583 impetus
890 2501 1050 2564 maximus
1073 2507 1169 2582 esset,
1197 2502 1228 2564 in
1250 2498 1304 2562 hac

214 2607 346 2690 regione
362 2607 503 2671 maxima
525 2606 684 2689 quaedam
697 2609 790 2690 quasi
806 2609 892 2672 aeris
914 2608 1000 2672 unda
1015 2609 1179 2692 ingentem
1200 2607 1305 2692 sphae-

215 2737 269 2782 rae
298 2717 413 2800 igneae
442 2717 593 2782 annulum
625 2718 782 2801 abripuit,
818 2736 954 2799 eumque
987 2719 1107 2782 annulo
1140 2719 1228 2783 aerio
1250 2717 1303 2782 cir·

213 2825 419 2891 cumcludeus
442 2826 582 2891 omnium
598 2826 787 2909 longissime
809 2826 944 2892 abstulit
965 2827 998 2890 in
1020 2847 1092 2892 eum
1110 2828 1224 2902 locum,
1247 2847 1305 2909 quo

213 2956 296 3000 nunc
318 2939 412 3000 etiam
436 2935 522 3001 circa
544 2936 655 3001 mundi
677 2956 771 3001 axem
795 2935 907 3001 eodem
929 2936 1051 3001 vortice
1074 2937 1302 3021 circumagitur.

213 3044 275 3110 Hie
299 3046 436 3111 annulus
457 3046 590 3130 igneum
605 3046 759 3112 annulum
775 3045 942 3111 includens
965 3052 1014 3110 est
1036 3047 1094 3127 sul,
1118 3049 1176 3130 qui
1191 3047 1304 3112 Anaxi·

213 3156 339 3221 mandri
374 3157 534 3222 sententia
566 3157 708 3222 omnium
739 3156 902 3222 stellarum
930 3157 1069 3221 extimus
1098 3163 1155 3222 est.
1201 3156 1305 3221 Paullo

212 3267 342 3349 propius
370 3285 390 3329 a
420 3268 494 3349 polo
528 3274 584 3331 aut
619 3267 783 3351 superiore
819 3274 875 3332 aut
906 3265 1058 3332 inferiore
1090 3268 1117 3332 is
1154 3267 1303 3352 sphaerae

211 3378 324 3459 igneae
347 3375 484 3442 annulus
507 3376 638 3441 avulsus
662 3382 720 3456 est,
743 3378 798 3456 qui
827 3375 930 3440 factus
959 3381 1008 3440 est
1034 3376 1120 3453 luna,
1148 3377 1305 3442 minorea

212 3491 320 3551 centro
343 3483 508 3561 distantia,
540 3491 572 3549 et
594 3485 692 3550 simili
725 3484 821 3550 modo
853 3485 1048 3566 reliquarum
1071 3485 1236 3550 stellarum
1256 3503 1304 3548 au-

210 3596 289 3675 nuli,
322 3602 452 3679 propter
479 3595 608 3660 vorticis
635 3601 782 3659 naturam
824 3597 926 3659 minus
961 3595 1058 3659 etiam
1087 3601 1239 3660 acentro
1262 3592 1303 3656 di-

211 3709 344 3770 stantes
388 3703 510 3770 Eodem
534 3703 664 3787 vortice,
686 3704 906 3786 cumreliqua
939 3710 1054 3768 natura
1075 3703 1212 3769 humida
1235 3701 1303 3768 solis

212 3812 329 3878 effectu
353 3816 468 3898 partim
492 3815 526 3878 in
549 3833 656 3878 aerem
677 3815 794 3896 partim
819 3814 852 3877 in
875 3818 993 3878 terram
1015 3818 1205 3891 verteretur,
1228 3820 1303 3877 terra

212 3925 245 3988 in
269 3923 407 3987 medium
443 3924 548 3988 locum
581 3923 813 4004 congerebatur
836 3928 868 3987 et
901 3923 1034 3987 formam
1067 3922 1240 4018 rotundam
1272 3937 1304 3981 ac

211 4033 340 4116 planam
352 4031 572 4114 accipiebat1).
617 4031 678 4096 His
699 4032 846 4097 omnibus
863 4031 1014 4115 perfectis
1029 4031 1167 4096 mundus
1185 4035 1301 4113 septen·

316 4272 340 4342 1)
361 4274 520 4327 Alexander
540 4276 614 4342 apud
632 4275 735 4343 Simpl:
750 4275 823 4328 Ooel.
843 4274 944 4344 (Schol.
964 4274 1082 4328 Aristot.
1096 4273 1170 4328 507¹>
1184 4276 1230 4343 26)
1247 4286 1301 4325 eum
