2862 4910
623 393 676 446 297

84 571 219 650 crepat,
252 572 284 631 et
312 562 354 630 ab
376 585 426 648 ca,
459 586 543 648 quae
565 565 698 632 aliunde
720 572 798 632 nota
820 573 878 644 est,
905 571 938 632 et
970 567 1013 632 ab
1036 585 1085 647 ea,
1118 585 1200 648 quae

82 694 104 738 a
129 674 399 741 Teiohmuellero
421 675 451 741 el
475 675 634 741 tribuitur.
678 675 820 742 Primum
854 673 951 758 igitur
982 674 1016 740 in
1040 681 1106 740 toto
1129 675 1201 741 loco

84 994 207 1044 motum
229 990 298 1044 fines
312 985 479 1046 continoat'.
516 991 549 1044 In
569 990 670 1060 quibus
683 991 777 1046 verbis
791 989 1202 1046 maximeauimndvertendum

84 1089 141 1154 est,
167 1086 357 1142 Aristotelem
389 1087 419 1140 in
441 1087 589 1142 referenda
607 1088 657 1142 illa
675 1087 815 1142 sententia
838 1090 946 1140 motum
977 1087 1035 1140 eius
1053 1087 1104 1151 rei,
1130 1103 1202 1155 quae

85 1188 212 1238 aeterna
232 1201 291 1237 esse
310 1185 450 1252 credatur,
469 1202 526 1239 non
544 1184 637 1240 dicere
656 1189 783 1239 motum
802 1183 1016 1244 circularem,
1035 1184 1083 1238 sed
1096 1187 1203 1237 motum

85 1281 191 1348 talem,
222 1281 281 1349 qui
309 1299 374 1334 nou
402 1282 530 1337 habeat
558 1282 663 1335 finem
694 1281 925 1349 reliquosque
954 1284 1063 1334 motus
1087 1279 1201 1334 finiat.

86 1376 273 1446 Quamquam
297 1377 370 1432 enim
389 1378 552 1432 Aristotelis
571 1377 711 1432 sententia
729 1377 822 1430 nullus
846 1381 938 1431 motus
958 1380 1051 1445 potest
1069 1376 1129 1430 sine
1147 1375 1202 1430 fine

87 1489 151 1525 ease
173 1475 289 1540 praeter
308 1478 414 1526 motum
435 1471 610 1540 circularem,
633 1475 728 1527 tamen
752 1471 817 1526 inde
836 1488 893 1524 non
911 1469 1046 1540 sequitur,
1064 1476 1096 1524 ut
1115 1472 1202 1526 etiam

86 1567 141 1622 illa
164 1566 286 1636 antiqua
312 1568 451 1623 sententia
479 1573 571 1624 motus
594 1568 649 1623 fine
675 1585 772 1624 carens
795 1568 978 1639 intellegatur
1002 1573 1094 1622 motus
1114 1567 1201 1623 circu·

86 1663 178 1733 laris;
197 1677 298 1718 revera
317 1669 411 1718 autem
430 1681 486 1718 ncn
505 1665 546 1719 ita
565 1665 702 1736 intellegi,
721 1665 852 1734 deinceps
870 1665 960 1736 magis
980 1663 1136 1734 apparebit.

197 1760 278 1828 Quod
296 1761 332 1816 ad
351 1762 469 1816 alteram
489 1761 543 1816 loci
561 1767 671 1832 partem
684 1761 797 1830 attinet,
817 1761 887 1818 haec
900 1779 957 1816 uon
969 1761 1026 1816 iam
1044 1760 1122 1814 illam
1138 1777 1201 1814 uar-

89 1858 237 1912 raticnem
259 1858 393 1926 antiquae
417 1859 493 1914 illius
519 1859 674 1914 sententiae
692 1859 828 1927 eontinet,
855 1859 904 1914 sed
923 1859 959 1913 ab
978 1857 1141 1923 Aristotele,
1168 1862 1202 1912 ut

89 1955 179 2008 facile
199 1973 234 2008 ex
252 1955 392 2024 particula
408 1952 487 2025 ‘yde’
509 1954 527 2023 (‘
534 1951 565 2009 τό
583 1974 612 2009 τε
631 1953 685 2025 γὰρ
703 1960 790 2025 πέρας
808 1985 841 1995 -
863 1983 894 1994 -·
917 1957 964 2007 καὶ
982 1949 1048 2020 αὕτη
1067 1955 1200 2024 κυκλοφο-

90 2056 137 2120 ρία
158 2048 240 2118 arist)
260 2055 347 2121 patet,
369 2052 482 2106 additur
510 2053 545 2106 ad
564 2053 742 2108 indicandam
760 2069 894 2121 caussam,
915 2051 951 2106 ob
977 2068 1060 2120 quam
1084 2068 1137 2120 par
1155 2050 1201 2118 sit,

89 2149 174 2203 illam
204 2148 351 2218 antiquam
374 2150 542 2204 sententiam
566 2167 661 2206 veram
680 2155 789 2219 putare.
830 2150 920 2218 Quam
943 2166 1069 2204 caussam
1092 2148 1200 2202 Aristo·

91 2245 164 2300 tales
184 2245 225 2300 sic
243 2246 386 2314 proponit,
405 2251 437 2300 ut
456 2247 613 2308 contendat,
634 2252 742 2302 motum
762 2247 851 2315 illum,
871 2247 920 2315 qui
937 2246 1054 2315 antiqua
1072 2246 1122 2300 illa
1140 2263 1200 2300 seu·

92 2343 187 2398 tentia
213 2347 330 2412 putetur
351 2343 406 2398 fine
430 2361 525 2398 carere
548 2344 727 2413 reliquosque
750 2349 842 2398 motus
865 2343 956 2411 finire,
985 2343 1093 2412 pariter
1116 2347 1201 2411 atque

91 2443 204 2494 motum
224 2439 305 2494 illum
328 2440 493 2496 circularem
520 2460 535 2495 a
560 2460 589 2496 se
613 2442 673 2511 ipso
696 2442 882 2511 propositum,
905 2459 956 2510 per
979 2459 1008 2494 se
1031 2440 1123 2509 ipsum
1148 2440 1201 2494 tali

93 2537 220 2604 quadam
241 2554 299 2592 esse
317 2539 500 2607 proprietate,
525 2556 588 2593 curn
609 2557 664 2608 qua
682 2539 834 2594 aeternitas
858 2538 948 2607 possit
966 2538 1115 2594 coniuncta
1134 2553 1201 2591 esse.

93 2632 182 2688 Initio
208 2633 283 2688 enim
309 2633 339 2688 in
357 2634 450 2688 verbis
474 2631 518 2687 ‘rc
538 2639 624 2704 πέρας
641 2635 697 2688 τῶν
714 2629 900 2705 περιεχόντων
918 2629 1003 2688 ἐστίν’
1029 2631 1073 2686 ιτὸ
1093 2628 1201 2701 πέρας’,

94 2730 149 2785 hoc
168 2736 213 2786 ast
231 2731 269 2795 id,
289 2731 365 2800 quod
383 2732 441 2786 vim
459 2731 575 2788 finiendi
595 2733 688 2800 habet,
708 2736 803 2802 aperte
823 2733 946 2786 refertur
959 2731 1082 2785 adillam
1095 2735 1203 2795 κίνησιν

94 2828 226 2896 proxime
251 2832 444 2896 memoratam,
474 2845 544 2897 quae
567 2828 740 2898 reliquorum
761 2833 888 2884 motuum
908 2832 994 2897 πέρας
1020 2828 1065 2882 sit.
1102 2827 1202 2894 ltaque

95 2926 267 2980 Aristoteles
285 2925 328 2980 his
347 2926 439 2980 verbis
453 2925 534 2979 illum
545 2931 663 2989 motum,
683 2927 732 2995 qui
748 2925 804 2982 fine
820 2930 914 2981 careat
933 2931 962 2980 et
973 2925 1096 2992 reliquos
1109 2928 1201 2978 motus

94 3020 186 3090 finiat,
207 3022 247 3076 ita
266 3023 397 3093 explicat,
417 3027 449 3077 nt
467 3041 531 3078 eum
549 3022 626 3078 dicat
649 3040 745 3078 earum
773 3041 869 3077 rerum
893 3040 960 3090 esse,
991 3038 1062 3090 quae
1080 3020 1201 3089 reliquas

96 3136 139 3172 res
165 3118 438 3188 amplectantur.
476 3120 584 3176 Deinde
607 3120 693 3174 verba
717 3115 797 3186 'cira
821 3117 836 3187 ἡ
857 3114 1036 3190 κυκλοφορία’
1062 3136 1201 3188 gramma·

95 3215 150 3271 tioe
171 3215 286 3285 quidem
306 3217 455 3286 dupliciter
474 3217 606 3272 videntur
629 3217 765 3287 explicari
783 3234 871 3286 posse.
907 3216 978 3270 Nam
997 3216 1120 3285 primum
1138 3231 1201 3284 pro·

96 3330 199 3368 nomen
217 3308 308 3379 ‘edan'
330 3313 430 3368 referri
449 3319 540 3384 potest
561 3315 597 3370 ad
620 3314 737 3368 eandem
762 3314 842 3369 illam
866 3317 973 3380 κίνησιν
995 3295 1132 3382 ριόιιίιιιθλ
1146 3329 1201 3366 me·

95 3415 249 3478 moratum,
267 3411 306 3464 ita
326 3415 358 3464 ut
376 3411 446 3466 haec
464 3416 567 3476 κίνησις
594 3411 649 3466 illis
675 3411 769 3466 verbis
788 3411 871 3464 simul
898 3409 1009 3464 dicatur
1034 3411 1201 3478 κυκλοφορία

97 3523 168 3574 esse;
190 3506 293 3560 deinde
310 3524 465 3575 pronomen
485 3503 576 3573 ‘cirri'
595 3507 737 3576 frequenti
756 3507 838 3562 huius
852 3505 1024 3576 pronominis
1038 3523 1088 3558 usu
1101 3504 1202 3558 reterri

97 3607 192 3671 potest
205 3603 241 3656 ad
253 3607 349 3658 notam
362 3603 450 3672 ipsius
468 3605 651 3674 κυκλοφορίας
669 3603 821 3672 notionem,
840 3603 881 3658 ita
891 3607 923 3656 ut
940 3602 1026 3658 verba
1037 3600 1086 3655 illa
1096 3601 1202 3670 signill-

99 3704 162 3755 ceut
172 3703 288 3754 notam
300 3699 397 3754 illam
407 3701 601 3770 κυκλοφορίαν,
616 3700 721 3768 quippe
733 3699 768 3754 de
778 3697 1004 3767 quaAristotcles
1014 3697 1074 3766 ipse
1086 3697 1116 3751 in
1128 3697 1202 3751 libro

98 3795 274 3850 antecedenti
293 3795 380 3864 (Cael.
400 3796 422 3861 1,
441 3798 466 3850 2.
486 3785 588 3850 269⁸'2
599 3795 652 3866 sq.)
672 3795 887 3866 diligentissime
905 3794 1075 3850 disseruerit.
1094 3794 1137 3848 De
1149 3793 1203 3848 hoo

98 3891 272 3960 pronominis
291 3909 341 3946 usn
361 3892 457 3946 videas
476 3892 549 3946 Plat.
568 3892 672 3946 Phaed.
691 3894 725 3946 69
746 3893 766 3946 C
785 3891 881 3961 ibique
891 3891 1055 3947 Stallbaum.
1075 3890 1201 3960 Xenoph.

100 3990 189 4044 Anab.
209 3989 231 4057 l,
251 3991 277 4056 5,
296 3991 313 4044 8
331 3988 427 4058 ibique
445 3989 571 4060 Kriiger3
592 3988 717 4044 Mathiae
737 3990 783 4044 Gr.
804 3989 851 4044 Gr.
870 3989 886 4058 ἓ
905 3991 968 4056 470,
985 3989 1016 4056 4;
1047 3991 1202 4057 praeterea,

100 4105 171 4155 quae
189 4086 244 4155 ipsi
263 4090 346 4140 antea
364 4103 390 4155 p.
412 4089 461 4139 lll
482 4086 517 4140 de
535 4103 586 4140 usu
605 4087 778 4155 pronominis
797 4088 886 4140 ἐκεῖνο
913 4085 1125 4155 disputavimus.
1162 4086 1202 4139 At

99 4184 177 4251 prior
196 4183 246 4238 illa
264 4183 415 4252 explicatio
433 4183 529 4253 inepta
547 4187 596 4238 est.
634 4183 746 4238 Etenim
766 4184 790 4238 si
809 4179 875 4249 αὕτη
895 4181 910 4249 ἡ
929 4185 1098 4254 κυκλοφορία
1115 4181 1201 4236 reler-

100 4285 145 4334 tur
163 4280 199 4334 ad
219 4284 327 4334 motum
345 4281 425 4334 illurn
444 4279 499 4334 fine
517 4284 668 4347 carentem,
688 4281 803 4336 eandem
824 4298 883 4334 rem
902 4279 1042 4350 siguificat
1057 4283 1143 4348 atque
1155 4275 1201 4332 ‘ro
