2850 4904
761 315 811 368 190

231 489 315 558 hanc
335 489 518 556 Aristotelis
539 489 734 554 oraticnem:
754 481 804 550 ‘oi
826 480 960 570 μὲνγὰρ
975 481 1012 550 tv
1026 485 1226 574 ποιήσαντες
1242 521 1287 530 -
1302 519 1337 532 ·-

233 593 255 684 ἢ
274 601 341 664 τῶν
363 597 464 682 τριῶν
484 618 516 659 τι
541 584 690 681 penu,
712 603 800 660 recte
821 595 879 677 ait,
909 593 951 659 de
982 593 1071 659 hisce
1101 595 1144 659 ab
1165 593 1337 658 Aristotele

233 709 442 777 communiter
477 705 661 790 praedicari
704 706 792 770 illam
825 705 1044 788 generationis
1077 704 1222 770 formam.
1284 703 1336 768 Sin

232 826 340 886 autem
361 815 552 884 Aristoteles
582 813 648 878 illis
674 813 781 878 verbis
815 833 880 878 non
909 813 1071 896 quandam
1093 815 1235 898 priorum
1259 811 1336 896 phy-

233 928 372 994 sicorum
403 922 627 1000 differentiam,
671 921 730 987 scd
777 920 992 987 doctrinam
1030 921 1207 988 omnibns
1249 919 1336 1005 phy-

234 1035 327 1102 sicis
365 1051 596 1099 communem
631 1030 763 1096 atatim
800 1049 868 1116 per
898 1029 994 1097 dnae
1029 1033 1154 1116 ipsius
1187 1033 1335 1116 specics

234 1143 471 1228 explicatam
522 1139 699 1224 significari
741 1141 852 1223 voluit,
906 1140 1136 1225 propositionis
1186 1134 1239 1203 ‘ol
1282 1137 1337 1220 μὲν

233 1249 296 1337 γὰρ
329 1289 369 1299 -
393 1287 431 1300 -
464 1235 565 1314 τᾶλλα
596 1251 730 1333 γεννῶσι
767 1243 946 1334 πεκνότηιι
983 1249 1036 1315 καὶ
1068 1241 1238 1333 μανότητι’
1269 1271 1335 1316 sen-

234 1364 338 1429 tentia
368 1362 434 1428 iam
463 1380 527 1426 non
554 1359 636 1425 haec
667 1365 731 1425 est:
773 1358 924 1426 ‘omnes
958 1362 985 1426 ii
1020 1361 1173 1445 physici
1195 1361 1258 1442 —'‚
1281 1358 1335 1424 sed

235 1473 368 1539 haecce:
398 1463 531 1536 ‘alteri
555 1470 629 1550 (vel
661 1468 798 1552 aliqui)
834 1489 963 1536 eornm
992 1470 1248 1555 physicorum,
1283 1469 1334 1553 qni

235 1583 268 1648 id
289 1581 376 1665 qnod
404 1586 454 1646 est
476 1599 573 1645 unum
595 1585 720 1662 ponunt
742 1599 861 1664 corpus
886 1587 985 1663 atque
1011 1580 1140 1663 quidem
1165 1587 1221 1647 ant
1241 1601 1333 1646 unnm

237 1711 278 1758 ex
316 1689 482 1756 clementis
512 1695 569 1756 aut
600 1694 747 1754 naturam
781 1689 933 1768 mediam,
965 1711 1072 1756 rernm
1103 1691 1333 1757 multitudinem

237 1798 490 1866 condonantione
512 1803 545 1863 et
573 1797 789 1864 rarefaotionc
817 1790 1010 1882 gignunt'1).
1054 1801 1124 1866 Hac
1148 1801 1248 1884 igitur
1266 1821 1332 1885 pro

237 1909 396 1994 positione
420 1909 584 1990 quaeritur
605 1927 670 1989 qua
684 1909 811 1974 ratione
834 1908 867 1974 hi
889 1910 983 1974 alteri
997 1909 1125 1994 physici
1141 1910 1332 1976 definiantur.

238 2021 319 2088 Cum
340 2039 468 2088 omnes
490 2018 649 2104 physici
681 2019 828 2086 dicantur
856 2019 891 2085 id
920 2020 1007 2102 qnod
1031 2027 1080 2086 θεῖ
1105 2040 1204 2086 unum
1225 2038 1332 2102 corpus

237 2150 367 2217 ponere,
389 2129 430 2196 ab
452 2129 549 2196 huius
570 2134 680 2196 autem
702 2131 849 2213 corporis
871 2129 976 2195 forma
998 2131 1107 2196 statim
1127 2133 1160 2196 in
1173 2129 1250 2196 duas
1266 2147 1331 2212 spe·

237 2243 302 2307 cies
332 2238 525 2316 dividantur,
558 2240 604 2304 illi
636 2241 729 2305 alteri
751 2238 963 2323 physicorum
995 2241 1183 2306 necessario
1212 2237 1330 2323 quidem

239 2350 321 2415 tales
355 2353 438 2429 sunt,
471 2347 527 2430 qui
560 2348 593 2413 id
619 2349 707 2431 qnod
740 2355 789 2415 est
824 2355 857 2414 ct
878 2369 977 2414 unum
1012 2355 1045 2414 et
1067 2369 1184 2433 corpus
1207 2353 1330 2433 ponant3

240 2459 440 2524 necesssario
463 2458 560 2523 etiam
583 2458 616 2522 in
638 2459 814 2525 alterautra
835 2457 947 2524 horum
970 2461 1078 2542 spcoic
1108 2464 1183 2525 sunt
1204 2474 1331 2540 crgoquc

241 2568 337 2633 modo
359 2568 523 2633 diunctivo
549 2573 606 2634 aut
629 2567 654 2632 ii
678 2574 761 2650 sunt,
793 2570 848 2651 qui
881 2567 942 2634 hoc
975 2588 1073 2634 unum
1108 2589 1221 2653 corpus
1242 2584 1329 2632 unum

241 2696 282 2742 ex
303 2677 479 2760 elementis,
501 2682 557 2767 ant
579 2679 609 2756 ii,
632 2680 688 2760 qui
709 2679 744 2744 id
765 2685 912 2744 naturam
933 2678 1076 2746 mediam
1089 2684 1219 2762 ponant,
1241 2678 1329 2740 inccr-

241 2791 308 2852 tnm
330 2791 439 2852 autem
460 2792 519 2860 θεῖ,
541 2787 691 2867 ιιῖτίεἰεῖ.
734 2788 833 2871 Ergo,
854 2808 927 2853 cum
940 2787 982 2853 dc
1004 2787 1054 2853 his
1075 2788 1185 2872 alteris
1200 2783 1328 2871 physicis

241 2896 406 2980 generatio
429 2915 487 2980 per
507 2895 792 2962 condennationem
815 2902 847 2963 ct
868 2897 1115 2962 rarefactionem
1130 2895 1328 2980 praedicetur,
1402 2911 1403 2938 i

242 3010 401 3088 quatenus
423 3006 506 3072 tales
530 3011 612 3087 sunt,
637 3003 749 3088 quiid
771 3004 858 3086 quod
881 3010 931 3070 θεῖ
952 3011 989 3071 et
1011 3024 1124 3071 unum
1147 3012 1185 3072 θῖ
1206 3019 1327 3087 corpus

243 3119 373 3198 ponant,
398 3113 511 3180 dehis
535 3120 686 3179 stonum
709 3119 878 3198 etcorpus
912 3115 1105 3198 ponentibus
1138 3111 1328 3181 communiter
1402 3173 1403 3182 ἶ

244 3223 301 3288 illa
321 3222 543 3307 generationis
565 3223 669 3290 forma
691 3222 909 3307 praedicatum
942 3230 1099 3306 qnatenus
1123 3230 1228 3290 autem
1247 3217 1327 3285 modo
1402 3201 1403 3266 Ϊ

243 3331 440 3398 disiunctivo
471 3339 527 3398 aut
562 3333 586 3396 ii
608 3332 757 3399 dicuntur
782 3353 863 3412 csse,
895 3334 951 3416 qui
982 3333 1015 3398 id
1047 3333 1135 3416 quod
1160 3340 1208 3400 cst
1233 3347 1326 3397 unum

245 3461 382 3526 corpus
405 3442 551 3525 hocque
574 3462 686 3508 nnnm
708 3463 755 3509 ex
778 3444 990 3522 elementia,
1014 3449 1071 3509 aut
1096 3443 1131 3526 ii,
1155 3444 1210 3527 qui
1233 3455 1326 3506 nnnm

245 3570 383 3636 corpus
416 3550 563 3634 hocque
596 3558 772 3619 naturam
795 3551 988 3635 quandam
1021 3551 1183 3619 mediam
1214 3551 1326 3635 ponant,

244 3661 300 3726 illa
311 3663 525 3745 generationis
548 3661 650 3728 forma
672 3681 732 3727 neo
753 3659 794 3726 de
817 3662 880 3727 illis
902 3681 963 3728 nec
985 3661 1026 3728 de
1042 3660 1131 3727 hisce
1144 3659 1327 3745 praedicatur

243 3769 404 3854 “κοινῶς’,
439 3770 497 3838 sed
520 3769 561 3837 dc
585 3771 749 3853 ambobus,
782 3775 818 3835 ut
839 3769 900 3836 hoc
924 3769 1082 3837 vocabulo
1106 3778 1179 3836 utar
1201 3769 1244 3834 illi
1266 3784 1327 3830 con-

244 3881 352 3963 trario,
383 3878 591 3964 praedicatur
622 3877 896 3962 ιὄιεζευγμένως’;
930 3878 1139 3963 praedicatur
1175 3880 1254 3944 enim
1283 3875 1327 3936 aut

246 3987 379 4055 dennis
402 3994 458 4054 aut
480 3987 521 4054 dc
542 3990 661 4067 alteris,
685 3989 841 4055 incertum
864 3995 972 4054 antem
994 3995 1054 4072 est,
1086 3988 1127 4055 de
1155 3989 1231 4053 utris
1252 3999 1326 4068 prae·

349 4235 372 4298 l)
392 4233 433 4287 Cf.
453 4250 538 4302 supra
555 4250 583 4301 p.
607 4235 665 4301 188,
683 4237 741 4288 not.
760 4236 786 4287 2.
