2864 4904
587 367 638 420 107

63 541 158 606 tertio
180 537 212 603 ul
228 533 319 620 παρὰ
343 535 384 603 τὰ
398 543 553 620 στοιχεῖα,
577 539 664 624 quod
678 539 831 607 videlieet
846 539 988 608 medium
1000 547 1086 608 esset
1099 541 1166 608 rive

63 647 146 716 iuter
170 668 276 716 aerem
301 655 333 716 et
355 669 473 733 aquam
494 649 563 716 sive
589 649 673 716 inter
693 669 801 716 aerem
827 655 859 716 et
883 649 1001 734 ignem,
1023 650 1166 716 omnium

64 779 167 824 rerum
190 760 358 826 materiam
380 760 537 844 posuisse.
575 760 747 828 Praeterea
769 759 854 828 hune
874 759 1062 844 Simplicius
1086 779 1164 842 quo-

63 889 125 951 que
147 874 283 936 testatur
303 863 342 932 τὸ
365 862 458 951 παρὰ
484 861 524 932 τὰ
546 867 942 950 στοιχεῖαΑηακίωαηᾱτο
965 867 1164 951 nituisse).

160 978 229 1044 Iam
262 999 339 1046 vero
372 980 401 1046 si
435 979 509 1046 illos
545 985 611 1046 tres
642 977 821 1046 Alexandri
857 980 945 1046 locos
981 977 1165 1045 considera·
1216 1043 1222 1060 ,

64 1108 142 1172 mus,
163 1087 248 1156 duae
275 1107 316 1156 ex
344 1087 387 1156 iis
410 1095 588 1172 sequuntur
616 1081 678 1173 res,
710 1107 793 1172 quae
825 1087 868 1156 ad
896 1095 1038 1156 nostram
1067 1108 1165 1170 quae·

64 1199 198 1266 ationem
220 1197 354 1266 maximi
377 1204 452 1265 sunt
474 1200 636 1280 momenti.
681 1197 826 1266 Primum
856 1199 943 1266 euim
965 1219 1007 1265 ex
1038 1197 1081 1264 iis
1109 1219 1164 1282 ap-

64 1313 163 1392 paret,
184 1307 405 1376 Alexandrum
428 1315 576 1376 naturam
598 1309 687 1376 illam
709 1308 850 1376 mediam
871 1307 1061 1392 intellegere
1082 1307 1166 1376 uni·
1190 1353 1193 1360 -
1268 1333 1271 1340 ·

64 1437 223 1499 versam,
256 1423 293 1484 et
314 1419 551 1502 universam,
582 1439 655 1485 non
690 1421 838 1487 tantum
873 1419 1047 1502 aliquam
1079 1419 1165 1484 eius

65 1530 238 1611 speciem,
265 1527 316 1595 ad
336 1528 670 1595 Anaximandrum
697 1528 857 1596 referre.
900 1529 1048 1612 Namque
1060 1528 1165 1612 primo

65 1637 172 1704 statim
199 1639 270 1704 loeo
304 1658 376 1706 cum
398 1637 675 1707 Anaximandrum
703 1637 792 1705 dieat
828 1631 918 1727 *τὴν
951 1631 1072 1720 preroga)
1105 1630 1165 1722 pd-

66 1747 125 1810 σινι
158 1767 287 1830 ponere,
325 1748 396 1832 ipso
428 1746 554 1814 definiti
583 1749 712 1816 articuli
746 1769 806 1816 usu
842 1747 923 1814 satis
963 1747 1095 1830 indicat,
1129 1767 1165 1814 se

66 1862 209 1922 naturam
237 1857 328 1924 illam
355 1857 494 1924 mediam
516 1857 710 1939 universam,
733 1876 852 1939 omnes,
881 1876 965 1940 quae
987 1857 1070 1923 forte
1092 1855 1164 1923 elus

66 1983 135 2032 esse
155 1966 291 2050 possint,
310 1965 438 2049 speeies
461 1967 495 2032 in
511 1979 589 2034 'sese
602 1966 815 2050 cohibentem,
843 1965 898 2033 uni
921 1965 1163 2034 Anaximandro

67 2075 214 2142 tribuere.
259 2075 354 2155 Quod
375 2084 481 2142 autem
505 2095 545 2142 ex
569 2077 638 2144 solo
661 2077 722 2142 hoo
743 2077 813 2142 loeo
834 2075 988 2159 sequitur,
1011 2076 1046 2142 id
1067 2076 1163 2143 tertio

67 2185 134 2252 loco
154 2187 262 2252 verbis
285 2185 383 2252 etiam
406 2186 561 2266 enuntiat,
584 2186 746 2270 siquidem
769 2185 830 2254 hoc
853 2185 934 2269 loeo,
956 2205 1020 2268 quo
1042 2186 1165 2270 pariter

68 2291 124 2376 aja
144 2289 264 2377 μεταξὺ
286 2287 395 2379 φύσιν,
420 2295 454 2363 id
476 2301 537 2376 cst,
559 2302 707 2362 naturam
730 2295 870 2363 mediam
894 2295 1047 2362 universe
1070 2295 1163 2361 intel·

67 2405 189 2483 lectam,
212 2404 455 2472 Anaximandro
475 2404 599 2488 tribuit,
623 2405 716 2472 addit
737 2407 844 2490 etiam,
867 2404 950 2471 hano
973 2404 1015 2470 ab
1043 2403 1163 2470 Arraxi-

69 2513 197 2582 mandro
218 2516 359 2598 positam
379 2523 529 2584 naturam
551 2515 693 2584 mediam
715 2514 838 2599 pariter
859 2520 891 2582 et
905 2515 989 2583 inter
1003 2533 1110 2582 aerem
1133 2520 1165 2582 et

69 2621 170 2705 ignem
192 2630 225 2691 et
245 2627 329 2692 inter
346 2645 454 2692 aerem
475 2632 508 2692 et
529 2645 648 2709 aquam
669 2624 809 2693 mediam
831 2625 907 2692 dici.
950 2625 1057 2708 Atque
1078 2623 1163 2704 inde,

69 2733 152 2814 quod
172 2735 335 2818 cognitum
358 2732 465 2814 habet,
498 2733 735 2802 Anaximandri
762 2734 958 2822 principium
989 2735 1165 2819 peniteret

70 2831 148 2908 inter
168 2863 278 2910 aerem
309 2850 343 2912 et
370 2845 477 2928 ignem
500 2852 533 2910 et
561 2831 646 2912 inter
676 2864 782 2912 aerem
816 2850 849 2910 et
882 2863 999 2927 aquam
1021 2842 1163 2910 medium

70 2950 131 3017 diei
154 2951 297 3036 haecque
320 2952 384 3020 duo
399 2953 508 3020 media
531 2974 565 3022 re
587 2955 717 3020 omnino
739 2975 803 3021 non
819 2952 961 3037 differre,
983 2952 1165 3035 explicatur

70 3063 170 3146 etiam,
198 3063 310 3146 quiin
334 3063 551 3148 explicatione
574 3063 741 3130 cuiusdam
763 3062 1058 3150 Metaphysioorum
1090 3061 1164 3142 loci,

70 3189 129 3251 qno
151 3171 341 3238 Aristoteles
364 3173 532 3240 medium
559 3172 664 3240 iuter
692 3192 817 3242 aerem
840 3177 879 3240 et
899 3190 1047 3256 aquam,
1077 3167 1165 3254 quod

71 3280 245 3364 aquodam
272 3281 467 3367 principium
495 3290 642 3367 ponatur,
676 3289 841 3364 memorat,
876 3300 936 3365 pro
962 3279 1019 3346 illo
1042 3276 1163 3346 Aristo·

71 3390 139 3456 telis
176 3390 282 3458 medio
317 3390 425 3458 dicere
463 3392 604 3475 potuerit
637 3391 800 3459 medium
839 3392 942 3457 inter
972 3409 1101 3458 aerem
1132 3393 1165 3453 et

72 3497 234 3583 igneml).
257 3499 384 3568 Deinde
396 3519 437 3567 ex
449 3501 566 3569 iisdem
577 3503 660 3568 locis
671 3507 818 3586 apparet,
840 3498 1061 3566 Alexandrum
1082 3518 1164 3582 eam,

167 3693 193 3764 1)
211 3694 335 3764 Simplia
354 3694 436 3764 Phys.
456 3697 491 3750 32
508 3715 535 3766 a,
553 3714 580 3765 p.
593 3714 630 3750 m.
649 3698 711 3766 ,cal
729 3694 813 3767 ὁμὲν
822 3686 871 3750 οὖν
887 3687 1164 3762 ἈλέξανδροςἈνα-

72 3789 216 3861 ξίμανδρον
238 3796 320 3846 olam
338 3789 388 3857 τὴν
406 3783 489 3857 ἄλλην
506 3788 566 3847 τινὰ
584 3785 670 3863 φύσιν
690 3785 818 3862 σώματος
837 3787 911 3860 παρὰ
928 3785 1097 3860 τὰστοιχεῖα
1114 3784 1164 3854 τὴν

72 3877 154 3954 ἀρχὴν
171 3881 376 3956 incorporent
793 3869 796 3876 ”

164 3979 194 4052 2)
212 3980 382 4050 Alexander,
404 3980 528 4050 Metaph.
551 4000 580 4051 p.
602 3982 645 4045 50,
666 3984 709 4048 15,
733 3982 764 4038 in
787 3981 973 4052 explicatione
995 3981 1081 4036 Arist.
1105 3980 1163 4036 Me·

73 4076 142 4146 tepla
162 4077 184 4146 1,
203 4079 229 4133 8.
247 4077 320 4130 989⁵
339 4077 381 4146 14,
399 4077 448 4131 ubi
467 4076 644 4146 Aristoteles,
664 4081 814 4147 postquam
834 4093 894 4150 eos,¹
909 4075 958 4146 qui
970 4093 1058 4133 uuum
1077 4076 1162 4146 quod·

74 4171 130 4228 dnm
148 4191 249 4245 corpus
266 4174 392 4236 omnium
406 4174 577 4244 principium
595 4179 740 4244 ponerent,
759 4174 904 4244 refutavit,
920 4173 995 4232 hisee
1014 4191 1077 4230 euru
1096 4190 1163 4243 quo·

75 4285 123 4337 que
141 4270 313 4342 adnumerat,
332 4270 428 4340 quiid
446 4287 534 4326 unum
552 4289 652 4341 eorpus
675 4289 733 4328 esse
751 4271 821 4329 velit
835 4267 947 4340 ’ἀέρος
966 4270 1030 4342 μὲν
1048 4266 1164 4326 πυκνό-
