2860 4906
602 384 655 436 253
761 391 768 401 ”

52 554 259 626 Aristoteles
282 559 352 640 ipse
381 574 488 622 aerem
519 556 598 620 velit
619 553 760 619 oalidum
782 573 853 620 esse
887 553 983 636 eique
1015 575 1080 620 non
1111 555 1176 624 nisi

52 669 122 734 hoo
158 671 232 734 looo
256 662 468 750 frigiditatem
489 666 616 749 tribuat,
643 666 704 733 hoo
731 669 802 734 looo
825 667 986 752 putandus
1011 668 1073 734 erit
1093 669 1177 736 Aua-

53 778 233 845 ximandri
257 777 442 860 opinionem
464 777 586 842 referre
609 777 641 841 in
663 777 735 860 ipso
759 778 827 842 eius
851 778 933 844 libro
957 777 1129 846 inventam.

170 887 271 953 Porro
294 905 336 952 ex
357 887 408 964 iis,
431 905 517 967 quae
540 883 581 951 de
604 891 720 952 natura
740 885 837 969 ignea
860 892 892 951 et
919 886 960 952 de
987 896 1102 954 natura
1125 887 1179 954 hu-

55 997 159 1062 mida
181 996 430 1080 disputavimus,
455 996 611 1078 sequitur,
633 1001 668 1060 ut
691 995 931 1062 Anaximander
952 1001 1098 1062 naturam
1124 996 1180 1062 hu-

56 1107 189 1172 midam
213 1107 362 1171 statuerit
389 1106 553 1170 omnium
582 1125 707 1170 rerum
736 1107 936 1172 materiam
964 1127 1045 1189 esse,
1075 1109 1180 1190 ipsam

58 1216 202 1298 quidem
225 1235 265 1282 ex
288 1215 418 1280 infinito
439 1214 599 1299 prinoipio
616 1222 728 1298 ortam,
751 1223 898 1281 naturam
921 1218 1050 1299 igneam
1072 1225 1180 1282 autem

60 1481 152 1534 otiam
179 1497 253 1548 aqua
281 1483 310 1533 et
337 1483 423 1546 terra,
450 1483 549 1548 utpote
574 1497 588 1533 e
612 1484 715 1534 natura
738 1479 854 1533 humida
881 1483 953 1547 orta,
983 1479 1087 1550 frigida
1116 1480 1181 1548 sint,

60 1593 164 1630 aerem
194 1577 285 1630 solum
313 1575 449 1646 frigidum
476 1577 590 1630 dixerit.
637 1575 786 1632 Praeterea
820 1576 1099 1630 animadvertendum
1128 1581 1178 1637 sat,

61 1680 177 1728 terram
196 1674 295 1728 inille
314 1673 476 1727 Aristotelis
502 1674 712 1728 enumeratione
736 1673 839 1728 omitti.
879 1673 939 1726 Iam
959 1673 1033 1741 quod
1053 1673 1089 1727 ad
1108 1673 1181 1727 hano

61 1772 256 1840 posteriorem
279 1788 340 1824 rem
368 1771 478 1837 attinet,
507 1769 665 1840 Simplicius
691 1770 772 1838 Phys.
792 1788 819 1839 p.
839 1772 883 1838 32,
908 1770 936 1838 b,
963 1788 991 1840 p.
1010 1787 1079 1839 sup,
1105 1775 1180 1839 post·

63 1885 155 1938 quam
174 1868 258 1935 dixit,
282 1867 488 1922 Anaximandri
517 1868 657 1922 sententia
683 1885 716 1921 ex
744 1866 855 1921 infinito
874 1867 1014 1936 principio
1036 1867 1180 1920 contraria

62 1966 121 2034 ipsi
143 1965 232 2019 insita
250 1964 367 2032 secerni,
388 1963 441 2018 ait:
468 1959 668 2030 „rationalia
692 1964 726 2018 δέ
749 1968 802 2016 εἰσι
826 1960 936 2034 θερμὸν
962 1957 1081 2031 ψυχρόν,
1100 1959 1182 2034 ζηρὸν
1289 1973 1290 1976 ’

64 2056 165 2131 ὑγρόν,
184 2063 231 2112 καὶ
251 2063 280 2112 oi
296 2054 401 2114 sillae.“
431 2059 605 2129 Quamquam
625 2079 639 2114 e
662 2059 799 2130 Simplicii
819 2060 921 2128 verbis,
941 2064 972 2113 ut
990 2063 1066 2114 reete
1086 2063 1182 2112 monet

64 2157 207 2222 Zellerus,
226 2174 283 2210 non
303 2160 397 2226 potest
416 2156 555 2214 oonoludi.
580 2155 649 2210 haee
668 2157 810 2211 contraria
832 2157 867 2210 ab
887 2174 918 2210 eo
938 2157 992 2225 ipsi
1012 2157 1182 2211 Anaximan-

67 2253 121 2308 dro
141 2253 243 2320 tribui,
262 2257 365 2320 tamen,
384 2253 407 2306 si
426 2257 596 2322 reputamus,
618 2253 837 2307 haeooontraria
856 2253 891 2306 ab
911 2270 942 2306 eo
962 2254 997 2308 ad
1010 2254 1181 2308 Anaximan-

68 2351 114 2404 dri
145 2349 343 2404 illustrandam
370 2349 537 2404 sententiam
556 2349 715 2413 memorari,
743 2349 822 2417 sique
841 2367 872 2403 ea
891 2367 953 2404 eum
972 2351 1033 2419 ipso
1052 2351 1101 2404 illo
1118 2350 1181 2404 Ari·

67 2447 183 2501 stotelis
203 2447 265 2500 loeo
285 2463 487 2516 comparamus,
506 2446 577 2500 nihil
598 2446 724 2515 impedit,
748 2446 896 2515 quominus
922 2465 955 2501 ea
978 2447 1123 2502 credamus
1145 2447 1181 2501 ab

68 2544 132 2612 ipso
147 2543 361 2597 Anaximandro
382 2543 475 2612 posita
495 2560 561 2597 esse.
593 2541 674 2610 Quod
694 2543 718 2596 si
729 2542 870 2604 sumimus,
889 2539 919 2596 τὸ
931 2540 1012 2613 ξηρὸν
1024 2543 1083 2597 sine
1096 2543 1182 2598 dubio

68 2642 106 2696 ad
115 2646 250 2696 terram
259 2640 391 2710 pertinet.
404 2639 458 2694 Sed
467 2640 501 2694 ad
511 2640 589 2695 illam
598 2639 721 2710 priorem
731 2640 922 2708 quaestionem
933 2639 1001 2708 quid
1016 2639 1182 2708 responden·

70 2736 140 2790 dum
153 2733 217 2790 est?
229 2735 407 2802 Aristoteles,
417 2735 469 2790 etsi
480 2735 697 2804 unumquodque
709 2736 877 2790 elementum
887 2734 996 2790 duabus
1007 2733 1106 2789 definit
1115 2751 1181 2806 qua·

69 2832 216 2900 litatibus,
229 2832 365 2886 tamenin
378 2832 573 2886 constituenda
586 2832 803 2900 uniuscuiusque
814 2831 944 2886 elementi
964 2829 1055 2887 forma
1064 2832 1180 2888 alteram

70 2931 245 2998 qualitatem
266 2929 308 2983 ait
319 2928 458 2998 potiorem
480 2947 546 2982 esse.
566 2929 595 2982 in
616 2934 692 2982 terra
711 2929 866 2983 siceitatem
887 2925 928 2997 (τὸ
941 2923 1045 3001 ξηρόν),
1063 2928 1091 2981 in
1111 2945 1183 2998 aqua

70 3028 270 3098 frigidatatem
290 3023 331 3090 (τὸ
351 3021 482 3096 ψυχρόν),
500 3026 530 3079 in
541 3043 605 3080 aere
616 3026 814 3080 humiditatem
833 3025 878 3080 vel
889 3025 983 3094 potius
994 3025 1183 3094 liquiditatem

71 3122 113 3192 (τὸ
138 3119 249 3194 ὑγρόν),
277 3123 307 3176 in
337 3124 403 3192 igne
431 3123 551 3177 calorem
580 3119 622 3191 (τὸ
646 3116 776 3193 θερμόν).
823 3122 885 3177 Vid.
913 3122 980 3177 Gen.
1005 3121 1082 3176 Corr.
1100 3122 1134 3184 11,
1158 3122 1183 3174 3.

74 3221 148 3275 331⁵
163 3224 188 3274 3.
209 3220 325 3274 Duobus
343 3220 405 3273 aliis
419 3219 495 3288 loeis,
509 3219 626 3274 Meteor.
642 3218 688 3284 lV,
703 3221 728 3273 4.
747 3221 819 3272 382³
833 3223 849 3273 3
863 3223 891 3273 et
904 3221 928 3272 ὅ.
948 3217 1020 3273 382¹)
1034 3221 1059 3287 3,
1078 3236 1184 3287 aquae

75 3319 202 3372 maxime
215 3318 359 3386 propriam
380 3335 437 3372 esse
458 3317 499 3372 ait
512 3317 709 3372 humiditatem
725 3315 764 3381 tui
776 3312 878 3388 ὑγρόν),
897 3335 948 3372 neo
966 3335 1032 3372 vero
1052 3334 1184 3386 unquam,

74 3419 214 3484 quantum
237 3415 422 3482 meminerim,
440 3414 498 3470 aeri
518 3415 621 3469 tribuit
638 3413 833 3485 frigiditatem.
872 3413 945 3482 Quid
958 3414 1054 3485 igitur,
1074 3414 1096 3468 si
1109 3417 1183 3468 Ana·

75 3512 260 3568 ximandrum
279 3529 419 3566 sumamus
442 3511 528 3566 simili
547 3511 667 3582 quadam
687 3511 796 3566 ratione
820 3529 920 3580 aerem,
942 3529 1053 3580 aquam,
1071 3513 1183 3580 terram,

76 3610 185 3680 quippe
204 3609 311 3678 pariter
330 3627 344 3663 e
363 3609 455 3678 prima
468 3613 570 3663 natura
588 3607 692 3679 frigida
707 3613 778 3671 orta,
796 3608 905 3677 pariter
922 3607 1055 3678 frigida
1072 3608 1184 3678 dixisse,

77 3705 255 3761 differentias
274 3711 366 3761 autem
391 3722 487 3760 sorum
504 3705 547 3760 ita
566 3705 741 3773 indicavisse,
762 3710 794 3760 ut
815 3723 906 3760 aorem
932 3705 1011 3774 quasi
1029 3721 1079 3776 per
1098 3705 1183 3760 excel·

76 3803 197 3858 lentiam
216 3802 230 3856 l
235 3803 402 3873 rigidum,
420 3819 522 3871 aquam
543 3807 637 3856 autem
657 3802 800 3856 humidam
819 3806 925 3856 terram
944 3800 1062 3871 donique
1082 3802 1184 3857 siooam

77 3899 206 3955 dixerit?
238 3898 349 3969 Siquis
375 3899 449 3954 forte
468 3900 612 3968 obiecerit,
637 3899 880 3954 Anaximandrum
906 3899 1031 3954 nondum
1050 3904 1185 3968 quattuor

77 3997 126 4052 illa
156 3997 296 4052 elementa
325 3997 495 4066 distinxisse,
522 3997 690 4067 respondeo,
717 4014 779 4052 eum
801 4001 916 4064 terram,
944 4014 1053 4066 aquam,
1082 4013 1183 4066 aerem,
1220 3987 1221 3990 ¹

79 4094 176 4164 ignem
187 4094 310 4148 nondum
326 4094 451 4163 posuisse
470 4095 652 4162 elementa,
670 4110 768 4148 verum
786 4097 861 4148 eante
872 4093 1031 4148 distinxisse
1049 4092 1099 4146 has
1111 4092 1185 4161 ipsas

81 4195 219 4258 quattuor
240 4195 365 4258 naturas,
384 4207 536 4258 earumque
554 4193 611 4244 tres
621 4190 729 4259 priores
748 4207 763 4242 e
782 4189 889 4244 duobus
908 4189 965 4244 suis
984 4189 1135 4250 elementis,
1154 4189 1185 4244 id

78 4292 128 4355 est,
150 4286 291 4342 effioisnte
310 4292 411 4341 natura
429 4288 511 4357 ignea
531 4291 664 4341 enatura
684 4287 798 4341 humida
820 4287 1004 4356 generavisse.
