2860 4906
256 551 289 609 et
309 545 473 630 eorruptio
498 546 603 627 possit
624 545 817 629 simpiterna
839 565 912 612 esse
922 545 960 627 1);
985 565 1081 628 quam
1103 546 1266 610 rationem
1283 548 1357 608 Aua-

255 652 417 718 ximandri
439 674 522 736 esse,
545 674 645 737 supra
659 654 903 734 ostendimus2).
939 656 1034 720 Brevi
1054 662 1160 721 autem
1179 652 1358 738 posthum

256 763 414 828 rationem
435 765 597 846 refellens,
620 765 676 840 ait,
700 765 743 830 ad
770 764 975 831 alliciendam
1002 767 1226 848 generationis
1249 764 1357 846 sempi-

256 871 439 938 ternitatem
462 895 525 939 uon
549 894 630 957 opus
645 894 732 940 esse
760 895 880 957 ponere
904 873 1065 961 (ἐνεργείᾳ
1084 864 1228 956 ἄπειρον
1255 875 1357 956 σῶμα

255 972 514 1065 αἰσθητόνἸ).
559 983 644 1067 Ergo
672 983 864 1050 Aristoteles
897 983 1131 1050 Anaximandri
1169 983 1356 1067 principium

256 1097 349 1174 putat
369 1112 443 1158 esse
463 1095 560 1174 σῶμα
578 1087 751 1179 aiuttpcdv,
780 1094 814 1159 id
836 1101 894 1176 est,
927 1095 1139 1160 substantiam
1174 1114 1357 1178 corpoream

257 1221 318 1267 sua
339 1201 480 1284 quodam
497 1223 601 1286 eaque
624 1203 755 1286 quidem
775 1203 887 1270 sensili
910 1206 1064 1286 qualitate
1087 1203 1281 1288 praeditam.

355 1311 500 1377 Alterum
532 1320 756 1396 argumentum
789 1320 839 1378 est
873 1312 979 1379 hoeee.
1026 1313 1216 1380 Aristoteles
1246 1314 1356 1378 Anam-

257 1419 382 1485 mandri
415 1420 607 1505 prineipium
640 1423 830 1505 plerumque
858 1403 911 1486 ¹ita
945 1421 1115 1505 signifieat,
1148 1429 1185 1487 nt
1216 1422 1305 1488 dieat
1330 1420 1356 1484 zi

258 1524 348 1611 παρὰ
380 1523 421 1592 τὰ
453 1533 601 1610 στοιχεῖα
632 1537 664 1597 et
698 1529 730 1594 ai
764 1524 887 1612 μεταξύ
918 1529 1012 1594 δυοῖν
1046 1528 1234 1615 στοιχείων,
1268 1538 1356 1614 atque

259 1638 389 1722 quidem
411 1646 468 1706 aut
490 1641 677 1724 singillatim
704 1648 772 1707 tum
793 1635 914 1723 μεταξύ
947 1640 1032 1707 inter
1054 1661 1165 1708 aerem
1198 1648 1232 1708 et
1255 1641 1355 1724 ignem

258 1751 310 1815 vel
333 1752 415 1815 inter
443 1769 551 1816 aerem
579 1758 612 1816 et
638 1770 767 1834 aquam,
799 1759 857 1818 aut
889 1749 984 1817 modo
1014 1751 1210 1817 disionetivo
1243 1745 1355 1833 μεταξὺ

258 1859 328 1924 sive
351 1861 433 1924 inter
453 1879 563 1927 aerem
584 1866 617 1925 et
639 1861 746 1943 ignem
771 1859 841 1928 sive
866 1861 948 1926 inter
965 1880 1073 1926 aerem
1095 1867 1128 1926 et
1141 1879 1272 1943 aquam.
1293 1862 1355 1926 lam

258 1989 335 2036 vero
357 1969 550 2036 vocabulum
581 1966 620 2031 mi
642 1971 734 2051 παρὰ
766 1971 806 2033 τὰ
827 1974 974 2050 στοιχεῖα
1007 1969 1299 2036 demonstravimus
1327 1975 1356 2034 et

258 2080 398 2145 naturali
432 2099 491 2145 sna
521 2079 754 2163 significatione
787 2088 819 2146 et
851 2079 939 2163 apud
966 2079 1176 2145 Aristotelem
1208 2097 1268 2145 usn
1299 2099 1355 2143 non

259 2188 443 2273 significare
475 2209 572 2272 posse
611 2191 780 2255 materiam
814 2189 910 2255 nullis
943 2187 1155 2272 qualitatibus
1187 2188 1355 2268 definitam,

259 2301 378 2382 quippe
401 2316 484 2379 quae
507 2319 570 2364 nou
593 2305 679 2365 esset
701 2298 828 2381 aliquid
850 2293 953 2380 παρὰ
975 2292 1021 2362 τὰ
1042 2301 1232 2380 στοιχεῖα,
1252 2315 1353 2362 vemm

260 2408 298 2472 in
321 2406 522 2474 elementis
549 2415 636 2474 esset
664 2415 700 2474 ut
720 2409 823 2474 altera
853 2427 964 2473 eorum
985 2427 1072 2490 pars,
1097 2406 1157 2473 sed
1179 2405 1355 2491 signifieare

258 2518 361 2584 solum
382 2535 478 2598 posse
511 2536 578 2582 rem
612 2523 741 2601 praeter
773 2518 932 2583 elementa
960 2536 1019 2600 per
1050 2536 1086 2581 se
1115 2523 1314 2582 eonstautem
1322 2513 1354 2593 ⁴).

258 2626 344 2710 Ergo
365 2626 553 2692 Aristoteles
587 2625 648 2691 hoo
682 2628 753 2708 ipso
776 2626 934 2691 voeabulo
967 2623 1139 2709 signifieat,
1174 2645 1211 2691 se
1240 2621 1352 2690 Anaxi·
1413 2619 1414 2707 l

257 2734 385 2801 mandri
417 2736 608 2819 principium
642 2734 858 2800 substantiam
896 2740 1008 2818 putare
1043 2741 1173 2818 praeter
1206 2734 1354 2800 elementa

258 2865 315 2929 per
336 2865 371 2910 se
394 2850 595 2911 constantem
616 2844 753 2926 ideoque
776 2845 897 2928 pariter
911 2849 1009 2926 atque
1032 2844 1106 2928 ipsa
1127 2845 1286 2910 elementa
1300 2861 1353 2907 sua

260 2954 399 3037 quadam
421 2955 577 3036 qualitate
600 2961 750 3019 utentem.
794 2953 831 3018 ln
854 2973 920 3036 qua
941 2973 975 3018 re
998 2972 1039 3018 ex
1062 2973 1122 3019 usu
1148 2953 1273 3020 videtur
1294 2971 1351 3015 mo·
1412 2968 1413 2989 Ι

258 3084 344 3146 nere,
367 3083 422 3130 eos
443 3083 581 3146 quoque,
604 3065 658 3145 qui
670 3062 904 3129 Anaximandri
926 3061 1117 3146 principium
1140 3062 1246 3128 velint
1262 3066 1353 3125 mate-

258 3175 338 3238 riam
360 3193 444 3254 esse,
468 3172 660 3239 vocabulum
688 3168 727 3236 τὸ
749 3167 840 3253 παρὰ
872 3169 1085 3250 τὰστοιχεῖα
1118 3179 1152 3237 et
1181 3169 1266 3255 apud
1287 3166 1352 3232 Ari·
1411 3183 1412 3271 p

258 3284 406 3349 stotelem
428 3289 461 3348 et
482 3282 569 3367 apud
585 3280 845 3366 Theophrastum
864 3280 907 3347 ad
922 3279 1156 3346 Anaximandri
1171 3279 1351 3364 principium

258 3391 387 3458 referre.
443 3388 538 3469 Quod
570 3397 679 3456 autem
711 3389 754 3456 ad
784 3391 975 3456 vocabulum
1012 3383 1051 3453 τὸ
1083 3389 1206 3470 μεταξὺ
1238 3388 1351 3466 attinet,

258 3501 447 3568 Aristoteles
470 3500 655 3584 opinionem
670 3519 789 3584 eorum,
812 3502 867 3582 qui
881 3519 986 3564 rerum
1002 3498 1195 3583 principium
1216 3506 1349 3566 naturam

259 3619 381 3697 ponant
408 3614 491 3678 iuter
520 3601 598 3676 duo'
611 3611 769 3676 elementa
791 3608 938 3691 mediam,
967 3629 1005 3674 eo
1037 3607 1165 3687 refellit,
1199 3607 1282 3692 quod
1301 3605 1349 3671 de·

260 3727 425 3804 monstrat,
453 3720 537 3786 hane
568 3725 717 3784 naturam
741 3718 926 3784 necessario
961 3739 1032 3785 esse
1066 3727 1123 3786 aut
1144 3718 1275 3786 duorum
1295 3718 1349 3782 ele

259 3838 438 3897 mentorum
460 3830 645 3897 mixtionem
668 3835 725 3896 aut
742 3830 911 3895 materiam
933 3831 1060 3914 utrique
1084 3831 1269 3906 subiectam,
1297 3845 1347 3892 nee

361 3982 388 4054 1)
406 3982 487 4051 Phys.
506 3981 557 4052 ΙΙΙ,
575 3983 601 4037 4.
624 3981 698 4036 2032
714 3983 755 4036 18.
772 3981 836 4036 Vid.
856 3983 949 4037 looum
967 3999 1052 4052 supra
1068 3999 1097 4052 p.
1116 3983 1160 4052 28,
1180 3987 1236 4038 not.
1254 3981 1278 4036 2.

359 4078 389 4150 2)
407 4077 497 4149 Supra
514 4096 542 4148 p.
563 4079 606 4147 22,
624 4083 683 4134 not.
703 4083 716 4132 l
737 4083 766 4134 et
784 4079 819 4132 23
836 4083 894 4134 not.
915 4081 938 4133 1.

359 4176 388 4247 8)
407 4175 471 4231 Vid.
489 4193 574 4246 snpra
592 4194 619 4247 p.
639 4178 683 4246 23,
701 4175 726 4230 2.
1407 4197 1408 4202 “

359 4275 388 4344 4)
405 4273 468 4329 Vid.
488 4291 573 4343 supra
591 4292 619 4344 p.
640 4275 675 4328 74
693 4292 733 4344 sq.
751 4274 901 4344 praecipue
918 4293 946 4345 p.
969 4276 1019 4330 182
1039 4292 1079 4344 sq.
