<?xml version="1.0" encoding="UTF-8"?>
<!DOCTYPE html PUBLIC "-//W3C//DTD XHTML 1.0 Transitional//EN"
    "http://www.w3.org/TR/xhtml1/DTD/xhtml1-transitional.dtd">
<html xmlns="http://www.w3.org/1999/xhtml" xml:lang="en" lang="en">
 <head>
  <title>
</title>
<meta http-equiv="Content-Type" content="text/html;charset=utf-8" />
  <meta name='ocr-system' content='tesseract 3.04.00' />
  <meta name='ocr-capabilities' content='ocr_page ocr_carea ocr_par ocr_line ocrx_word'/>
</head>
<body>
  <div class='ocr_page' id='page_1' title='image "./anaximandermile00neuhgoog_0288.png"; bbox 0 0 2860 4906; ppageno 0'>
   <div class='ocr_carea' id='block_1_1' title="bbox 634 349 687 404">
    <p class='ocr_par' dir='ltr' id='par_1_1' title="bbox 634 349 687 404">
     <span class='ocr_line' id='line_1_1' title="bbox 634 349 687 404; baseline 0.038 -2"><span class='ocrx_word' id='word_1_1' title='bbox 634 349 687 404; x_wconf 77' lang='grc'><strong>268</strong></span> 
     </span>
    </p>
   </div>
   <div class='ocr_carea' id='block_1_2' title="bbox 87 505 1298 3442">
    <p class='ocr_par' dir='ltr' id='par_1_2' title="bbox 87 505 1221 2890">
     <span class='ocr_line' id='line_1_2' title="bbox 87 505 1214 603; baseline -0.002 -19"><span class='ocrx_word' id='word_1_2' title='bbox 87 505 186 586; x_wconf 50' lang='lat' dir='ltr'><strong>&#39;Cum</strong></span> <span class='ocrx_word' id='word_1_3' title='bbox 208 526 316 584; x_wconf 88' lang='lat' dir='ltr'><strong>autem</strong></span> <span class='ocrx_word' id='word_1_4' title='bbox 338 518 533 603; x_wconf 90' lang='lat' dir='ltr'><strong>principium</strong></span> <span class='ocrx_word' id='word_1_5' title='bbox 556 524 712 586; x_wconf 79' lang='lat' dir='ltr'><strong>statueret</strong></span> <span class='ocrx_word' id='word_1_6' title='bbox 737 538 809 586; x_wconf 87' lang='lat' dir='ltr'><strong>esse</strong></span> <span class='ocrx_word' id='word_1_7' title='bbox 831 517 863 583; x_wconf 85' lang='grc' dir='ltr'><strong>τὶ</strong></span> <span class='ocrx_word' id='word_1_8' title='bbox 885 513 976 601; x_wconf 78' lang='grc' dir='ltr'><strong><em>παρὰ</em></strong></span> <span class='ocrx_word' id='word_1_9' title='bbox 997 513 1214 602; x_wconf 80' lang='grc' dir='ltr'><em>τὰστοιχεῖα,</em></span> 
     </span>
     <span class='ocr_line' id='line_1_3' title="bbox 92 627 1214 712; baseline 0.002 -18"><span class='ocrx_word' id='word_1_10' title='bbox 92 629 291 694; x_wconf 89' lang='lat' dir='ltr'><strong>necessario</strong></span> <span class='ocrx_word' id='word_1_11' title='bbox 322 629 390 694; x_wconf 87' lang='lat' dir='ltr'><strong>fere</strong></span> <span class='ocrx_word' id='word_1_12' title='bbox 413 647 472 694; x_wconf 91' lang='lat' dir='ltr'><strong>sua</strong></span> <span class='ocrx_word' id='word_1_13' title='bbox 502 627 606 712; x_wconf 93' lang='lat' dir='ltr'><strong>ipsius</strong></span> <span class='ocrx_word' id='word_1_14' title='bbox 630 627 788 710; x_wconf 83' lang='lat' dir='ltr'><strong>qualitate</strong></span> <span class='ocrx_word' id='word_1_15' title='bbox 821 628 986 694; x_wconf 78' lang='lat' dir='ltr'><strong>statuebat</strong></span> <span class='ocrx_word' id='word_1_16' title='bbox 1017 629 1100 695; x_wconf 91' lang='lat' dir='ltr'><strong>inter</strong></span> <span class='ocrx_word' id='word_1_17' title='bbox 1132 629 1214 696; x_wconf 88' lang='lat' dir='ltr'><strong>duas</strong></span> 
     </span>
     <span class='ocr_line' id='line_1_4' title="bbox 94 736 1211 820; baseline 0 -18"><span class='ocrx_word' id='word_1_18' title='bbox 94 739 178 804; x_wconf 88' lang='lat' dir='ltr'><strong>illas</strong></span> <span class='ocrx_word' id='word_1_19' title='bbox 201 744 333 804; x_wconf 86' lang='lat' dir='ltr'><strong>naturas</strong></span> <span class='ocrx_word' id='word_1_20' title='bbox 358 736 498 802; x_wconf 92' lang='lat' dir='ltr'><strong>medium</strong></span> <span class='ocrx_word' id='word_1_21' title='bbox 521 756 603 819; x_wconf 90' lang='lat' dir='ltr'><strong>esse,</strong></span> <span class='ocrx_word' id='word_1_22' title='bbox 634 737 797 819; x_wconf 90' lang='lat' dir='ltr'><strong>quoniam,</strong></span> <span class='ocrx_word' id='word_1_23' title='bbox 831 737 918 820; x_wconf 94' lang='lat' dir='ltr'><strong>quod</strong></span> <span class='ocrx_word' id='word_1_24' title='bbox 947 737 1029 804; x_wconf 87' lang='lat' dir='ltr'><strong>inter</strong></span> <span class='ocrx_word' id='word_1_25' title='bbox 1052 736 1134 803; x_wconf 90' lang='lat' dir='ltr'><strong>duas</strong></span> <span class='ocrx_word' id='word_1_26' title='bbox 1156 758 1211 802; x_wconf 91' lang='lat' dir='ltr'><strong>na-</strong></span> 
     </span>
     <span class='ocr_line' id='line_1_5' title="bbox 95 845 1215 931; baseline -0.001 -19"><span class='ocrx_word' id='word_1_27' title='bbox 95 854 196 912; x_wconf 88' lang='lat' dir='ltr'><strong>turas</strong></span> <span class='ocrx_word' id='word_1_28' title='bbox 231 848 408 912; x_wconf 87' lang='lat' dir='ltr'><strong>contrarias</strong></span> <span class='ocrx_word' id='word_1_29' title='bbox 442 845 583 912; x_wconf 89' lang='lat' dir='ltr'><strong>medium</strong></span> <span class='ocrx_word' id='word_1_30' title='bbox 617 853 710 922; x_wconf 76' lang='lat' dir='ltr'><strong>esset,</strong></span> <span class='ocrx_word' id='word_1_31' title='bbox 749 846 845 912; x_wconf 78' lang='lat' dir='ltr'><strong>iacile</strong></span> <span class='ocrx_word' id='word_1_32' title='bbox 867 846 972 912; x_wconf 90' lang='lat' dir='ltr'><strong>videri</strong></span> <span class='ocrx_word' id='word_1_33' title='bbox 1001 853 1128 930; x_wconf 90' lang='lat' dir='ltr'><strong>poterat</strong></span> <span class='ocrx_word' id='word_1_34' title='bbox 1157 865 1215 931; x_wconf 90' lang='lat' dir='ltr'><strong>per</strong></span> 
     </span>
     <span class='ocr_line' id='line_1_6' title="bbox 96 953 1214 1037; baseline 0 -17"><span class='ocrx_word' id='word_1_35' title='bbox 96 976 138 1022; x_wconf 86' lang='lat' dir='ltr'><strong>se</strong></span> <span class='ocrx_word' id='word_1_36' title='bbox 173 957 278 1020; x_wconf 87' lang='lat' dir='ltr'><strong>neutri</strong></span> <span class='ocrx_word' id='word_1_37' title='bbox 310 956 504 1022; x_wconf 90' lang='lat' dir='ltr'><strong>contrarium</strong></span> <span class='ocrx_word' id='word_1_38' title='bbox 527 974 609 1036; x_wconf 92' lang='lat' dir='ltr'><strong>esse,</strong></span> <span class='ocrx_word' id='word_1_39' title='bbox 628 954 630 959; x_wconf 83' lang='grc'><strong>’</strong></span> <span class='ocrx_word' id='word_1_40' title='bbox 649 953 798 1037; x_wconf 90' lang='lat' dir='ltr'><strong>hancque</strong></span> <span class='ocrx_word' id='word_1_41' title='bbox 838 955 879 1020; x_wconf 97' lang='lat' dir='ltr'><strong>ob</strong></span> <span class='ocrx_word' id='word_1_42' title='bbox 917 975 1063 1022; x_wconf 85' lang='lat' dir='ltr'><strong>caussam</strong></span> <span class='ocrx_word' id='word_1_43' title='bbox 1096 962 1214 1022; x_wconf 89' lang='lat' dir='ltr'><strong>utram-</strong></span> 
     </span>
     <span class='ocr_line' id='line_1_7' title="bbox 97 1062 1213 1147; baseline 0 -17"><span class='ocrx_word' id='word_1_44' title='bbox 97 1085 169 1147; x_wconf 85' lang='lat' dir='ltr'><strong>que</strong></span> <span class='ocrx_word' id='word_1_45' title='bbox 202 1063 367 1130; x_wconf 89' lang='lat' dir='ltr'><strong>continere</strong></span> <span class='ocrx_word' id='word_1_46' title='bbox 391 1065 477 1129; x_wconf 91' lang='lat' dir='ltr'><strong>etin</strong></span> <span class='ocrx_word' id='word_1_47' title='bbox 501 1070 670 1146; x_wconf 87' lang='lat' dir='ltr'><strong>utramque</strong></span> <span class='ocrx_word' id='word_1_48' title='bbox 692 1082 727 1128; x_wconf 89' lang='lat' dir='ltr'><strong>se</strong></span> <span class='ocrx_word' id='word_1_49' title='bbox 750 1062 901 1129; x_wconf 82' lang='lat' dir='ltr'><strong>dirimere</strong></span> <span class='ocrx_word' id='word_1_50' title='bbox 924 1083 1035 1147; x_wconf 88' lang='lat' dir='ltr'><strong>posse,</strong></span> <span class='ocrx_word' id='word_1_51' title='bbox 1074 1070 1106 1130; x_wconf 90' lang='lat' dir='ltr'><strong>et</strong></span> <span class='ocrx_word' id='word_1_52' title='bbox 1137 1084 1213 1147; x_wconf 89' lang='lat' dir='ltr'><strong>quo-</strong></span> 
     </span>
     <span class='ocr_line' id='line_1_8' title="bbox 96 1170 1210 1258; baseline 0.001 -21"><span class='ocrx_word' id='word_1_53' title='bbox 96 1173 194 1237; x_wconf 90' lang='lat' dir='ltr'><strong>niam</strong></span> <span class='ocrx_word' id='word_1_54' title='bbox 223 1173 280 1237; x_wconf 89' lang='lat' dir='ltr'><strong>vix</strong></span> <span class='ocrx_word' id='word_1_55' title='bbox 313 1171 380 1237; x_wconf 86' lang='lat' dir='ltr'><strong>alia</strong></span> <span class='ocrx_word' id='word_1_56' title='bbox 414 1170 593 1254; x_wconf 86' lang='lat' dir='ltr'><strong>excogitari</strong></span> <span class='ocrx_word' id='word_1_57' title='bbox 622 1176 749 1255; x_wconf 87' lang='lat' dir='ltr'><strong>poterat</strong></span> <span class='ocrx_word' id='word_1_58' title='bbox 781 1172 876 1253; x_wconf 90' lang='lat' dir='ltr'><strong>ratio,</strong></span> <span class='ocrx_word' id='word_1_59' title='bbox 910 1191 975 1254; x_wconf 87' lang='lat' dir='ltr'><strong>qua</strong></span> <span class='ocrx_word' id='word_1_60' title='bbox 1007 1173 1210 1258; x_wconf 90' lang='lat' dir='ltr'><strong>principium,</strong></span> 
     </span>
     <span class='ocr_line' id='line_1_9' title="bbox 98 1279 1211 1365; baseline 0.002 -19"><span class='ocrx_word' id='word_1_61' title='bbox 98 1288 218 1365; x_wconf 86' lang='lat' dir='ltr'><strong>utpote</strong></span> <span class='ocrx_word' id='word_1_62' title='bbox 245 1283 349 1365; x_wconf 89' lang='lat' dir='ltr'><strong>ipsum</strong></span> <span class='ocrx_word' id='word_1_63' title='bbox 377 1281 557 1346; x_wconf 86' lang='lat' dir='ltr'><strong>substantia</strong></span> <span class='ocrx_word' id='word_1_64' title='bbox 583 1279 732 1364; x_wconf 84' lang='lat' dir='ltr'><strong>simplex,</strong></span> <span class='ocrx_word' id='word_1_65' title='bbox 763 1286 895 1346; x_wconf 90' lang='lat' dir='ltr'><strong>naturas</strong></span> <span class='ocrx_word' id='word_1_66' title='bbox 929 1280 1107 1348; x_wconf 86' lang='lat' dir='ltr'><strong>contrarias</strong></span> <span class='ocrx_word' id='word_1_67' title='bbox 1138 1303 1211 1348; x_wconf 89' lang='lat' dir='ltr'><strong>con-</strong></span> 
     </span>
     <span class='ocr_line' id='line_1_10' title="bbox 97 1374 1210 1474; baseline 0.001 -18"><span class='ocrx_word' id='word_1_68' title='bbox 97 1374 208 1458; x_wconf 85' lang='lat' dir='ltr'><strong>tinere</strong></span> <span class='ocrx_word' id='word_1_69' title='bbox 240 1396 358 1474; x_wconf 90' lang='lat' dir='ltr'><strong>posset.</strong></span> <span class='ocrx_word' id='word_1_70' title='bbox 416 1390 462 1454; x_wconf 93' lang='lat' dir='ltr'><strong>Ao</strong></span> <span class='ocrx_word' id='word_1_71' title='bbox 496 1389 639 1474; x_wconf 86' lang='lat' dir='ltr'><strong>profecto</strong></span> <span class='ocrx_word' id='word_1_72' title='bbox 685 1389 764 1456; x_wconf 88' lang='lat' dir='ltr'><strong>baec</strong></span> <span class='ocrx_word' id='word_1_73' title='bbox 808 1389 1041 1456; x_wconf 83' lang='lat' dir='ltr'><strong>Anaximandri</strong></span> <span class='ocrx_word' id='word_1_74' title='bbox 1084 1398 1210 1457; x_wconf 89' lang='lat' dir='ltr'><strong>senten-</strong></span> 
     </span>
     <span class='ocr_line' id='line_1_11' title="bbox 99 1498 1211 1585; baseline 0 -19"><span class='ocrx_word' id='word_1_75' title='bbox 99 1502 151 1566; x_wconf 89' lang='lat' dir='ltr'><strong>tia</strong></span> <span class='ocrx_word' id='word_1_76' title='bbox 182 1520 246 1566; x_wconf 93' lang='lat' dir='ltr'><strong>non</strong></span> <span class='ocrx_word' id='word_1_77' title='bbox 283 1506 389 1584; x_wconf 92' lang='lat' dir='ltr'><strong>potest</strong></span> <span class='ocrx_word' id='word_1_78' title='bbox 426 1501 508 1565; x_wconf 88' lang='lat' dir='ltr'><strong>mira</strong></span> <span class='ocrx_word' id='word_1_79' title='bbox 545 1498 657 1565; x_wconf 90' lang='lat' dir='ltr'><strong>videri.</strong></span> <span class='ocrx_word' id='word_1_80' title='bbox 713 1499 841 1567; x_wconf 84' lang='lat' dir='ltr'><strong>Etenim</strong></span> <span class='ocrx_word' id='word_1_81' title='bbox 877 1501 905 1565; x_wconf 94' lang='lat' dir='ltr'><strong>si</strong></span> <span class='ocrx_word' id='word_1_82' title='bbox 942 1499 1092 1585; x_wconf 90' lang='lat' dir='ltr'><strong>ponimus</strong></span> <span class='ocrx_word' id='word_1_83' title='bbox 1130 1499 1211 1566; x_wconf 87' lang='lat' dir='ltr'><strong>duas</strong></span> 
     </span>
     <span class='ocr_line' id='line_1_12' title="bbox 98 1609 1212 1694; baseline 0 -18"><span class='ocrx_word' id='word_1_84' title='bbox 98 1631 177 1678; x_wconf 89' lang='lat' dir='ltr'><strong>esse</strong></span> <span class='ocrx_word' id='word_1_85' title='bbox 201 1612 321 1694; x_wconf 88' lang='lat' dir='ltr'><strong>primas</strong></span> <span class='ocrx_word' id='word_1_86' title='bbox 350 1615 482 1676; x_wconf 88' lang='lat' dir='ltr'><strong>naturas</strong></span> <span class='ocrx_word' id='word_1_87' title='bbox 515 1611 691 1676; x_wconf 85' lang='lat' dir='ltr'><strong>contrarias</strong></span> <span class='ocrx_word' id='word_1_88' title='bbox 725 1615 758 1674; x_wconf 93' lang='lat' dir='ltr'><strong>et</strong></span> <span class='ocrx_word' id='word_1_89' title='bbox 779 1616 948 1692; x_wconf 89' lang='lat' dir='ltr'><strong>praetcrea</strong></span> <span class='ocrx_word' id='word_1_90' title='bbox 972 1610 1102 1675; x_wconf 79' lang='lat' dir='ltr'><strong>tertiam</strong></span> <span class='ocrx_word' id='word_1_91' title='bbox 1129 1609 1212 1676; x_wconf 88' lang='lat' dir='ltr'><strong>inter</strong></span> 
     </span>
     <span class='ocr_line' id='line_1_13' title="bbox 101 1717 1221 1801; baseline 0.001 -17"><span class='ocrx_word' id='word_1_92' title='bbox 101 1721 180 1785; x_wconf 91' lang='lat' dir='ltr'><strong>illas</strong></span> <span class='ocrx_word' id='word_1_93' title='bbox 205 1717 355 1797; x_wconf 89' lang='lat' dir='ltr'><strong>mediam,</strong></span> <span class='ocrx_word' id='word_1_94' title='bbox 380 1717 475 1785; x_wconf 89' lang='lat' dir='ltr'><strong>etde</strong></span> <span class='ocrx_word' id='word_1_95' title='bbox 498 1718 622 1784; x_wconf 87' lang='lat' dir='ltr'><strong>ratione</strong></span> <span class='ocrx_word' id='word_1_96' title='bbox 645 1718 830 1801; x_wconf 86' lang='lat' dir='ltr'><strong>quaerimus</strong></span> <span class='ocrx_word' id='word_1_97' title='bbox 853 1717 937 1784; x_wconf 90' lang='lat' dir='ltr'><strong>inter</strong></span> <span class='ocrx_word' id='word_1_98' title='bbox 963 1718 1047 1784; x_wconf 93' lang='lat' dir='ltr'><strong>hano</strong></span> <span class='ocrx_word' id='word_1_99' title='bbox 1078 1726 1110 1786; x_wconf 91' lang='lat' dir='ltr'><strong>et</strong></span> <span class='ocrx_word' id='word_1_100' title='bbox 1138 1720 1221 1785; x_wconf 82' lang='lat' dir='ltr'><strong>illas¹</strong></span> 
     </span>
     <span class='ocr_line' id='line_1_14' title="bbox 100 1827 1211 1913; baseline 0.002 -20"><span class='ocrx_word' id='word_1_101' title='bbox 100 1829 189 1894; x_wconf 85' lang='lat' dir='ltr'><strong>forte</strong></span> <span class='ocrx_word' id='word_1_102' title='bbox 212 1828 437 1910; x_wconf 89' lang='lat' dir='ltr'><strong>intercedenti,</strong></span> <span class='ocrx_word' id='word_1_103' title='bbox 474 1828 569 1894; x_wconf 89' lang='lat' dir='ltr'><strong>l&#39;aoile</strong></span> <span class='ocrx_word' id='word_1_104' title='bbox 602 1827 838 1911; x_wconf 83' lang='lat' dir='ltr'><strong>intellegemus,</strong></span> <span class='ocrx_word' id='word_1_105' title='bbox 870 1830 973 1913; x_wconf 89' lang='lat' dir='ltr'><strong>primo</strong></span> <span class='ocrx_word' id='word_1_106' title='bbox 1004 1831 1091 1894; x_wconf 88' lang='lat' dir='ltr'><strong>certe</strong></span> <span class='ocrx_word' id='word_1_107' title='bbox 1120 1828 1211 1894; x_wconf 90' lang='lat' dir='ltr'><strong>initio</strong></span> 
     </span>
     <span class='ocr_line' id='line_1_15' title="bbox 101 1935 1210 2020; baseline 0 -16"><span class='ocrx_word' id='word_1_108' title='bbox 101 1958 168 2004; x_wconf 93' lang='lat' dir='ltr'><strong>non</strong></span> <span class='ocrx_word' id='word_1_109' title='bbox 191 1938 299 2002; x_wconf 90' lang='lat' dir='ltr'><strong>minus</strong></span> <span class='ocrx_word' id='word_1_110' title='bbox 322 1937 420 2004; x_wconf 86' lang='lat' dir='ltr'><strong>facile</strong></span> <span class='ocrx_word' id='word_1_111' title='bbox 442 1935 511 2002; x_wconf 92' lang='lat' dir='ltr'><strong>fieri</strong></span> <span class='ocrx_word' id='word_1_112' title='bbox 532 1938 685 2020; x_wconf 91' lang='lat' dir='ltr'><strong>potuisse,</strong></span> <span class='ocrx_word' id='word_1_113' title='bbox 712 1943 747 2002; x_wconf 91' lang='lat' dir='ltr'><strong>ut</strong></span> <span class='ocrx_word' id='word_1_114' title='bbox 768 1935 850 2002; x_wconf 89' lang='lat' dir='ltr'><strong>haec</strong></span> <span class='ocrx_word' id='word_1_115' title='bbox 871 1944 988 2004; x_wconf 89' lang='lat' dir='ltr'><strong>natura</strong></span> <span class='ocrx_word' id='word_1_116' title='bbox 1010 1938 1116 2003; x_wconf 90' lang='lat' dir='ltr'><strong>media</strong></span> <span class='ocrx_word' id='word_1_117' title='bbox 1138 1938 1210 2004; x_wconf 87' lang='lat' dir='ltr'><strong>illas</strong></span> 
     </span>
     <span class='ocr_line' id='line_1_16' title="bbox 102 2044 1210 2129; baseline 0.001 -19"><span class='ocrx_word' id='word_1_118' title='bbox 102 2046 284 2111; x_wconf 89' lang='lat' dir='ltr'><strong>contrarias</strong></span> <span class='ocrx_word' id='word_1_119' title='bbox 306 2066 347 2111; x_wconf 89' lang='lat' dir='ltr'><strong>ex</strong></span> <span class='ocrx_word' id='word_1_120' title='bbox 370 2065 442 2112; x_wconf 90' lang='lat' dir='ltr'><strong>sese</strong></span> <span class='ocrx_word' id='word_1_121' title='bbox 465 2046 575 2128; x_wconf 89' lang='lat' dir='ltr'><strong>aliquo</strong></span> <span class='ocrx_word' id='word_1_122' title='bbox 598 2044 702 2124; x_wconf 83' lang='lat' dir='ltr'><strong>modo,</strong></span> <span class='ocrx_word' id='word_1_123' title='bbox 736 2046 824 2112; x_wconf 89' lang='lat' dir='ltr'><strong>velut</strong></span> <span class='ocrx_word' id='word_1_124' title='bbox 846 2045 1026 2112; x_wconf 90' lang='lat' dir='ltr'><strong>secretione</strong></span> <span class='ocrx_word' id='word_1_125' title='bbox 1052 2047 1104 2111; x_wconf 88' lang='lat' dir='ltr'><strong>vel</strong></span> <span class='ocrx_word' id='word_1_126' title='bbox 1135 2066 1210 2129; x_wconf 87' lang='lat' dir='ltr'><strong>qua-</strong></span> 
     </span>
     <span class='ocr_line' id='line_1_17' title="bbox 102 2153 1210 2240; baseline 0.003 -21"><span class='ocrx_word' id='word_1_127' title='bbox 102 2153 179 2219; x_wconf 90' lang='lat' dir='ltr'><strong>dam</strong></span> <span class='ocrx_word' id='word_1_128' title='bbox 203 2155 253 2219; x_wconf 88' lang='lat' dir='ltr'><strong>sui</strong></span> <span class='ocrx_word' id='word_1_129' title='bbox 279 2153 503 2238; x_wconf 86' lang='lat' dir='ltr'><strong>diremptione,</strong></span> <span class='ocrx_word' id='word_1_130' title='bbox 533 2155 750 2238; x_wconf 83' lang='lat' dir='ltr'><strong>generavisse,</strong></span> <span class='ocrx_word' id='word_1_131' title='bbox 777 2175 883 2238; x_wconf 87' lang='lat' dir='ltr'><strong>quarn,</strong></span> <span class='ocrx_word' id='word_1_132' title='bbox 914 2162 949 2222; x_wconf 90' lang='lat' dir='ltr'><strong>ut</strong></span> <span class='ocrx_word' id='word_1_133' title='bbox 979 2156 1116 2240; x_wconf 80' lang='lat' dir='ltr'><strong>ipsoex</strong></span> <span class='ocrx_word' id='word_1_134' title='bbox 1145 2157 1210 2222; x_wconf 90' lang='lat' dir='ltr'><strong>illis</strong></span> 
     </span>
     <span class='ocr_line' id='line_1_18' title="bbox 102 2262 1211 2349; baseline 0.002 -21"><span class='ocrx_word' id='word_1_135' title='bbox 102 2262 341 2346; x_wconf 84' lang='lat' dir='ltr'><strong>compositione</strong></span> <span class='ocrx_word' id='word_1_136' title='bbox 368 2269 439 2329; x_wconf 80' lang='lat' dir='ltr'><strong>orta</strong></span> <span class='ocrx_word' id='word_1_137' title='bbox 465 2283 537 2330; x_wconf 91' lang='lat' dir='ltr'><strong>esse</strong></span> <span class='ocrx_word' id='word_1_138' title='bbox 561 2262 754 2330; x_wconf 83' lang='lat' dir='ltr'><strong>crederetur.</strong></span> <span class='ocrx_word' id='word_1_139' title='bbox 799 2264 891 2329; x_wconf 84' lang='lat' dir='ltr'><strong>Licet</strong></span> <span class='ocrx_word' id='word_1_140' title='bbox 920 2264 1006 2330; x_wconf 91' lang='lat' dir='ltr'><strong>enirn</strong></span> <span class='ocrx_word' id='word_1_141' title='bbox 1039 2265 1095 2330; x_wconf 88' lang='lat' dir='ltr'><strong>illa</strong></span> <span class='ocrx_word' id='word_1_142' title='bbox 1122 2264 1211 2349; x_wconf 91' lang='lat' dir='ltr'><strong>prior</strong></span> 
     </span>
     <span class='ocr_line' id='line_1_19' title="bbox 102 2369 1209 2454; baseline 0.002 -18"><span class='ocrx_word' id='word_1_143' title='bbox 102 2369 216 2453; x_wconf 93' lang='lat' dir='ltr'><strong>opinio</strong></span> <span class='ocrx_word' id='word_1_144' title='bbox 253 2371 336 2436; x_wconf 87' lang='lat' dir='ltr'><strong>falsa</strong></span> <span class='ocrx_word' id='word_1_145' title='bbox 358 2372 401 2436; x_wconf 87' lang='lat' dir='ltr'><strong>sit</strong></span> <span class='ocrx_word' id='word_1_146' title='bbox 431 2371 592 2452; x_wconf 68' lang='lat' dir='ltr'><strong>(vidimus</strong></span> <span class='ocrx_word' id='word_1_147' title='bbox 617 2371 736 2454; x_wconf 92' lang='lat' dir='ltr'><strong>quibus</strong></span> <span class='ocrx_word' id='word_1_148' title='bbox 766 2371 944 2438; x_wconf 90' lang='lat' dir='ltr'><strong>rationibus</strong></span> <span class='ocrx_word' id='word_1_149' title='bbox 974 2371 1016 2437; x_wconf 87' lang='lat' dir='ltr'><strong>ab</strong></span> <span class='ocrx_word' id='word_1_150' title='bbox 1038 2373 1209 2438; x_wconf 87' lang='lat' dir='ltr'><strong>Aristotele</strong></span> 
     </span>
     <span class='ocr_line' id='line_1_20' title="bbox 103 2479 1208 2566; baseline 0.001 -21"><span class='ocrx_word' id='word_1_151' title='bbox 103 2480 294 2553; x_wconf 86' lang='lat' dir='ltr'><strong>refellatur),</strong></span> <span class='ocrx_word' id='word_1_152' title='bbox 318 2487 426 2545; x_wconf 88' lang='lat' dir='ltr'><strong>tamen</strong></span> <span class='ocrx_word' id='word_1_153' title='bbox 450 2479 484 2546; x_wconf 93' lang='lat' dir='ltr'><strong>id</strong></span> <span class='ocrx_word' id='word_1_154' title='bbox 497 2480 656 2546; x_wconf 90' lang='lat' dir='ltr'><strong>eiusmodi</strong></span> <span class='ocrx_word' id='word_1_155' title='bbox 672 2486 729 2564; x_wconf 90' lang='lat' dir='ltr'><strong>est,</strong></span> <span class='ocrx_word' id='word_1_156' title='bbox 752 2488 787 2546; x_wconf 93' lang='lat' dir='ltr'><strong>ut</strong></span> <span class='ocrx_word' id='word_1_157' title='bbox 808 2486 883 2546; x_wconf 92' lang='lat' dir='ltr'><strong>ante</strong></span> <span class='ocrx_word' id='word_1_158' title='bbox 894 2483 1081 2566; x_wconf 89' lang='lat' dir='ltr'><strong>ampliorem</strong></span> <span class='ocrx_word' id='word_1_159' title='bbox 1103 2502 1208 2548; x_wconf 87' lang='lat' dir='ltr'><strong>rerum</strong></span> 
     </span>
     <span class='ocr_line' id='line_1_21' title="bbox 104 2589 1208 2671; baseline 0.003 -18"><span class='ocrx_word' id='word_1_160' title='bbox 104 2589 338 2671; x_wconf 86' lang='lat' dir='ltr'><strong>experientiam</strong></span> <span class='ocrx_word' id='word_1_161' title='bbox 362 2595 394 2656; x_wconf 91' lang='lat' dir='ltr'><strong>et</strong></span> <span class='ocrx_word' id='word_1_162' title='bbox 422 2589 623 2655; x_wconf 90' lang='lat' dir='ltr'><strong>subtiliorem</strong></span> <span class='ocrx_word' id='word_1_163' title='bbox 655 2590 927 2656; x_wconf 88' lang='lat' dir='ltr'><strong>examinationem</strong></span> <span class='ocrx_word' id='word_1_164' title='bbox 961 2593 1029 2656; x_wconf 92' lang='lat' dir='ltr'><strong>eius</strong></span> <span class='ocrx_word' id='word_1_165' title='bbox 1062 2591 1208 2668; x_wconf 82' lang='lat' dir='ltr'><strong>rationis,</strong></span> 
     </span>
     <span class='ocr_line' id='line_1_22' title="bbox 103 2697 1208 2782; baseline 0.002 -20"><span class='ocrx_word' id='word_1_166' title='bbox 103 2717 189 2782; x_wconf 90' lang='lat' dir='ltr'><strong>quae</strong></span> <span class='ocrx_word' id='word_1_167' title='bbox 213 2697 392 2764; x_wconf 90' lang='lat' dir='ltr'><strong>intercedat</strong></span> <span class='ocrx_word' id='word_1_168' title='bbox 415 2699 499 2764; x_wconf 88' lang='lat' dir='ltr'><strong>inter</strong></span> <span class='ocrx_word' id='word_1_169' title='bbox 521 2697 556 2762; x_wconf 96' lang='lat' dir='ltr'><strong>id</strong></span> <span class='ocrx_word' id='word_1_170' title='bbox 578 2698 665 2782; x_wconf 92' lang='lat' dir='ltr'><strong>quod</strong></span> <span class='ocrx_word' id='word_1_171' title='bbox 688 2704 747 2764; x_wconf 89' lang='lat' dir='ltr'><strong>est</strong></span> <span class='ocrx_word' id='word_1_172' title='bbox 769 2705 801 2765; x_wconf 90' lang='lat' dir='ltr'><strong>et</strong></span> <span class='ocrx_word' id='word_1_173' title='bbox 815 2698 902 2782; x_wconf 89' lang='lat' dir='ltr'><strong>quod</strong></span> <span class='ocrx_word' id='word_1_174' title='bbox 925 2699 982 2781; x_wconf 90' lang='lat' dir='ltr'><strong>fit,</strong></span> <span class='ocrx_word' id='word_1_175' title='bbox 1004 2699 1101 2766; x_wconf 86' lang='lat' dir='ltr'><strong>facile</strong></span> <span class='ocrx_word' id='word_1_176' title='bbox 1123 2720 1208 2765; x_wconf 90' lang='lat' dir='ltr'><strong>men-</strong></span> 
     </span>
     <span class='ocr_line' id='line_1_23' title="bbox 103 2807 304 2890; baseline 0.005 -19"><span class='ocrx_word' id='word_1_177' title='bbox 103 2815 168 2874; x_wconf 92' lang='lat' dir='ltr'><strong>tem</strong></span> <span class='ocrx_word' id='word_1_178' title='bbox 191 2807 304 2890; x_wconf 84' lang='lat' dir='ltr'><strong>fugiat.</strong></span> 
     </span>
    </p>

    <p class='ocr_par' dir='ltr' id='par_1_3' title="bbox 104 2915 1298 3442">
     <span class='ocr_line' id='line_1_24' title="bbox 204 2915 1207 3000; baseline 0.003 -20"><span class='ocrx_word' id='word_1_179' title='bbox 204 2915 273 2982; x_wconf 85' lang='lat' dir='ltr'><strong>Nec</strong></span> <span class='ocrx_word' id='word_1_180' title='bbox 307 2923 414 2982; x_wconf 89' lang='lat' dir='ltr'><strong>tamen</strong></span> <span class='ocrx_word' id='word_1_181' title='bbox 447 2915 603 2982; x_wconf 90' lang='lat' dir='ltr'><strong>credibile</strong></span> <span class='ocrx_word' id='word_1_182' title='bbox 633 2922 691 3000; x_wconf 89' lang='lat' dir='ltr'><strong>est,</strong></span> <span class='ocrx_word' id='word_1_183' title='bbox 732 2916 1005 2984; x_wconf 86' lang='lat' dir='ltr'><strong>Anaximandrum</strong></span> <span class='ocrx_word' id='word_1_184' title='bbox 1038 2917 1081 2983; x_wconf 89' lang='lat' dir='ltr'><strong>ad</strong></span> <span class='ocrx_word' id='word_1_185' title='bbox 1118 2918 1207 2984; x_wconf 91' lang='lat' dir='ltr'><strong>illam</strong></span> 
     </span>
     <span class='ocr_line' id='line_1_25' title="bbox 104 3025 1206 3111; baseline 0.003 -19"><span class='ocrx_word' id='word_1_186' title='bbox 104 3026 259 3111; x_wconf 90' lang='lat' dir='ltr'><strong>principii</strong></span> <span class='ocrx_word' id='word_1_187' title='bbox 294 3026 456 3092; x_wconf 89' lang='lat' dir='ltr'><strong>notionem</strong></span> <span class='ocrx_word' id='word_1_188' title='bbox 478 3029 663 3110; x_wconf 87' lang='lat' dir='ltr'><strong>pervenisse</strong></span> <span class='ocrx_word' id='word_1_189' title='bbox 697 3025 768 3091; x_wconf 90' lang='lat' dir='ltr'><strong>sine</strong></span> <span class='ocrx_word' id='word_1_190' title='bbox 800 3026 939 3108; x_wconf 88' lang='lat' dir='ltr'><strong>quadarn</strong></span> <span class='ocrx_word' id='word_1_191' title='bbox 962 3027 1206 3106; x_wconf 89' lang='lat' dir='ltr'><strong>inductione,</strong></span> 
     </span>
     <span class='ocr_line' id='line_1_26' title="bbox 106 3136 1207 3221; baseline 0.004 -20"><span class='ocrx_word' id='word_1_192' title='bbox 106 3136 138 3201; x_wconf 94' lang='lat' dir='ltr'><strong>id</strong></span> <span class='ocrx_word' id='word_1_193' title='bbox 162 3144 221 3216; x_wconf 88' lang='lat' dir='ltr'><strong>est,</strong></span> <span class='ocrx_word' id='word_1_194' title='bbox 244 3136 314 3202; x_wconf 88' lang='lat' dir='ltr'><strong>sine</strong></span> <span class='ocrx_word' id='word_1_195' title='bbox 338 3136 563 3202; x_wconf 87' lang='lat' dir='ltr'><strong>observatione</strong></span> <span class='ocrx_word' id='word_1_196' title='bbox 586 3138 814 3221; x_wconf 89' lang='lat' dir='ltr'><strong>exemplorum,</strong></span> <span class='ocrx_word' id='word_1_197' title='bbox 842 3137 1011 3219; x_wconf 91' lang='lat' dir='ltr'><strong>inquibus</strong></span> <span class='ocrx_word' id='word_1_198' title='bbox 1034 3138 1098 3204; x_wconf 87' lang='lat' dir='ltr'><strong>sibi</strong></span> <span class='ocrx_word' id='word_1_199' title='bbox 1120 3138 1207 3205; x_wconf 92' lang='lat' dir='ltr'><strong>vide-</strong></span> 
     </span>
     <span class='ocr_line' id='line_1_27' title="bbox 106 3247 1207 3316; baseline 0.001 -2"><span class='ocrx_word' id='word_1_200' title='bbox 106 3254 195 3314; x_wconf 89' lang='lat' dir='ltr'><strong>retur</strong></span> <span class='ocrx_word' id='word_1_201' title='bbox 217 3247 307 3312; x_wconf 93' lang='lat' dir='ltr'><strong>illam</strong></span> <span class='ocrx_word' id='word_1_202' title='bbox 341 3253 528 3314; x_wconf 89' lang='lat' dir='ltr'><strong>naturarum</strong></span> <span class='ocrx_word' id='word_1_203' title='bbox 558 3247 790 3313; x_wconf 89' lang='lat' dir='ltr'><strong>contrariarum</strong></span> <span class='ocrx_word' id='word_1_204' title='bbox 822 3253 854 3313; x_wconf 86' lang='lat' dir='ltr'><strong>et</strong></span> <span class='ocrx_word' id='word_1_205' title='bbox 887 3254 1022 3314; x_wconf 88' lang='lat' dir='ltr'><strong>naturae</strong></span> <span class='ocrx_word' id='word_1_206' title='bbox 1045 3249 1127 3315; x_wconf 90' lang='lat' dir='ltr'><strong>inter</strong></span> <span class='ocrx_word' id='word_1_207' title='bbox 1148 3249 1207 3316; x_wconf 87' lang='lat' dir='ltr'><strong>has</strong></span> 
     </span>
     <span class='ocr_line' id='line_1_28' title="bbox 104 3350 1298 3442; baseline 0.003 -21"><span class='ocrx_word' id='word_1_208' title='bbox 104 3356 232 3424; x_wconf 90' lang='lat' dir='ltr'><strong>mediae</strong></span> <span class='ocrx_word' id='word_1_209' title='bbox 255 3358 410 3422; x_wconf 89' lang='lat' dir='ltr'><strong>rationem</strong></span> <span class='ocrx_word' id='word_1_210' title='bbox 443 3357 614 3437; x_wconf 83' lang='lat' dir='ltr'><strong>cernere¹).</strong></span> <span class='ocrx_word' id='word_1_211' title='bbox 658 3358 893 3442; x_wconf 86' lang='lat' dir='ltr'><strong>Inexemplis,</strong></span> <span class='ocrx_word' id='word_1_212' title='bbox 929 3358 1046 3441; x_wconf 90' lang='lat' dir='ltr'><strong>quibus</strong></span> <span class='ocrx_word' id='word_1_213' title='bbox 1082 3366 1208 3442; x_wconf 90' lang='lat' dir='ltr'><strong>poterat</strong></span> <span class='ocrx_word' id='word_1_214' title='bbox 1296 3350 1298 3353; x_wconf 59' lang='grc'><strong>’</strong></span> 
     </span>
    </p>
   </div>
   <div class='ocr_carea' id='block_1_3' title="bbox 105 3658 1206 4111">
    <p class='ocr_par' dir='ltr' id='par_1_4' title="bbox 105 3658 1206 3811">
     <span class='ocr_line' id='line_1_29' title="bbox 105 3658 1206 3730; baseline 0 -18"><span class='ocrx_word' id='word_1_215' title='bbox 105 3660 164 3714; x_wconf 85' lang='lat' dir='ltr'><strong>loeo</strong></span> <span class='ocrx_word' id='word_1_216' title='bbox 184 3659 214 3713; x_wconf 92' lang='lat' dir='ltr'><strong>id</strong></span> <span class='ocrx_word' id='word_1_217' title='bbox 234 3660 323 3713; x_wconf 90' lang='lat' dir='ltr'><strong>solurn</strong></span> <span class='ocrx_word' id='word_1_218' title='bbox 342 3659 410 3730; x_wconf 79' lang='lat' dir='ltr'><strong>agit,</strong></span> <span class='ocrx_word' id='word_1_219' title='bbox 429 3664 461 3713; x_wconf 93' lang='lat' dir='ltr'><strong>ut</strong></span> <span class='ocrx_word' id='word_1_220' title='bbox 479 3660 588 3714; x_wconf 89' lang='lat' dir='ltr'><strong>nullum</strong></span> <span class='ocrx_word' id='word_1_221' title='bbox 607 3677 708 3728; x_wconf 87' lang='lat' dir='ltr'><strong>corpus</strong></span> <span class='ocrx_word' id='word_1_222' title='bbox 733 3658 849 3729; x_wconf 85' lang='lat' dir='ltr'><strong>simplex</strong></span> <span class='ocrx_word' id='word_1_223' title='bbox 868 3659 997 3714; x_wconf 85' lang='lat' dir='ltr'><strong>ostendat</strong></span> <span class='ocrx_word' id='word_1_224' title='bbox 1016 3676 1097 3727; x_wconf 81' lang='lat' dir='ltr'><strong>posse</strong></span> <span class='ocrx_word' id='word_1_225' title='bbox 1115 3659 1206 3713; x_wconf 88' lang='lat' dir='ltr'><strong>infini-</strong></span> 
     </span>
     <span class='ocr_line' id='line_1_30' title="bbox 105 3763 251 3811; baseline -0.014 0"><span class='ocrx_word' id='word_1_226' title='bbox 105 3763 164 3811; x_wconf 91' lang='lat' dir='ltr'><strong>tum</strong></span> <span class='ocrx_word' id='word_1_227' title='bbox 183 3773 251 3810; x_wconf 86' lang='lat' dir='ltr'><strong>esse.</strong></span> 
     </span>
    </p>

    <p class='ocr_par' dir='ltr' id='par_1_5' title="bbox 106 3852 1206 4111">
     <span class='ocr_line' id='line_1_31' title="bbox 205 3852 1205 3923; baseline 0 -17"><span class='ocrx_word' id='word_1_228' title='bbox 205 3853 230 3922; x_wconf 81' lang='lat'><strong>1)</strong></span> <span class='ocrx_word' id='word_1_229' title='bbox 250 3853 395 3908; x_wconf 89' lang='lat' dir='ltr'><strong>Sententia</strong></span> <span class='ocrx_word' id='word_1_230' title='bbox 412 3852 558 3922; x_wconf 86' lang='lat' dir='ltr'><strong>proposita</strong></span> <span class='ocrx_word' id='word_1_231' title='bbox 581 3852 621 3906; x_wconf 85' lang='lat' dir='ltr'><strong>ita</strong></span> <span class='ocrx_word' id='word_1_232' title='bbox 646 3869 708 3908; x_wconf 88' lang='lat' dir='ltr'><strong>curn</strong></span> <span class='ocrx_word' id='word_1_233' title='bbox 733 3853 794 3922; x_wconf 86' lang='lat' dir='ltr'><strong>ipsa</strong></span> <span class='ocrx_word' id='word_1_234' title='bbox 814 3852 981 3923; x_wconf 86' lang='lat' dir='ltr'><strong>cognitionis</strong></span> <span class='ocrx_word' id='word_1_235' title='bbox 1000 3852 1137 3906; x_wconf 89' lang='lat' dir='ltr'><strong>hnmanae</strong></span> <span class='ocrx_word' id='word_1_236' title='bbox 1158 3870 1205 3906; x_wconf 91' lang='lat' dir='ltr'><strong>na-</strong></span> 
     </span>
     <span class='ocr_line' id='line_1_32' title="bbox 107 3949 1206 4019; baseline -0.001 -14"><span class='ocrx_word' id='word_1_237' title='bbox 107 3955 170 4006; x_wconf 86' lang='lat' dir='ltr'><strong>tura</strong></span> <span class='ocrx_word' id='word_1_238' title='bbox 189 3950 338 4019; x_wconf 83' lang='lat' dir='ltr'><strong>consentit,</strong></span> <span class='ocrx_word' id='word_1_239' title='bbox 357 3955 389 4003; x_wconf 92' lang='lat' dir='ltr'><strong>nt</strong></span> <span class='ocrx_word' id='word_1_240' title='bbox 408 3967 464 4003; x_wconf 90' lang='lat' dir='ltr'><strong>non</strong></span> <span class='ocrx_word' id='word_1_241' title='bbox 484 3967 553 4018; x_wconf 86' lang='lat' dir='ltr'><strong>opus</strong></span> <span class='ocrx_word' id='word_1_242' title='bbox 573 3950 617 4012; x_wconf 87' lang='lat' dir='ltr'><strong>sit,</strong></span> <span class='ocrx_word' id='word_1_243' title='bbox 642 3966 703 4003; x_wconf 90' lang='lat' dir='ltr'><strong>eam</strong></span> <span class='ocrx_word' id='word_1_244' title='bbox 727 3949 856 4019; x_wconf 88' lang='lat' dir='ltr'><strong>pluribus</strong></span> <span class='ocrx_word' id='word_1_245' title='bbox 874 3950 1002 4018; x_wconf 87' lang='lat' dir='ltr'><strong>probare.</strong></span> <span class='ocrx_word' id='word_1_246' title='bbox 1040 3949 1094 4004; x_wconf 83' lang='lat' dir='ltr'><strong>Sed</strong></span> <span class='ocrx_word' id='word_1_247' title='bbox 1112 3955 1206 4004; x_wconf 86' lang='lat' dir='ltr'><strong>tamen</strong></span> 
     </span>
     <span class='ocr_line' id='line_1_33' title="bbox 106 4046 1205 4111; baseline -0.005 -6"><span class='ocrx_word' id='word_1_248' title='bbox 106 4050 141 4105; x_wconf 85' lang='lat' dir='ltr'><strong>ad</strong></span> <span class='ocrx_word' id='word_1_249' title='bbox 159 4049 357 4105; x_wconf 87' lang='lat' dir='ltr'><strong>illustrandam</strong></span> <span class='ocrx_word' id='word_1_250' title='bbox 386 4065 447 4103; x_wconf 87' lang='lat' dir='ltr'><strong>earn</strong></span> <span class='ocrx_word' id='word_1_251' title='bbox 476 4048 546 4102; x_wconf 90' lang='lat' dir='ltr'><strong>utile</strong></span> <span class='ocrx_word' id='word_1_252' title='bbox 570 4047 633 4111; x_wconf 86' lang='lat' dir='ltr'><strong>erit,</strong></span> <span class='ocrx_word' id='word_1_253' title='bbox 663 4046 788 4102; x_wconf 89' lang='lat' dir='ltr'><strong>Thaletis</strong></span> <span class='ocrx_word' id='word_1_254' title='bbox 817 4051 845 4100; x_wconf 89' lang='lat' dir='ltr'><strong>et</strong></span> <span class='ocrx_word' id='word_1_255' title='bbox 863 4046 1045 4102; x_wconf 85' lang='lat' dir='ltr'><strong>Anaximenis</strong></span> <span class='ocrx_word' id='word_1_256' title='bbox 1068 4047 1205 4101; x_wconf 90' lang='lat' dir='ltr'><strong>rationem</strong></span> 
     </span>
    </p>
   </div>
   <div class='ocr_carea' id='block_1_4' title="bbox 106 4142 1205 4314">
    <p class='ocr_par' dir='ltr' id='par_1_6' title="bbox 106 4142 1205 4314">
     <span class='ocr_line' id='line_1_34' title="bbox 106 4142 1204 4218; baseline -0.004 -16"><span class='ocrx_word' id='word_1_257' title='bbox 106 4149 254 4218; x_wconf 81' lang='lat' dir='ltr'><strong>adponere,</strong></span> <span class='ocrx_word' id='word_1_258' title='bbox 274 4163 394 4216; x_wconf 89' lang='lat' dir='ltr'><strong>quornm</strong></span> <span class='ocrx_word' id='word_1_259' title='bbox 412 4146 485 4200; x_wconf 90' lang='lat' dir='ltr'><strong>alter</strong></span> <span class='ocrx_word' id='word_1_260' title='bbox 505 4143 711 4199; x_wconf 84' lang='lat' dir='ltr'><strong>Anaximandri</strong></span> <span class='ocrx_word' id='word_1_261' title='bbox 730 4142 873 4214; x_wconf 81' lang='lat' dir='ltr'><strong>magister,</strong></span> <span class='ocrx_word' id='word_1_262' title='bbox 894 4144 966 4198; x_wconf 90' lang='lat' dir='ltr'><strong>alter</strong></span> <span class='ocrx_word' id='word_1_263' title='bbox 983 4144 1135 4214; x_wconf 89' lang='lat' dir='ltr'><strong>discipulus</strong></span> <span class='ocrx_word' id='word_1_264' title='bbox 1155 4148 1204 4198; x_wconf 89' lang='lat' dir='ltr'><strong>est.</strong></span> 
     </span>
     <span class='ocr_line' id='line_1_35' title="bbox 108 4240 1205 4314; baseline -0.003 -16"><span class='ocrx_word' id='word_1_265' title='bbox 108 4244 252 4300; x_wconf 86' lang='lat' dir='ltr'><strong>Thaletem</strong></span> <span class='ocrx_word' id='word_1_266' title='bbox 280 4243 454 4314; x_wconf 71' lang='lat' dir='ltr'><strong>igitur-ipse</strong></span> <span class='ocrx_word' id='word_1_267' title='bbox 488 4242 654 4297; x_wconf 86' lang='lat' dir='ltr'><strong>Aristoteles</strong></span> <span class='ocrx_word' id='word_1_268' title='bbox 677 4240 815 4310; x_wconf 81' lang='lat' dir='ltr'><strong>(Metaph.</strong></span> <span class='ocrx_word' id='word_1_269' title='bbox 837 4241 859 4308; x_wconf 95' lang='lat' dir='ltr'><strong>l,</strong></span> <span class='ocrx_word' id='word_1_270' title='bbox 879 4245 903 4295; x_wconf 80' lang='lat'><strong>3.</strong></span> <span class='ocrx_word' id='word_1_271' title='bbox 923 4240 1057 4310; x_wconf 69' lang='lat'>9831120)</span> <span class='ocrx_word' id='word_1_272' title='bbox 1085 4246 1205 4298; x_wconf 87' lang='lat' dir='ltr'><strong>testatur</strong></span> 
     </span>
    </p>
   </div>
   <div class='ocr_carea' id='block_1_5' title="bbox 0 0 1446 4906">
    <p class='ocr_par' dir='ltr' id='par_1_7' title="bbox 0 0 1446 4906">
     <span class='ocr_line' id='line_1_36' title="bbox 0 0 1446 4906; baseline 0 0"><span class='ocrx_word' id='word_1_273' title='bbox 0 0 1446 4906; x_wconf 95' lang='lat' dir='ltr'><strong> </strong></span> 
     </span>
    </p>
   </div>
  </div>
 </body>
</html>
