2864 4904
616 388 666 442 119

87 575 157 638 que
189 556 411 625 ostendentem
443 559 622 626 Alexandri
654 561 849 626 sententiam
883 561 1064 644 improbare
1073 561 1107 638 ¹).
1154 562 1201 628 At

86 663 287 749 Simplicius
318 668 523 753 apertissime
559 670 616 736 illa
648 669 878 755 disputationis
902 678 994 755 parte
1029 671 1064 736 id
1096 672 1200 738 solum

86 775 172 858 agit,
199 782 234 841 ut
252 777 464 862 Porphyrii
495 778 535 846 de
556 778 794 846 Anaximandri
822 779 985 865 principio
1011 779 1198 864 opinionem

86 885 248 952 ostendat
270 907 341 954 cum
364 887 445 974 ipsis
468 889 655 956 Aristotelis
681 887 789 954 verbis
819 908 950 973 prorsus
974 908 1134 972 pugnare3
1167 896 1199 954 et

87 992 172 1058 licet
196 995 254 1060 illa
275 995 453 1080 disputatio
482 996 631 1064 videatur
656 997 754 1064 etiam
782 997 829 1062 ita
855 997 1001 1081 intellegi
1030 1016 1135 1082 posse,
1164 1004 1200 1064 ut

88 1103 193 1167 simul
225 1103 403 1170 Alexandri
431 1105 592 1176 sententia
618 1104 794 1187 refellatur,
827 1109 943 1188 postea
969 1111 1076 1170 tamen
1107 1104 1198 1171 vide-

86 1210 210 1290 bimus,
236 1210 321 1278 hnnc
354 1213 549 1279 intellectum
582 1233 642 1279 nec
663 1213 883 1280 necessarium
913 1233 986 1279 esse
1011 1218 1044 1278 et
1065 1213 1107 1278 ab
1128 1214 1197 1279 uni·
1237 1265 1243 1278 .

86 1341 190 1386 versa
212 1319 374 1404 Simplicii
406 1321 625 1408 disputatione
654 1321 784 1387 omnino
813 1320 996 1388 dissentire.
1040 1321 1109 1388 Nec
1131 1323 1198 1388 ulla

86 1433 119 1496 in
145 1430 212 1496 hoc
238 1433 308 1498 loco
331 1432 494 1519 Simplicii
521 1433 663 1499 comitur
692 1434 733 1499 de
754 1439 889 1499 naturae
917 1431 1043 1498 mediae
1066 1438 1197 1498 anctore

88 1539 299 1624 incertitudo,
323 1548 358 1607 ut
372 1541 516 1608 Zellerus
539 1542 671 1626 purae).
716 1542 918 1625 Quamquam
941 1542 1027 1608 enim
1050 1541 1196 1608 hocloco

87 1670 186 1716 suam
219 1650 322 1735 ipsius
345 1653 538 1718 sententiam
570 1671 633 1718 non
665 1634 772 1718 certis*
792 1651 900 1718 verbis
923 1651 1056 1729 indicat,
1089 1657 1197 1717 umen

88 1759 181 1842 inde,
204 1759 291 1841 quod
313 1761 383 1842 ipse
404 1761 553 1827 omnibus
568 1761 651 1827 locis
666 1760 931 1828 antecedentibus
954 1781 1052 1828 unum
1075 1760 1196 1826 Anaxi-

88 1867 266 1934 mandrum
288 1869 475 1947 dimisum,
498 1871 553 1953 qui
575 1870 614 1934 τὸ
635 1869 728 1952 παρὰ
748 1870 788 1934 τὰ
809 1872 956 1950 στοιχεῖα
978 1877 1010 1935 et
1023 1868 1061 1934 τὸ
1076 1869 1194 1951 nerag*

65 1959 292 2061 'principium
315 1987 458 2061 poneret,
494 1977 630 2044 eandem
662 1979 762 2063 igitur
789 1977 911 2068 ubique
932 1976 973 2043 de
995 1976 1091 2043 huius
1112 1979 1197 2062 prin-

89 2087 173 2171 cipii
197 2093 329 2152 auctore
352 2088 520 2171 proposuit
542 2089 744 2165 sententiam,
767 2105 864 2169 quam
887 2086 947 2152 hoo
970 2089 1043 2152 loco
1066 2086 1107 2152 ab
1120 2087 1196 2152 Ale-

90 2195 220 2261 xandro
243 2198 380 2281 proponi
403 2196 493 2276 dicit,
527 2205 558 2263 ct
587 2197 674 2280 quod
696 2196 910 2282 Porphyrium
944 2196 986 2261 ab
1008 2194 1196 2262 Alexandro

89 2303 341 2371 dissentientem
365 2304 441 2372 data
463 2325 562 2390 opera
585 2305 712 2388 refellit,
735 2306 806 2372 sine
829 2305 893 2370 ulla
915 2303 1114 2370 dubitatione
1135 2323 1194 2388 ap·

91 2420 196 2499 paret,
223 2413 312 2478 illam
333 2414 510 2482 Alexandri
541 2415 733 2482 sententiam
760 2434 832 2480 cam
857 2434 938 2490 esse,
973 2433 1069 2496 quarn
1093 2413 1195 2479 solam

91 2523 163 2608 ipse
186 2523 312 2608 probet.

192 2631 255 2698 His
278 2632 435 2716 expositis
456 2632 577 2698 nemini
600 2632 716 2698 mirum
736 2630 909 2714 videbitur,
933 2629 1136 2714 Simplicium
1160 2631 1193 2694 in

89 2743 274 2827 posteriore
295 2744 393 2808 etiam
415 2743 558 2810 eiusdem
581 2743 803 2810 commentarii
827 2751 919 2826 parte
939 2749 971 2808 et
985 2741 1019 2808 in
1035 2762 1193 2808 commen-

90 2851 175 2918 tario
209 2850 549 2920 inlibrcsde00e10
576 2840 615 2917 ud
640 2852 732 2935 παρὰ
757 2852 797 2917 τὰ
824 2854 980 2936 στοιχεῖα,
1007 2851 1045 2916 τὸ
1069 2851 1192 2933 μεταξύ

90 2968 122 3026 et
136 2962 225 3027 inter
246 2981 352 3028 aerem
374 2970 535 3046 elaquam
555 2971 587 3030 et
609 2962 692 3029 inter
707 2947 815 3028 acrern
837 2969 870 3028 et
883 2961 1001 3047 ignem,
1023 2959 1194 3043 τὸμεταξύ

90 3070 285 3156 simpliciter
300 3071 430 3156 dictum,
445 3079 610 3156 tamquam
622 3093 718 3139 unam
737 3072 938 3155 eandemque
950 3092 1017 3137 rem
1039 3069 1095 3136 nni
1108 3072 1191 3135 Ana·

90 3178 265 3244 ximandro
281 3177 432 3257 tribuere,
455 3201 527 3245 curn
542 3179 584 3245 iis
599 3179 689 3256 locis,
712 3179 829 3261 quibus
841 3177 1045 3244 Aristotelem
1067 3176 1118 3243 his
1140 3198 1193 3242 vo-

92 3289 221 3357 cabulis
236 3294 375 3356 utentem
389 3289 538 3374 explicat,
560 3297 626 3356 tum
640 3290 692 3371 iis,
714 3288 831 3372 quibus
844 3289 1061 3372 generaliores
1073 3288 1193 3355 Aristo-

91 3399 164 3464 telis
187 3397 366 3464 sententias
379 3397 462 3462 ultro
484 3395 580 3478 quasi
602 3413 641 3460 ex
658 3394 793 3460 historia
806 3393 1031 3479 philosophiae
1046 3394 1194 3461 illustrat.

91 3509 198 3591 Atque
223 3509 364 3592 priorum
383 3504 518 3594 ¹quidem
546 3505 689 3570 locorum
712 3522 903 3586 unoquoque
934 3504 969 3570 id
989 3505 1194 3588 vocabulum,

92 3615 361 3697 qquristoteles
382 3615 491 3696 utitur,
513 3613 705 3700 simpliciter
727 3612 770 3678 ad
787 3611 1064 3681 Anaximandrum
1080 3615 1192 3697 refert3

92 3723 276 3791 huncenim
297 3725 343 3791 ait
365 3743 531 3803 enmesso,
555 3724 610 3807 qui
632 3722 775 3806 τὸπαρά
798 3723 1004 3801 τὰστοιχεῖα,
1030 3742 1068 3789 ac
1083 3742 1194 3789 rursus

93 3832 190 3900 etiam
213 3853 294 3917 eum,
328 3833 385 3917 qui
410 3833 592 3915 τὸμεταξύ
626 3834 710 3900 inter
738 3853 847 3900 aerem
880 3839 912 3898 et
944 3851 1062 3916 aquam
1094 3836 1194 3916 ponat

96 4045 291 4056 ··——..———-.

194 4188 222 4256 Ι)
240 4187 487 4257 Schleierroacher‚
507 4187 609 4244 Werke
627 4188 676 4256 111,
695 4191 721 4258 2,
739 4207 767 4258 p.
788 4190 847 4242 180.

193 4285 223 4354 2)
241 4283 342 4355 Zeller,
361 4284 541 4354 Philosophie
560 4285 610 4340 der
629 4285 774 4354 Griechen,
795 4285 816 4353 1,
835 4302 862 4354 p.
885 4286 935 4339 189
954 4284 996 4340 ed.
1018 4285 1042 4338 3.
1166 4359 1171 4369 Ι
