2860 4906
771 349 826 402 2⁶0

345 519 404 585 His
425 518 600 602 disputatis
622 520 720 584 facile
736 522 946 601 cognoscitur,
970 540 1052 603 quae
1068 540 1171 586 rerum
1187 522 1339 586 clementa

246 630 297 694 vel
317 648 398 712 quas
421 627 543 711 primas
565 636 697 696 naturas
720 650 891 715 corporeas
914 651 955 694 ex
976 631 1049 713 ipo
1061 631 1219 714 principio
1243 650 1338 696 score-

246 746 295 804 tas
320 735 560 805 Anaximander
584 739 743 808 statuerit.
787 739 929 804 Primum
946 740 1032 804 enim
1055 760 1126 805 cum
1142 740 1221 806 illud
1236 738 1339 804 mundi

246 866 355 914 semen
379 869 396 913 e
419 847 577 934 principio
600 855 758 916 secretum
784 846 957 916 fecundum
979 868 1051 914 esse
1078 848 1204 915 dicatur
1226 847 1339 914 calidi

246 962 284 1021 et
306 955 462 1038 frigidi,
489 958 585 1024 simul
609 965 716 1024 autem
739 957 896 1024 referatur
925 959 1062 1040 primum
1089 979 1131 1023 ex
1152 976 1223 1024 sese
1244 975 1338 1022 seere-

244 1064 332 1132 vissc
355 1071 529 1132 naturam
551 1065 703 1150 igneam
731 1074 771 1132 ct
798 1073 981 1132 naturam
1004 1065 1207 1148 humidam,
1238 1084 1339 1132 couse-

245 1195 347 1256 queus
370 1181 428 1257 cst,
451 1181 486 1240 ut
508 1182 623 1242 natura
643 1176 741 1259 ignea
768 1183 800 1241 et
835 1182 950 1242 natura
981 1174 1115 1242 humida
1148 1176 1212 1241 sint
1243 1177 1340 1259 ipsum

245 1284 326 1350 illud
350 1283 489 1351 calidum
511 1284 720 1368 etfrigidum‚
742 1287 794 1351 vel
817 1293 851 1350 ut
866 1287 958 1370 ipsae
981 1287 1103 1369 primae
1119 1285 1233 1352 harum
1255 1290 1338 1350 natu·

245 1413 352 1458 rarum
365 1391 564 1460 differentiae
588 1395 622 1460 in
643 1395 750 1462 calore
772 1401 804 1460 et
825 1395 945 1478 frigore
961 1393 1088 1477 positae
1112 1395 1187 1460 sint.
1209 1394 1340 1472 Deinde,

245 1522 318 1567 cum
340 1491 495 1568 c‘natura
528 1505 625 1588 ignea
651 1510 684 1570 et
710 1511 827 1570 natura
854 1503 988 1568 humida
1004 1505 1142 1586 reliqua,
1164 1525 1229 1585 aer,
1252 1509 1339 1584 terra,
1410 1563 1411 1568 ,

245 1613 316 1692 ipsa
337 1632 433 1696 aqua,
466 1620 669 1697 generentur,
702 1615 857 1698 sequitur,
891 1620 927 1680 ut
949 1613 1009 1681 hae
1040 1613 1124 1680 duae
1147 1622 1282 1680 naturae
1302 1613 1338 1676 ab
1410 1647 1411 1680 r

244 1722 484 1790 Anaximandro
509 1725 651 1789 omnium
671 1745 777 1790 rerum
800 1729 950 1807 potenter
971 1725 1132 1790 elementa
1154 1742 1233 1788 esse.
1260 1723 1339 1803 Ergo

243 1832 483 1899 Anaximander
505 1834 569 1899 duo
589 1835 810 1899 solumrerum
834 1833 992 1900 elementa
1014 1834 1199 1916 velprimas
1214 1837 1338 1898 naturas

242 1962 413 2024 corporeas
449 1963 489 2008 ex
524 1944 597 2026 ipso
629 1943 791 2027 principio
825 1951 966 2010 secretas
1001 1944 1131 2025 statuit,
1168 1949 1337 2008 naturam

244 2050 435 2119 humidam
475 2073 636 2136 eamque
684 2052 841 2135 quidem
875 2052 1065 2136 frigidam
1100 2059 1138 2118 et
1168 2058 1337 2118 naturam

244 2160 395 2244 igneam
418 2181 579 2244 eamque
602 2161 755 2244 quidem
778 2162 955 2228 calidam.

343 2269 437 2348 Quod
458 2271 624 2352 hucusque
651 2291 691 2336 ex
722 2271 806 2353 ipsis
828 2277 972 2354 veterum
1004 2271 1197 2338 testimoniis
1229 2287 1336 2352 cogno·

243 2380 357 2462 vimus,
380 2377 412 2444 id
435 2382 563 2445 omnino
590 2379 797 2446 confirmatur
824 2380 889 2445 alio
909 2387 1108 2463 argumento,
1139 2380 1259 2465 quippe
1280 2395 1338 2460 quo

243 2488 411 2568 efficiatur,
433 2488 709 2554 Anaximandrum
726 2510 797 2554 non
812 2510 859 2575 po
870 2491 1003 2555 tuisse
1019 2489 1092 2573 plus
1109 2489 1173 2555 duo
1188 2491 1338 2554 elementa

242 2600 293 2664 vel
322 2597 402 2664 duas
424 2599 546 2681 primas
573 2605 702 2664 naturas
732 2599 911 2666 contrarias
938 2618 1066 2683 ponere.
1117 2599 1242 2664 Etenim
1271 2616 1337 2662 eum

241 2706 378 2774 vidimus
405 2715 558 2790 statuere,
591 2709 784 2792 principium
812 2710 844 2774 in
865 2728 900 2773 se
922 2706 1042 2774 habere
1073 2708 1243 2785 contraria,
1267 2726 1336 2789 quo-

242 2837 312 2883 rum
335 2819 512 2885 secretione
534 2838 638 2884 rerum
653 2818 892 2885 multitudinem
906 2824 1083 2902 generaret,
1107 2817 1215 2902 ipsum
1237 2821 1336 2882 autem

242 2946 314 2992 esse
330 2927 543 2992 substantiam
568 2928 756 3013 simplicem,
780 2948 862 3011 quae
885 2948 944 2993 sua
966 2927 1070 3011 ipsius
1088 2927 1244 3009 qualitate
1260 2925 1338 2989 inter

242 3033 305 3100 duo
317 3037 475 3102 elementa
488 3039 541 3104 vel
553 3037 633 3103 duas
644 3039 765 3123 primas
781 3045 912 3104 naturas
929 3037 1107 3104 contrarias
1120 3036 1230 3102 media
1250 3038 1336 3100 esset.

243 3144 336 3210 Certe
358 3152 466 3212 autem
490 3153 620 3213 naturas
643 3148 830 3223 contrarias,
854 3147 938 3212 inter
962 3165 1044 3228 quae
1066 3147 1258 3230 principium
1279 3161 1336 3207 me-

241 3254 330 3320 dium
353 3255 404 3338 sit,
427 3277 483 3322 eas
507 3257 675 3339 intellegit,
698 3277 779 3339 quas
803 3257 909 3339 ipsum
933 3275 990 3340 per
1019 3276 1053 3321 se
1075 3256 1223 3340 potentia
1244 3250 1335 3318 conti-

241 3373 333 3436 ueat;
364 3385 503 3449 namque
536 3368 598 3433 iam
631 3365 782 3448 diximus,
816 3386 889 3432 cum
912 3366 983 3432 sine
1017 3364 1115 3430 dnbio
1151 3363 1335 3448 principium

241 3493 312 3538 eam
334 3473 375 3538 ab
398 3493 547 3540 caussam
570 3476 651 3540 inter
674 3473 754 3540 duas
777 3481 910 3539 naturas
926 3475 1103 3539 contrarias
1125 3473 1266 3539 medium
1286 3491 1333 3558 po·
1410 3479 1411 3530 l

241 3603 326 3660 nere,
358 3583 444 3667 quod
467 3586 513 3650 ita
535 3586 638 3650 solum
660 3590 771 3668 posset
793 3589 825 3648 et
852 3582 1034 3651 substantia
1055 3583 1195 3665 simplex
1217 3603 1287 3650 csse
1307 3586 1335 3646 ct

241 3699 372 3758 naturas
404 3695 579 3759 contrarias
607 3695 779 3759 continere.
824 3694 893 3757 lam
926 3712 1003 3757 vero
1036 3691 1231 3776 principium
1262 3695 1335 3758 inter

241 3801 336 3868 duas
360 3804 481 3872 solum
509 3809 642 3868 naturas
670 3804 845 3868 contrarias
878 3808 984 3886 potest
1015 3801 1156 3867 medium
1190 3822 1273 3885 esse,
1305 3805 1333 3864 ut

242 3931 369 3995 semper
391 3913 472 3977 iuter
494 3911 576 3978 duas
599 3913 703 3978 solum
724 3911 867 3978 medinm
889 3912 1016 3994 dicitur3
1040 3931 1115 3977 narn
1137 3911 1265 3977 etiamsi
1284 3929 1334 3975 sua

241 4021 396 4103 qualitate
428 4021 509 4087 l'orte
541 4023 623 4088 inter
656 4022 763 4105 plures
786 4022 963 4086 contrarias
995 4022 1166 4104 qualitates
1198 4020 1332 4086 medium

242 4149 314 4195 esse
335 4128 491 4210 videatur,
514 4137 622 4196 tamen
642 4128 704 4196 hae
726 4130 850 4196 duabus
872 4130 984 4216 primis
1007 4129 1176 4196 contrariis
1199 4130 1333 4195 contiue-

241 4240 367 4310 buutur.
418 4239 503 4327 Ergo
527 4239 765 4310 Anaximander
798 4241 892 4308 duas
929 4243 1031 4308 solum
1064 4239 1177 4308 statuit
1208 4247 1332 4308 natmas
