2864 4904
788 379 825 432 86

256 557 393 622 sicerum
428 571 504 637 pars
527 558 663 634 utreque
685 552 756 618 loeo
787 551 833 617 its
855 551 1061 634 significetur,
1092 557 1128 617 ut
1160 557 1215 617 aut
1237 571 1342 634 aquam

256 670 311 730 aut
334 684 452 742 aerem,
475 662 579 728 altera
600 663 708 728 antem
733 662 839 744 priore
860 660 930 726 loeo
951 662 1006 743 ita,
1039 665 1074 725 ut
1103 656 1147 722 τὸ
1180 653 1286 741 παρὰ
1304 651 1343 722 τὰ

256 775 444 853 στοιχεῖα,
474 771 652 855 posteriore
676 789 751 836 veto
775 769 829 846 iia,
862 777 897 836 ut
921 762 964 832 td
986 767 1110 850 μέσον
1131 763 1269 845 ὕδατος
1288 765 1343 830 καὶ

255 873 373 963 α’έρος
393 900 514 966 ponere
536 880 670 961 dicatur,
694 881 846 962 seqnitur,
869 885 904 944 ut
918 877 951 944 hi
971 873 1010 942 τὸ
1025 876 1127 960 μέσον
1144 885 1294 962 ponentes
1316 883 1343 942 et

256 993 301 1058 illi
330 984 370 1055 τὸ
391 983 483 1074 παρὰ
509 983 720 1069 τὰστοιχεῖα
745 995 901 1073 ponentes
923 988 1019 1054 iidem
1054 987 1258 1071 intellegendi
1277 990 1342 1069 sint,

258 1102 415 1184 utigitur
442 1099 488 1164 τὸ
510 1092 619 1182 παρὰ
640 1084 699 1162 ’τὰ
724 1100 903 1178 στοιχεῖα
935 1103 966 1164 et
996 1091 1039 1162 ed
1070 1095 1190 1180 μέσον
1210 1091 1344 1172 ὕδατος

259 1209 323 1276 καὶ
340 1201 455 1291 ἀέρος
485 1208 621 1276 eandem
642 1230 710 1275 rem
739 1206 926 1292 significent.
969 1208 1114 1292 Utroque
1148 1213 1249 1273 nutem
1278 1209 1342 1272 loeo

258 1327 370 1404 aperte
385 1318 563 1404 respicitur,
586 1317 673 1402 quod
688 1319 759 1402 ipso
775 1317 1002 1402 disputationis
1017 1317 1108 1384 initio
1125 1318 1238 1384 dietum
1256 1315 1342 1398 est'),

259 1429 413 1515 physicos
435 1448 556 1507 omnes
577 1430 632 1510 qui
653 1429 841 1512 principium
864 1433 983 1512 ponant
1006 1427 1175 1510 infinitum,
1205 1429 1261 1512 ipsi
1279 1425 1343 1492 inti-
1408 1425 1409 1510 l

258 1540 352 1606 nitati
374 1540 470 1604 aliam
492 1537 654 1621 quandam
676 1545 823 1604 naturam
846 1539 999 1618 subicere,
1029 1543 1127 1620 atque
1150 1537 1270 1620 quidem
1288 1542 1343 1600 aut

259 1669 358 1716 unum
380 1669 422 1714 ex
444 1648 608 1729 elementis
632 1648 718 1714 velut
739 1654 795 1714 aut
816 1667 933 1730 squam
955 1653 1011 1713 aut
1022 1668 1139 1724 aerem,
1163 1653 1216 1712 aut
1234 1639 1272 1710 sd
1285 1667 1342 1726 με-
1408 1639 1409 1646 ’

260 1751 356 1838 vage
380 1749 541 1822 τούτων.

359 1864 484 1932 Deinde
508 1864 602 1930 initio
624 1865 757 1932 secundi
780 1865 821 1932 de
844 1865 924 1932 Gen.
947 1872 979 1932 et
1003 1865 1090 1932 Gerr.
1111 1866 1197 1944 libri,
1228 1862 1278 1930 nbi
1305 1861 1342 1926 de

261 1977 491 2042 elementorum
513 1975 649 2041 materia
664 1975 799 2058 quaerit,
821 1975 968 2059 hancque
990 1977 1031 2041 ab
1053 1975 1129 2041 aliis
1150 1975 1229 2040 dieit
1248 1992 1341 2050 unam,

260 2084 302 2150 ab
323 2083 398 2150 aliis
421 2084 532 2168 plures
554 2103 626 2151 esse
639 2084 747 2166 statui,
770 2104 835 2164 eos,
858 2085 913 2168 qui
930 2106 1026 2151 unam
1042 2086 1265 2150 elementorum
1284 2101 1340 2148 ma·

260 2193 375 2259 teriam
398 2213 470 2260 esse
494 2195 604 2276 velint,
637 2214 746 2260 rursus
780 2196 825 2260 ita
844 2194 1027 2279 distinguit,
1059 2200 1094 2260 ut
1116 2195 1234 2261 alteros
1257 2211 1341 2258 unum

261 2293 302 2368 ex
324 2301 501 2378 elementis,
530 2304 619 2368 velut
640 2322 749 2368 aerem
771 2309 827 2368 aut
848 2305 966 2386 ignem,
995 2305 1115 2370 alteros
1135 2296 1195 2368 ‘ni
1214 2293 1341 2385 μεταξέ

260 2403 419 2492 τούτων,
450 2405 559 2493 σῶμά
591 2433 632 2474 τε
663 2404 708 2475 ὃν
739 2410 805 2476 καὶ
836 2401 1047 2496 χωριστὸν’
1080 2433 1200 2497 ponere
1229 2409 1341 2486 dieat²)-

123 2496 124 2500 Ἰ
191 2566 193 2570 -
261 2521 374 2586 Paullo
397 2526 503 2586 autem
525 2528 599 2605 post
621 2522 797 2605 separatim
820 2543 874 2589 eos
891 2521 1022 2605 refellit,
1043 2523 1100 2606 qui
1115 2544 1211 2589 unam
1223 2523 1341 2587 elemen-

260 2635 364 2696 torum
386 2631 554 2696 materiam
575 2637 724 2697 naturam
738 2633 901 2715 quandam
917 2638 1038 2714 ponant
1051 2626 1168 2714 ‘nepti
1188 2625 1232 2694 τὰ
1250 2622 1341 2710 einp

260 2736 355 2820 μένα
368 2737 584 2822 (στοιχεῖα),
596 2733 740 2826 ταύτην
752 2739 792 2805 δέ
807 2721 1028 2825 anapaestis
1041 2740 1102 2804 καί
1116 2727 1341 2824 megensind).

261 2847 323 2926 Qui
344 2846 404 2913 hoe
425 2849 604 2931 posteriore
620 2850 691 2915 loeo
713 2870 808 2915 unam
820 2851 1049 2916 elementorum
1059 2850 1227 2916 materiam
1237 2866 1342 2934 ponere

261 2956 410 3022 dicuntur
432 2947 579 3022 naturam
606 2958 768 3042 quandam
797 2953 910 3042 ’παρὰ
940 2958 980 3023 τὰ
1001 2959 1177 3039 στοιχεῖο’,
1208 2967 1286 3026 certe
1313 2954 1342 3019 in

261 3085 391 3131 numero
413 3073 488 3132 sunt
510 3087 628 3147 eornm,
653 3088 787 3151 quorum
811 3069 990 3136 sententiae
1012 3068 1068 3134 illo
1091 3070 1198 3152 priore
1217 3069 1283 3133 loen
1303 3065 1341 3128 in-

262 3173 428 3256 dicantum
459 3176 525 3240 iam
545 3196 621 3241 vero
649 3198 720 3243 eum
751 3178 865 3244 referri
888 3199 952 3245 non
984 3179 1111 3262 possint
1142 3179 1186 3244 ad
1206 3197 1267 3258 eos,
1297 3171 1342 3256 qni

263 3283 318 3348 illo
341 3284 449 3367 priene
471 3286 542 3352 loeo
572 3306 680 3352 aerem
712 3292 769 3352 aut
801 3288 908 3370 ignem
940 3289 1169 3354 elementorum
1192 3283 1342 3353 materiam

262 3412 380 3475 ponere
403 3391 562 3477 dicuntur,
585 3393 716 3462 eosdem
743 3414 815 3462 esse
843 3402 970 3480 oportet
991 3403 1087 3480 atque
1116 3417 1182 3476 eos,
1211 3394 1263 3480 qui
1288 3391 1344 3458 illie

366 3697 391 3767 l)
409 3695 490 3767 Phys.
509 3698 560 3767 III,
579 3700 604 3754 4.
623 3700 696 3753 203θ
711 3701 752 3752 16.
772 3699 835 3756 vid.
852 3718 880 3770 p.
900 3701 934 3752 68
953 3704 1010 3754 not.
1033 3699 1057 3754 1.

362 3793 391 3862 2)
413 3793 578 3850 Aristoteles
586 3796 681 3865 priore
690 3796 752 3851 loeo
765 3815 821 3851 non
839 3795 944 3867 apertis
956 3795 1069 3866 quidem
1081 3795 1174 3851 verbis
1186 3795 1244 3850 seri
1262 3797 1287 3848 et
1296 3787 1345 3861 igni

261 3893 422 3964 generalem
441 3890 642 3947 elementorum
660 3892 803 3948 notionem
823 3893 984 3962 anteponit3
1004 3893 1052 3948 sed
1072 3893 1108 3947 ab
1127 3910 1160 3947 eo
1179 3893 1234 3962 duo
1251 3891 1297 3944 illa
1312 3885 1345 3940 di·

262 3988 377 4043 visionis
395 3987 530 4050 membra,
559 4007 630 4058 quae
648 3972 955 4060 posuimus-intellegi,
975 4007 1009 4044 ex
1028 3989 1089 4059 ipsa
1108 3988 1258 4043 verborum
1275 3983 1344 4040 colle

264 4085 374 4142 eetione
392 4090 519 4155 apparet.
556 4085 618 4140 Vid.
637 4087 712 4142 locos
730 4105 758 4157 p.
778 4089 814 4140 64
830 4091 888 4142 not.
910 4087 940 4156 33
959 4087 994 4142 ef.
1015 4087 1082 4142 Gen.
1094 4087 1172 4141 Gorr.
1190 4086 1226 4156 11,
1244 4086 1267 4139 5.
1285 4080 1346 4135 332⁵

263 4185 329 4237 set
346 4184 389 4237 20.

282 4257 289 4268 ’
362 4280 390 4350 ο)
409 4279 475 4336 sen.
496 4279 573 4334 corr.
592 4281 628 4350 11,
649 4280 672 4334 1.
692 4281 763 4335 3292
775 4282 802 4338 s.
821 4281 883 4336 vn.
902 4298 929 4350 p.
951 4281 986 4335 es
1004 4284 1063 4336 not.
1085 4283 1108 4334 1.
1159 4343 1161 4348 ¹
