2860 4906
628 381 679 434 261

88 557 270 624 materiam
293 580 375 637 csse,
397 562 485 644 quia,
509 561 670 644 quidquid
691 581 767 628 vere
790 583 863 628 esse
877 561 1047 645 cogitatur,
1063 564 1204 629 naturali

87 667 241 749 quadam
263 668 430 751 cogitandi
466 671 661 738 necessitate
688 671 891 737 substantiae
919 672 1059 755 speciem
1089 671 1203 754 induit,

87 779 252 843 materiae
275 783 383 844 autem
406 779 495 845 notio
517 799 576 864 per
598 800 633 846 se
655 782 769 863 quavis
798 780 954 863 qualitate
976 781 1116 846 carentis
1139 803 1203 847 non

87 886 277 969 concipitur
297 888 401 952 nisivi
419 889 498 953 artis
521 888 712 954 dialecticae
735 889 802 970 tali,
825 889 954 970 qualem
976 909 1035 973 per
1056 908 1092 954 se
1113 897 1204 973 patet

87 993 133 1058 ab
159 992 405 1060 Anaximandro
424 996 522 1061 ctiam
545 995 686 1061 alienam
700 995 818 1078 tuisse,
841 994 869 1061 si
882 995 1123 1062 Anaximander
1137 1019 1200 1064 ma

86 1102 198 1168 teriae
232 1104 396 1170 notionem
429 1102 614 1188 habuisset,
648 1107 717 1170 sine
754 1104 854 1171 dubio
886 1111 992 1171 mente
1025 1105 1202 1172 doctrinam

87 1219 309 1296 concepturus
332 1213 448 1280 fuisset
470 1215 511 1281 ab
530 1235 578 1297 ea,
602 1235 696 1298 quam
709 1214 869 1298 novimus,
891 1215 1039 1282 omnibus
1055 1217 1202 1300 partibus

88 1324 270 1390 diversam.
313 1321 405 1389 Hanc
427 1323 639 1390 substantiam
661 1322 796 1407 putabat
826 1342 1024 1407 corpoream,
1051 1327 1201 1408 quoniam

87 1440 160 1499 tum
183 1435 291 1510 etiam,
316 1432 473 1516 quidquid
488 1441 583 1512 esset,
606 1433 998 1517 corporcnmputabatur;
1022 1433 1201 1517 simplicem

88 1542 235 1626 denique
258 1544 394 1626 putabat
424 1562 485 1610 neo
513 1564 590 1610 vero
618 1543 840 1628 compositam,
870 1541 957 1626 quod
992 1564 1032 1609 cx
1065 1563 1105 1610 ea
1136 1564 1201 1610 una

88 1655 213 1734 omnia,
234 1654 309 1736 ipsa
330 1660 439 1720 autem
460 1673 479 1719 e
500 1654 596 1719 nullis
618 1654 694 1718 aliis
718 1659 814 1720 esset.

195 1761 262 1827 Sed
284 1761 325 1829 dc
348 1762 397 1828 his
433 1761 550 1845 partim
585 1762 649 1828 iam
670 1768 768 1828 antea
791 1764 869 1828 satis
892 1761 1014 1828 dictum
1036 1768 1102 1842 est3
1140 1761 1200 1827 hoc

88 1877 202 1936 autem
217 1871 288 1937 loco
304 1869 337 1935 id
349 1872 550 1954 potissimum
566 1873 737 1954 quaerdur,
761 1871 879 1953 quibus
890 1871 1069 1938 rationibus
1084 1869 1199 1936 ductus

90 1978 291 2062 principium
324 1980 471 2045 statuerit
504 1978 588 2044 inter
619 1978 684 2045 duo
718 1980 876 2046 elementa
909 1981 976 2045 sive
1006 1981 1088 2044 inter
1118 1979 1199 2044 duas

91 2089 216 2171 primas
251 2094 384 2153 naturas
418 2089 597 2156 contrarias
631 2088 772 2155 medium
810 2109 890 2156 esse.
946 2087 1037 2166 Quae
1069 2088 1198 2171 quidem

91 2198 236 2265 rationes
259 2216 330 2261 meo
352 2195 526 2264 iudiciuin
549 2196 675 2264 duabus
695 2200 834 2264 maxime
856 2198 951 2264 rebus
974 2196 1100 2282 positae
1115 2205 1198 2279 sunt,

92 2310 127 2373 in
150 2328 190 2372 ea
212 2308 383 2383 sententia,
406 2306 566 2389 quamde
589 2314 705 2373 natura
728 2307 891 2393 principii,
919 2317 951 2374 et
975 2307 1009 2372 in
1032 2327 1080 2390 ea,
1103 2327 1197 2390 quam

91 2415 273 2499 deprimis
306 2437 411 2482 rerum
436 2416 601 2482 elementis
629 2418 697 2482 sive
726 2416 767 2482 de
790 2417 902 2501 primis
924 2415 1048 2482 naturis
1072 2422 1197 2483 contra-

91 2526 149 2590 riis
172 2532 375 2609 conceperat.
415 2526 557 2591 Primum
572 2527 666 2608 enim,
690 2528 839 2608 quoniam
855 2527 1046 2610 principium
1062 2526 1197 2609 putabat

91 2655 164 2700 eam
187 2640 335 2700 naturam
358 2655 440 2714 esse,
464 2655 546 2717 quae
570 2635 719 2701 omnibus
740 2636 837 2701 rebus
860 2634 1005 2701 subiecta
1027 2639 1113 2700 essct
1128 2653 1196 2699 cas-

93 2764 156 2826 que
187 2765 228 2810 ex
250 2765 321 2810 sese
350 2746 506 2829 gigneret,
536 2763 737 2827 consequens
759 2751 838 2823 erat,
872 2751 907 2810 ut
937 2743 1020 2811 hanc
1049 2749 1195 2809 naturam

93 2860 222 2937 putaret
245 2873 356 2919 omnes
378 2873 430 2920 res
453 2854 563 2936 aliquo
579 2854 674 2920 modo
690 2841 869 2937 continere;
892 2860 924 2920 et
938 2854 1089 2937 quoniam
1112 2853 1196 2920 banc

92 2971 239 3029 naturam
261 2963 391 3030 volebat
423 2964 638 3030 substantiam
671 2985 742 3031 esse
770 2965 961 3049 simplicem,
995 2984 1194 3047 consequens

92 3080 171 3155 erat,
194 3080 229 3138 ut
251 3093 321 3138 eam
350 3079 478 3158 putaret
507 3094 617 3141 omnes
639 3095 691 3141 res
718 3095 781 3141 non
814 3081 888 3141 actu
917 3095 1027 3141 verum
1050 3074 1195 3159 potentia

92 3185 269 3258 continere;
302 3185 421 3265 inqua
451 3205 486 3251 re
513 3186 627 3250 iterum
660 3205 786 3266 moneo,
819 3205 870 3250 mc
900 3183 960 3251 boc
986 3183 1101 3262 dicere,
1130 3205 1194 3251 non

92 3292 179 3375 quod
193 3292 435 3360 Anaximander
457 3296 545 3378 ipsas
569 3301 660 3362 actus
684 3302 716 3362 et
739 3296 902 3376 potentiae
920 3296 1068 3362 notiones
1083 3294 1193 3362 distin·

91 3403 186 3475 xerit,
211 3400 270 3467 sed
281 3401 367 3483 quod
388 3421 423 3468 re
439 3421 510 3467 cam
526 3404 681 3468 rationem
696 3403 900 3486 intellexerit,
916 3423 1012 3485 quam
1029 3403 1193 3487 potentiae

90 3513 219 3577 nomine
246 3509 288 3575 ab
320 3516 394 3576 actu
418 3511 656 3594 distinguimus.
701 3511 829 3578 Deinde
852 3511 961 3593 exiis,
995 3531 1077 3595 quae
1099 3525 1193 3596 supe-

89 3619 175 3684 riore
199 3619 306 3701 capite
321 3617 568 3702 disputavimus,
593 3619 815 3686 coniciendum
833 3627 892 3704 est,
916 3639 987 3687 cum
1008 3620 1115 3705 ¹ipsius
1137 3643 1192 3687 na-

90 3737 183 3794 turae
206 3729 477 3812 contemplatione
501 3729 564 3794 sibi
587 3732 799 3813 persuasisse,
821 3731 926 3814 prima
943 3732 1102 3798 elementa
1124 3731 1193 3797 sive

90 3839 213 3920 primas
235 3842 367 3902 naturas
391 3837 579 3920 contrarias,
613 3858 748 3927 quarum
770 3860 926 3906 consnrsn
949 3860 1060 3906 omnes
1080 3840 1192 3907 mundi

91 3967 142 4012 res
164 3954 385 4025 nascerentur,
418 3948 449 4010 in
482 3952 596 4013 natura
618 3949 713 4031 ignea
738 3969 777 4015 ao
809 3949 915 4015 calida
947 3955 979 4016 et
1011 3950 1045 4016 in
1077 3957 1192 4017 natura

91 4053 222 4122 humida
244 4075 283 4120 ac
297 4054 420 4139 frigida
435 4057 621 4123 consistere.
667 4058 734 4124 Has
747 4060 845 4142 igitur
866 4066 997 4126 naturas
1013 4061 1191 4128 contrarias

92 4167 162 4249 ipso
185 4163 344 4249 principio
368 4165 504 4248 putabat
526 4165 635 4249 aliquo
658 4167 755 4234 modo
777 4168 945 4251 contineri,
971 4169 1098 4254 haeque
1120 4171 1191 4238 sine

91 4272 188 4341 dubio
220 4273 399 4358 suintillae,
426 4293 510 4357 quae
538 4275 579 4341 ab
602 4276 778 4344 Aristotele
810 4284 966 4345 vocantur
988 4272 1135 4346 ‘cosam
1157 4278 1192 4345 ἐν
