2850 4904
605 385 657 440 185

86 553 209 640 ρημένοι
233 556 442 640 intellegendi
466 563 540 622 sunt
559 576 687 623 omnes
711 556 741 622 ii
764 556 934 640 physici,
961 557 1017 640 qui
1040 555 1075 622 id
1097 556 1184 639 quod

86 672 244 731 estonum
267 686 382 750 corpus
404 666 500 733 rebus
524 667 705 733 subiectum
732 672 830 750 atque
854 665 984 749 quidem
1006 673 1063 731 aut
1085 686 1183 732 unum

87 796 125 840 ex
149 777 313 841 elementis
343 781 399 841 aut
425 796 541 860 corpus
569 774 732 860 quoddam
763 775 906 842 medium
939 781 1069 861 ponant.
1118 773 1184 842 Sed

86 883 144 950 hoc
167 887 194 952 si
221 888 378 970 ponimus,
410 886 586 952 maximam
617 885 780 970 quandam
809 885 980 970 Simplicio
1010 883 1183 950 tribuimus

88 993 310 1060 sententiarum
332 995 590 1080 repugnantiam.
634 995 785 1078 Sequitur
807 995 903 1076 enim,
935 999 971 1060 ut
995 993 1182 1076 Simplicius

87 1103 261 1185 contendat,
279 1103 321 1169 ab
344 1103 518 1170 Aristotele
540 1102 586 1170 de
609 1104 661 1169 iis
684 1102 868 1187 physicis,
891 1103 946 1186 qui
969 1101 1004 1168 id
1026 1100 1113 1185 quod
1134 1107 1184 1167 est

87 1231 177 1277 unum
201 1219 325 1296 ponant
351 1233 468 1298 eorpus
501 1212 597 1280 rebus
634 1212 824 1295 subiectum,
855 1211 950 1278 etde
975 1212 1026 1293 iis,
1058 1210 1113 1294 qui
1150 1209 1183 1276 id

88 1337 193 1402 corpus
225 1339 323 1386 unum
360 1340 401 1386 ex
436 1321 615 1401 elementis,
652 1326 684 1386 et
718 1318 758 1386 de
795 1319 844 1402 iis,
882 1321 937 1403 qui
969 1319 1003 1384 id
1034 1326 1183 1386 naturam

88 1430 240 1512 quandam
262 1432 400 1498 mediam
423 1453 495 1501 esse
519 1433 631 1516 velint,
659 1453 730 1500 eam
755 1431 939 1517 praedicari
962 1431 1182 1515 generationis

88 1541 223 1624 formam,
256 1561 339 1625 quae
369 1541 403 1608 11
436 1542 688 1609 condensatione
710 1548 742 1608 et
772 1542 986 1608 rarefactione
1018 1541 1183 1607 consistat.

88 1651 150 1716 lam
170 1671 245 1718 vero
268 1652 405 1718 eundem
427 1653 460 1718 in
481 1653 585 1736 prima
606 1651 835 1735 disputationis
858 1656 959 1736 parte,
983 1649 1097 1716 eadem
1112 1649 1182 1714 Ari-

89 1761 204 1828 stotelis
236 1763 336 1828 verba
357 1763 583 1847 explicantem,
616 1761 725 1828 dicere
751 1761 905 1836 vidimus,
940 1780 1069 1827 omnes
1092 1757 1182 1843 phy-

90 1869 191 1953 sicos,
222 1871 279 1954 qui
306 1869 340 1936 id
362 1869 449 1954 quod
480 1877 529 1937 est
563 1891 674 1937 unum
697 1877 866 1954 ponerent,
887 1869 922 1936 id
944 1889 1043 1936 uuum
1066 1889 1182 1954 corpus

89 1978 240 2060 quoddam
255 1999 385 2064 ponere,
408 1999 446 2046 eo
462 1986 571 2046 autem
592 1982 625 2046 in
648 1979 730 2046 duas
744 1980 871 2064 species
892 1977 1012 2061 dirimi,
1035 1977 1122 2060 quod
1139 1979 1182 2042 al-

90 2088 144 2152 teri
165 2087 198 2155 id
219 2109 336 2173 corpus
362 2110 459 2155 unum
477 2090 711 2171 exclamantis,
735 2089 829 2157 alteri
848 2095 997 2155 naturam
1020 2086 1182 2171 quandam

90 2196 216 2264 mediam
238 2207 403 2282 ponerent.
430 2198 537 2279 Quare
562 2200 591 2265 si
615 2200 808 2266 sententiam
824 2198 912 2264 illam
928 2196 1088 2280 Simplicii
1111 2216 1183 2262 esse

90 2307 237 2387 ponimus,
261 2307 416 2390 seqnitur,
433 2313 468 2374 ut
480 2309 667 2393 simpliciter
678 2308 718 2374 de
735 2308 911 2374 omnibus
927 2304 1113 2392 physicis,
1128 2307 1183 2388 qui

91 2412 122 2478 id
132 2413 212 2495 quod
224 2422 274 2481 est
284 2435 382 2482 unum
395 2423 525 2500 ponant,
538 2416 626 2482 illam
638 2416 857 2499 generationis
870 2414 1005 2480 formam
1016 2414 1183 2480 abAristo·

91 2523 146 2587 tele
157 2523 336 2606 praedicari
348 2524 445 2590 dicat.
466 2526 508 2590 At
516 2525 550 2591 11
563 2526 660 2592 tertia
672 2532 704 2590 et
715 2530 828 2608 quarte
840 2523 1071 2608 disputationis
1083 2531 1184 2608 parte,

91 2635 121 2693 ut
140 2632 243 2710 paullo
265 2638 339 2712 post
360 2630 553 2710 videbimus,
577 2634 611 2698 in
634 2630 723 2698 hisce
747 2631 891 2716 physicis
907 2631 1184 2699 Anaximandrum

91 2758 205 2821 quoque
227 2748 373 2808 numerat
393 2748 426 2808 et
445 2741 531 2808 hunc
552 2743 599 2808 ait
621 2741 665 2836 ah
687 2742 860 2808 Aristotele
882 2739 946 2807 dici
966 2761 1030 2808 non
1046 2742 1184 2809 conden-

92 2850 204 2914 satione
216 2855 247 2916 et
259 2851 483 2933 rarefactione,
507 2850 565 2916 sed
580 2851 812 2917 contrariorum
828 2851 1006 2916 secretione
1018 2871 1070 2917 res
1089 2872 1184 2936 gene-

91 2975 163 3038 rare,
186 2959 354 3043 adigitur,
378 2959 466 3025 illam
482 2960 699 3044 generationis
721 2959 856 3025 formam
871 2959 913 3024 ah
923 2958 1099 3026 Aristotele
1111 2981 1184 3026 non

92 3064 130 3129 de
150 3069 321 3134 omnibus
344 3068 429 3135 illis
450 3067 627 3153 physicis
650 3067 843 3153 praedicari.
885 3068 970 3135 Num
993 3069 1066 3152 quis
1088 3069 1185 3136 facile

92 3176 215 3259 putabit,
237 3177 436 3262 Simplicium
458 3179 505 3244 ita
524 3179 625 3244 fuisse
648 3176 825 3260 socordem,
846 3184 882 3245 ut
904 3177 987 3244 hano
1000 3198 1184 3263 repugnan-

92 3282 161 3350 tiam
181 3305 243 3352 non
264 3288 400 3370 videret,
424 3293 480 3354 aut
502 3289 550 3353 ita
572 3289 804 3372 neglegentem,
832 3294 868 3353 ut
894 3290 1054 3355 omitteret
1075 3289 1183 3356 verbis

94 3391 247 3462 indicare?

180 3504 298 3572 Verum
321 3506 388 3572 alia
409 3509 506 3573 etiam
529 3526 601 3573 esse
622 3511 729 3590 potest
744 3506 892 3572 vocabuli
916 3496 967 3570 ‘oi
989 3503 1184 3590 προειρημέ-

93 3605 148 3674 νοι’
177 3615 300 3682 relatio.
344 3615 470 3682 Etenim
504 3616 536 3681 in
569 3615 625 3681 illa
659 3616 842 3682 Aristotelis
877 3615 1023 3682 oratione
1051 3608 1104 3680 ‘oi
1123 3614 1184 3697 μὲν

92 3715 141 3801 γὰρ
164 3715 197 3786 a
218 3722 418 3810 ποιήσαντες
445 3715 538 3809 aas),
570 3745 635 3808 qua
665 3727 787 3811 priores
818 3724 948 3810 physici
979 3724 1183 3804 definiuntur,

93 3832 218 3897 comitur
240 3833 374 3916 quidam
397 3833 626 3899 vocabulorum
650 3833 719 3898 sive
731 3833 897 3899 notionum
910 3833 998 3910 ordo,
1022 3832 1183 3916 siquidem

93 3936 133 4002 illi
153 3938 186 4005 id
209 3941 297 4024 quod
325 3948 375 4008 est
402 3943 493 4008 initio
516 3962 640 4023 unum,
663 3941 780 4008 deinde
797 3961 938 4026 corpus
961 3941 1079 4008 rebus
1102 3943 1183 4009 sub-

92 4043 231 4129 iectum,
254 4048 396 4132 denique
421 4049 454 4115 id
469 4069 584 4134 corpus
602 4055 668 4116 aut
690 4069 803 4116 unum
826 4069 872 4116 ex
894 4051 1098 4116 elementis
1120 4056 1184 4116 aut

94 4162 253 4224 naturam
277 4158 469 4241 quandam
497 4158 666 4226 mediam
701 4179 821 4243 ponere
851 4158 1009 4225 dicuntur.
1054 4159 1124 4226 Iam
1157 4162 1185 4226 si

94 4268 290 4351 reputaveris,
321 4274 421 4335 totam
449 4267 532 4335 hauc
555 4267 713 4354 Simplicii
750 4268 1001 4353 disputationem
1033 4269 1067 4334 in
1089 4269 1182 4334 refel-
