2882 4902
609 381 642 434 31

66 553 236 638 περιέχειν
258 549 388 620 ἅπαντα
409 553 463 619 καὶ
484 549 590 618 πάντα
616 553 792 637 κυβερνᾶν(
801 555 833 638 ¹),
866 556 937 624 siue
963 556 1030 624 ulla
1051 557 1175 624 dubita·

66 665 157 732 tione
190 664 236 731 ad
265 662 403 732 eundem
431 664 584 751 pertinet3
621 663 656 731 id
686 664 772 731 euim
800 664 1000 751 intellegitur
1028 667 1174 734 everbis

67 775 251 842 adiunctis:
285 768 352 860 „aig
377 773 478 860 φασὶν
509 767 583 839 ὅσοι
608 767 653 860 μὴ
682 773 823 839 ποιοῦσι
850 771 941 856 παρὰ
970 771 1008 841 τὸ
1038 775 1177 859 ἄπειρον

67 872 168 962 ἄλλας
199 881 317 963 αἰτίας,
352 874 427 950 οἷον
448 885 524 950 ναῦν
546 876 567 972 ἢ
588 880 729 969 φιλίανιι,
756 883 944 967 inquorum
973 907 1104 954 numere
1127 894 1177 953 est

68 994 169 1060 etiam
193 993 446 1074 Anaximander,
474 1001 506 1060 et
527 1001 696 1079 praeterea
718 994 872 1077 probatur
894 1015 966 1062 eum
988 995 1063 1061 aliis
1085 996 1177 1063 simi·

69 1104 155 1170 libus
192 1105 380 1174 Aristotelis
409 1103 499 1184 louis,
539 1123 618 1186 quus
652 1102 695 1168 ad
721 1103 998 1170 Anaximandrum
1030 1113 1177 1190 spectare

68 1213 274 1297 videbimus,
306 1220 372 1280 turn
396 1213 506 1296 aliquo
530 1212 699 1298 Hippolyti
721 1215 801 1298 loeo,
838 1233 909 1296 quo,
944 1235 1027 1298 quae
1059 1215 1113 1282 hiu
1135 1217 1176 1283 ab

70 1325 252 1392 Aristotele
274 1324 345 1390 sine
367 1323 509 1390 auctoris
531 1323 660 1390 nomine
695 1322 853 1404 dicuutur,
888 1323 922 1389 iu
951 1325 1033 1411 ipsis
1057 1325 1176 1392 Anaxi·

70 1435 199 1500 mandri
224 1435 355 1520 plauitis
380 1434 605 1512 resarsurum).
640 1431 763 1512 Quodsi
787 1441 894 1501 autem
915 1434 996 1502 haee
1017 1437 1178 1504 sententia

71 1543 314 1611 Anaximandri
335 1551 394 1623 est,
418 1565 466 1627 ea,
489 1564 573 1628 quae
594 1544 656 1611 hae
673 1545 773 1612 etiam
786 1545 874 1630 prior
890 1552 957 1612 est:
980 1539 1051 1630 „dur
1073 1544 1177 1610 δὲκαὶ

9 1703 10 1712 ,
71 1642 229 1739 ἀγένητον
248 1653 304 1719 καὶ
321 1642 501 1740 ἄφθαρτον
521 1653 652 1736 new),
686 1653 741 1720 vix
778 1654 896 1739 poterit
934 1653 976 1720 ad
1008 1675 1080 1721 eum
1113 1675 1177 1722 nou

72 1766 256 1849 pertinere;
290 1785 429 1848 namque
451 1785 515 1831 nun
535 1766 638 1831 solum
661 1765 694 1830 in
717 1764 874 1831 sermonis
897 1765 1000 1831 forma
1020 1764 1103 1830 nihil
1117 1772 1176 1843 est,

74 1875 160 1956 quod
195 1875 287 1940 illam
317 1875 423 1960 magis
445 1895 541 1959 quam
573 1874 657 1941 haue
694 1872 736 1940 ad
758 1873 1035 1941 Anaximandrum
1058 1873 1177 1941 referre

73 1983 195 2069 iubeat,
227 2005 339 2051 rernm
368 1984 467 2052 etiam
499 2005 571 2052 eum
600 1985 748 2068 sequenti
779 1983 955 2050 sententia:
988 1974 1176 2064 „dddvusov

74 2089 131 2177 γὰρ
154 2093 212 2159 καὶ
232 2084 452 2177 &arimundi
475 2113 572 2177 quam
587 2100 698 2179 aperte
712 2092 956 2159 Anaximandro
978 2092 1076 2159 tribui
1092 2092 1175 2159 vidi-

75 2223 155 2288 mus,
179 2225 218 2270 ea
241 2202 480 2272 neuessitudine
503 2203 674 2270 coniuneta
696 2209 754 2279 est,
777 2209 812 2269 ut
833 2202 991 2268 rationem
1005 2203 1176 2286 contiueat,

76 2333 116 2378 ex
137 2333 204 2397 qua
225 2314 283 2379 illa
313 2319 473 2397 sequatur.
516 2312 639 2380 Eodem
668 2311 763 2381 modo
790 2331 829 2378 ea
856 2312 1033 2396 sententia,
1063 2332 1084 2378 a
1112 2332 1176 2395 qua
1285 2353 1286 2357 =
1346 2357 1348 2364 ι

77 2422 253 2508 disputatio
265 2423 380 2509 incipit
387 2423 424 2506 ⁴),
436 2422 479 2488 ad
491 2421 633 2490 tertiam:
646 2415 717 2506 „dud
732 2473 753 2487 ..
767 2411 807 2487 οὗ
818 2414 940 2507 ταύτης
951 2412 1034 2508 ἀρχὴ
1046 2418 1175 2504 κτλ.“5),

76 2532 240 2600 sehabet.
274 2528 390 2617 Itaque
411 2532 468 2599 vix
490 2531 633 2599 dubitari
655 2533 782 2615 poterit,
804 2531 881 2615 quin
904 2531 994 2617 prior
1015 2530 1078 2597 leui
1100 2551 1176 2615 pars

77 2649 143 2710 tuta
165 2643 242 2727 iere,
263 2642 293 2708 si
314 2662 379 2708 non
400 2642 519 2719 verbis,
540 2649 574 2708 at
597 2641 767 2708 sententiis
789 2648 898 2707 tamen
915 2640 958 2706 ad
979 2641 1175 2707 Anaximan-

77 2750 169 2818 drum
183 2753 351 2837 pertineat
378 2751 445 2818 Sed
464 2751 499 2816 in
514 2752 616 2843 altera
631 2752 730 2816 etiam
745 2751 808 2816 leui
823 2758 924 2836 parte,
947 2770 1012 2833 qua
1025 2750 1176 2832 rationes,

79 2861 117 2926 ob
139 2881 219 2944 quas
241 2882 337 2928 esse
358 2859 484 2945 aliquid
506 2860 665 2927 infinitum
687 2860 845 2939 eradatur,
870 2867 1080 2945 exponuntur,
1105 2879 1177 2924 eam

79 2972 242 3052 rationem,
276 2992 341 3056 qua
361 2971 516 3057 principii
537 2970 729 3038 infinitatem
751 2968 794 3036 ad
816 2970 1034 3055 generationis
1058 2967 1175 3053 sempi-

79 3082 259 3148 ternitatem
274 3081 490 3150 neeessariam
506 3101 577 3148 esse
593 3080 837 3159 eontunditnrss),
854 3077 1089 3146 Anaximandri
1103 3097 1176 3145 esse

80 3190 143 3256 iarn
164 3192 322 3260 vidimus
362 3193 534 3258 Praeterea
556 3211 595 3257 ea
616 3191 708 3271 ratio,
741 3209 824 3274 quae
844 3190 948 3274 petita
974 3196 1023 3256 est
1045 3207 1065 3253 a
1086 3188 1176 3271 eogi-

80 3303 199 3368 tatioue
219 3302 352 3386 quosvis
367 3301 601 3386 magnitudinis
623 3300 704 3368 fines
719 3299 979 3384 transgredienti,
1003 3305 1035 3366 et
1046 3298 1086 3364 ab
1101 3297 1176 3362 Ari·

87 3491 280 3500 ——-—...-.

179 3589 203 3660 r)
220 3589 292 3646 reru.
312 3587 381 3644 mab
399 3593 438 3644 rr.

178 3688 202 3758 2)
221 3686 335 3758 Hippoi.
348 3687 441 3742 Refut.
452 3687 513 3757 1‚6:
536 3681 651 3757 ,,ταὺτην
672 3685 731 3756 (τὴν
748 3685 795 3739 τοῦ
812 3680 926 3752 ἀπείρου
942 3676 1039 3754 φύσιν)
1059 3677 1177 3734 ‹t’atuov

84 3783 145 3839 rivus
165 3789 209 3838 καὶ
228 3780 322 3856 ἇγήρω
349 3783 429 3854 (haee
453 3783 622 3854 respondent
641 3782 800 3837 Aristotelis
827 3779 919 3836 verbis
945 3774 1103 3849 ,ἀθάνατον
1130 3779 1176 3829 καὶ
1286 3771 1289 3778 “

84 3877 275 3954 tvdtrapmss‘),
292 3877 326 3949 ἣν
344 3887 389 3935 καὶ
406 3877 532 3942 πάντας
551 3886 726 3953 περιέχειν
744 3877 819 3939 τοὺς
837 3873 1011 3950 κόσμους“.

179 3979 206 4050 u)
225 3980 306 4050 Phys.
326 3980 375 4044 ΙΙΙ,
395 3982 420 4034 4.
440 3979 509 4035 2031>
524 3983 549 4049 73
572 3980 637 4036 vide
655 3996 739 4050 supra
756 3996 783 4047 p.
803 3981 846 4032 27.

178 4076 294 4145 4)1bid.
314 4075 383 4131 203¹)
396 4079 427 4145 4;
446 4075 508 4131 vide
527 4092 612 4144 supra
630 4093 657 4145 p.
677 4075 720 4128 26.

179 4176 205 4240 tt
222 4173 293 4229 ibid.
311 4172 438 4228 203b10.

181 4272 209 4342 6)
228 4271 298 4326 ibid.
319 4269 390 4326 2031>
406 4269 452 4337 183
471 4269 536 4325 vida
555 4286 640 4340 supra
658 4286 685 4337 p,
706 4269 740 4320 22
761 4270 789 4321 et
807 4267 849 4320 23.
