2882 4902
608 392 643 445 69

74 562 148 626 tale
169 546 361 644 quoddam
389 583 526 647 cerpus
552 565 698 630 sensile
730 567 778 630 ab
813 567 1016 633 elementis
1050 569 1179 644 diver-¹

74 687 150 734 sum
173 674 303 736 omnine
334 693 398 736 ncn
426 694 522 756 pesse
544 695 624 758 esse,
653 695 693 740 ea
715 675 775 740 hcc
810 677 882 742 lccc
916 679 1039 742 ratione
1070 685 1174 761 utens,

74 779 168 863 quod,
190 801 263 846 cum
285 783 401 863 omnia,
424 803 442 847 e
462 802 525 864 que
541 785 698 867 principio
721 786 876 866 oriantur,
898 788 929 850 in
952 785 985 850 id
1008 789 1103 852 etiam
1127 809 1174 854 re-

75 890 248 971 solvantur,
269 911 386 975 corpus
409 899 516 958 autem
538 892 618 958 illud
641 894 761 960 sensile
783 915 854 961 esse
877 895 1034 978 credatur,
1058 899 1086 962 si
1108 899 1173 964 tale

75 998 236 1079 quoddam
265 1021 381 1084 cerpus
410 1010 503 1084 esset,
532 1021 692 1086 apparere
719 1005 866 1070 sensibus
899 1004 1070 1085 deberet¹).
1113 1008 1173 1073 His

76 1107 116 1172 de
138 1129 273 1192 corpore
297 1111 339 1175 ab
362 1110 529 1176 elementis
551 1097 677 1176 diverso
700 1113 887 1195 interiectis,
910 1113 950 1180 de
973 1115 1173 1198 simplicibus

76 1220 261 1301 serpenbus
288 1220 321 1283 in
344 1222 527 1286 universum
550 1221 699 1303 ostendit,
726 1222 850 1287 nullum
878 1243 995 1306 corpus
1026 1224 1173 1308 simplex,

77 1347 134 1392 nec
156 1330 255 1394 ullum
280 1351 321 1396 ex
343 1330 510 1396 elementis
532 1351 591 1396 nec
614 1331 712 1396 illud
734 1352 873 1416 eorpus
900 1333 946 1398 ab
973 1335 1173 1400 elementis

78 1436 265 1504 diversum
288 1459 385 1522 pesse
406 1441 595 1524 principium
614 1440 845 1507 esseomnibus
868 1443 965 1508 rebus
981 1443 1173 1536 subiectum,

79 1555 243 1632 prepterea
267 1549 353 1632 quod
375 1553 656 1634 rerumgeneratic
678 1553 710 1615 in
733 1552 922 1633 qualitatum
942 1555 1173 1617 contrariarum

79 1658 295 1726 vicissitudine
311 1663 479 1743 consistat;
502 1681 566 1743 quc
591 1666 778 1744 argumento
801 1657 875 1727 enm
898 1664 993 1727 etiam
1016 1663 1048 1725 in
1070 1661 1172 1726 altem

20 1775 22 1778 ’
80 1767 118 1832 de
138 1769 350 1836 Generaticne
372 1777 405 1836 et
427 1770 638 1854 Corruptione
659 1772 751 1848 libro,
773 1778 871 1855 atque
894 1772 1002 1856 paullo
1027 1770 1172 1836 enuclea-

81 1880 141 1945 tius
168 1880 305 1963 quidem,
336 1881 383 1946 nti
413 1879 597 1962 vidimus2).
641 1881 789 1963 Denique
822 1880 865 1946 ad
896 1882 1094 1965 prepositum
1124 1898 1173 1944 re·

81 2037 157 2100 nilla
180 2053 327 2120 φθείρηται
351 2047 408 2103 ὑπὸ
437 2049 483 2102 τοῦ
508 2045 623 2120 ἀπείρου
651 2045 753 2103 αὐτῶν·
782 2050 876 2118 ἔχουσι
902 2047 956 2119 γὰρ
981 2047 1051 2118 πρὸς
1074 2041 1173 2114 ἄλληλα

83 2145 242 2209 ἐναντίωσιν,
263 2141 321 2199 οἷον
340 2143 354 2199 ὁ
373 2145 430 2217 μὲν
447 2141 498 2216 ἀὴρ
509 2139 625 2218 ψυχρός,
643 2142 674 2199 τὸ
694 2145 725 2198 δὲ
745 2140 817 2214 ὕδωρ
830 2137 923 2214 ὑγράν,
943 2141 973 2198 τὸ
994 2145 1025 2197 δὲ
1044 2145 1098 2213 πῦρ
1111 2151 1172 2214 θερ-

82 2235 145 2308 μόν·
160 2225 196 2296 ὧν
216 2246 240 2295 εἰ
258 2233 292 2309 ἦν
309 2241 340 2296 ἓν
357 2235 479 2311 ἄπειρον,
498 2243 624 2314 ἔφθαρτο
643 2235 695 2308 ἤδη
714 2233 807 2295 τᾶλλα·
833 2241 883 2296 νῦν
900 2242 932 2294 δὲ
951 2239 1067 2310 ἕτερον
1085 2241 1175 2294 εἶναί

83 2354 180 2407 φασιν
198 2339 230 2398 ἔξ
247 2324 284 2392 οἶν
302 2339 399 2392 ταῦτα
417 2335 461 2408 (τὰ
481 2338 642 2410 στοιχεῖα).“
722 2402 726 2410 ν

71 2455 78 2462 ·
175 2435 287 2504 1)Ibid
316 2453 341 2490 ν.
360 2435 407 2489 29:
440 2428 594 2504 „dddvauov
612 2435 637 2488 δ’
666 2435 734 2488 εἶναι
753 2436 885 2503 τοιοῦτον,
911 2429 962 2506 οὐχ
984 2429 1024 2487 ὅτι
1048 2427 1173 2504 ἄπειρον,

85 2528 210 2585 ...dtt'
228 2527 267 2586 ὅτι
288 2527 338 2586 οὐκ
358 2531 549 2587 ἕστιτοιοῖπον
562 2533 657 2604 σῶμα
676 2528 841 2598 αἰσθητὸν
859 2529 947 2600 παρὰ
965 2528 1002 2584 τὰ
1022 2535 1173 2601 στοιχεῖα

83 2624 280 2700 καλούμενα*
299 2625 407 2684 ἅπαντα
425 2627 479 2699 γὰρ
498 2631 526 2690 ἐξ
543 2615 574 2682 οὗ
593 2629 659 2698 ἔστί,
679 2633 725 2681 καὶ
743 2623 878 2685 διαλύεται
896 2633 934 2688 εἰς
943 2629 1031 2697 τοῦτο,
1050 2623 1119 2681 ὥστε
1138 2618 1173 2691 ἦν

84 2717 238 2780 ἆνίνταῦθα
251 2721 340 2797 παρὰ
359 2722 426 2796 ἀέρα
444 2727 555 2797 καὶπῦρ
575 2730 621 2779 καὶ
638 2727 691 2796 γῆν
709 2730 755 2780 καὶ
765 2722 855 2796 ὕδωρ
877 2731 1003 2798 φαίνεται
1022 2725 1047 2778 δ’
1061 2720 1169 2778 οὐδέν.“

174 2823 201 2892 2)
218 2824 291 2878 Ibid.
309 2842 336 2877 v.
356 2825 404 2877 35:
426 2819 507 2892 ,ouidi
527 2820 561 2890 δὴ
580 2824 634 2893 πῦρ
652 2819 711 2875 οὐδ’
729 2818 794 2882 ἄλλο
811 2841 836 2875 τι
854 2822 909 2875 τῶν
928 2828 1071 2892 στοιχείων
1089 2817 1172 2874 οὐδὲν

84 2913 187 2990 ἔπειρον
205 2921 346 2991 ἐνδέχεται
364 2921 441 2973 εἶναι.
460 2915 531 2980 ὅλως
548 2916 602 2990 γὰρ
624 2961 629 2973 .
651 2961 657 2972 .
679 2959 684 2971 .
704 2959 710 2972 .
730 2913 867 2974 ἀδύνατον
884 2915 915 2972 τὸ
934 2919 999 2987 πᾶν,
1017 2908 1103 2990 κᾶνῇ
1124 2934 1170 2969 πε·

84 3023 258 3090 περασμένον,
278 3013 294 3084 ἢ
314 3019 382 3073 εἶναι
401 3011 417 3084 ἢ
435 3022 563 3088 γίνεσθαι
583 3015 613 3072 ἕν
630 3037 653 3070 τι
674 3013 764 3071 αὐτῶν
783 3057 920 3072 ......
940 3015 954 3070 ὁ
979 3016 1010 3069 δὲ
1029 3009 1109 3074 αὐτὸς
1127 3017 1172 3067 λο-

84 3132 127 3180 γος
147 3119 190 3166 καὶ
207 3116 254 3168 ἐπὶ
273 3115 320 3166 τοῦ
337 3108 407 3179 ἑνός,
431 3109 491 3168 οἷον
514 3114 624 3166 ποιοῦσι
647 3112 735 3183 παρὰ
759 3110 796 3166 τὰ
820 3116 978 3184 στοιχεῖα
1003 3115 1029 3164 οἱ
1052 3115 1172 3183 φυσικοί.

84 3202 164 3262 πάνια
181 3207 233 3280 γὰρ
251 3206 413 3284 μεταβάλλει
439 3212 468 3270 ἐξ
493 3212 615 3265 ἐναντίου
643 3215 679 3270 εἰς
700 3211 832 3272 ἐναντίον,
860 3204 920 3263 οἷον
949 3210 979 3262 ἐκ
1004 3207 1111 3280 θερμοῦ
1135 3212 1173 3268 εἰς

85 3301 208 3378 pulpam<
246 3308 415 3378 Argumenti
433 3308 517 3362 nimis
535 3309 660 3362 breviter
676 3307 800 3370 indicati,
820 3307 854 3362 de
878 3324 933 3376 que
958 3306 1027 3362 scite
1045 3305 1172 3375 disputat

85 3401 232 3474 Simplicius
251 3407 290 3474 (p.
302 3405 391 3474 111,b
409 3409 483 3474 part.
503 3405 583 3475 sup),
599 3405 668 3460 haec
686 3405 799 3458 videtur
818 3421 875 3458 esse
893 3403 981 3458 ratio:
1001 3402 1105 3456 Rerum
1123 3421 1170 3473 ge·

84 3502 182 3556 naratio
200 3503 230 3556 in
250 3503 310 3556 sola
329 3502 498 3571 qualitatum
516 3502 720 3556 contrariarum
738 3500 933 3556 vicissitudine
951 3500 1087 3555 consistit.
1125 3500 1170 3554 Id·
1262 3575 1267 3582 ν

85 3597 148 3653 circo
166 3600 189 3653 si
207 3617 294 3654 unum
312 3617 347 3654 ex
366 3599 518 3668 elementis,
536 3599 624 3654 veluti
641 3616 752 3668 aquam,
771 3598 899 3668 ponimns
921 3615 980 3651 esse
999 3597 1170 3666 principium

86 3695 159 3750 rebus
176 3693 341 3766 subiectum,
359 3713 393 3750 ex
411 3697 465 3752 hoc
483 3697 619 3750 elemento
643 3700 692 3750 ant
710 3696 817 3748 nullum
836 3694 913 3749 aliud
931 3694 1098 3749 elementum
1116 3696 1171 3750 ori·

86 3795 136 3856 tur,
164 3797 312 3862 propterea
342 3793 416 3862 qued
444 3793 608 3862 qualitatem
635 3810 700 3847 suae
723 3792 809 3862 ipsius
831 3790 963 3860 qualitati
991 3792 1173 3859 contrariam,

86 3886 163 3942 veluti
181 3890 261 3958 aeris,
279 3906 336 3943 nen
356 3893 449 3958 potest
461 3890 596 3959 recipere,
614 3893 672 3952 aut,
691 3889 714 3942 si
732 3889 842 3958 recipit,
860 3905 916 3942 nen
935 3888 991 3942 iam
1011 3905 1062 3956 per
1081 3905 1110 3942 se
1129 3893 1172 3943 est

87 3997 157 4052 aqna,
175 3986 221 4039 sed
238 3986 301 4055 pani
320 3986 381 4040 iure
399 4003 447 4040 aer
466 3985 522 4042 diei
540 3989 641 4054 potest,
661 3984 705 4038 vel
723 3984 795 4038 nihil
814 3985 892 4039 aliud
915 3988 958 4038 est
980 3984 1042 4037 nisi'
1053 3984 1171 4039 materia

88 4080 219 4150 utriusque
237 4081 368 4136 elementi
388 4082 571 4151 qualitatibus
590 4082 724 4136 subiecta.
743 4082 847 4150 Quodsi
866 4086 961 4136 autem
980 4097 1080 4150 corpus
1098 4079 1170 4134 illud

88 4175 117 4228 ab
140 4178 277 4234 elementis
299 4180 441 4234 diversum
466 4179 582 4248 ponitur
600 4180 684 4233 rebus
704 4179 861 4234 subiectum
879 4196 946 4248 esse,
971 4196 1006 4232 ex
1030 4177 1083 4232 hoc
1106 4195 1171 4246 pro-

89 4276 173 4340 pterea
190 4276 296 4332 nullum
316 4276 393 4330 aliud
412 4277 580 4331 clementum
599 4277 669 4331 eriri
687 4281 789 4346 potest,
808 4276 892 4346 quod,
910 4281 942 4330 ut
961 4275 1020 4331 eius
1043 4279 1171 4334 auctores
