2862 4910
632 411 687 468 828

91 585 239 668 hahere;
263 594 358 669 atque
382 585 461 654 haec
485 590 555 654 sola
578 590 608 652 ei
630 588 777 655 tribuitur
797 590 839 655 ah
854 590 1038 670 Aristotele,
1062 590 1097 657 id
1120 592 1207 675 quod

91 714 111 760 e
136 695 226 762 locis
248 716 324 761 mox
343 696 516 763 laudandis
539 698 719 782 apparebit.

203 832 271 895 Iam
295 830 323 897 si
346 832 538 913 quaerimus,
567 851 631 914 quo
654 833 767 897 ordine
795 853 812 898 e
836 840 950 900 natura
977 833 1109 902 humida
1131 838 1204 904 reli·

91 960 186 1021 quae
210 961 262 1006 res
285 942 435 1024 oriantur,
459 944 627 1024 responsio
652 941 792 1027 petenda
819 950 868 1009 est
891 965 908 1010 e
936 946 1061 1012 duobus
1084 947 1204 1014 Aristo·
1257 1005 1259 1010 .

90 1050 172 1114 telis
198 1049 519 1133 Meteorclogicorum
541 1052 631 1132 locis,
655 1053 772 1134 quibus
788 1053 853 1117 iam
871 1055 1002 1137 saepius
1017 1056 1068 1121 usi
1084 1075 1203 1122 sumus.

91 1158 216 1224 Priore
239 1161 309 1224 loco
329 1160 520 1225 Aristoteles
544 1162 597 1236 ait,
621 1151 856 1227 Anaximandri
872 1163 1033 1228 sententia
1054 1165 1206 1247 (namque

92 1267 186 1333 hunc
214 1269 383 1352 inprimis
406 1269 657 1353 intellegendum
677 1290 760 1353 esse,
783 1270 1000 1356 Theophrasti
1021 1274 1205 1340 testimonio

92 1375 318 1458 ostendimus)
353 1384 500 1443 naturam
533 1378 709 1462 humidam,
743 1398 826 1461 quae
859 1380 952 1444 initio
984 1388 1084 1447 totam
1118 1383 1206 1448 circa

92 1493 220 1552 terram
233 1488 396 1571 regionem
413 1490 627 1572 occupaverit,
650 1490 756 1554 escle
779 1492 1015 1556 exsiccatam
1037 1510 1109 1556 esse
1131 1490 1205 1555 hac-

93 1616 162 1676 que
184 1617 220 1661 re
242 1596 384 1678 aliquam
407 1598 477 1662 eius
493 1604 618 1681 partem
641 1601 928 1683 evaporavisse
951 1600 1047 1664 etin
1070 1619 1203 1666 aerem

94 1707 302 1782 transiise,
336 1708 492 1787 reliquam
522 1713 628 1772 autem
660 1713 784 1790 partem
806 1729 908 1774 mare
931 1711 1050 1792 esse¹);
1072 1745 1115 1755 —
1137 1729 1202 1792 qua
1306 1794 1312 1807 ι

94 1817 320 1900 appellatione
343 1816 489 1890 fortasse,
515 1821 549 1880 ut
572 1817 659 1899 apud
682 1817 892 1899 Heraclitum,
916 1838 1001 1900 aqua
1022 1820 1055 1882 in
1077 1819 1202 1884 univer-

95 1945 170 1992 sum
195 1925 342 2007 intellegi
364 1931 478 2009 potest.
522 1926 571 1990 De
594 1933 726 1992 terrae
749 1929 875 2010 origine
897 1927 958 1992 hoc
980 1927 1110 2010 quidem
1132 1929 1203 1992 loeo

95 2034 294 2123 Aristoteles
322 2055 384 2097 non
406 2035 564 2116 loquitur3
595 2036 665 2100 loco
683 2044 791 2101 autem
819 2033 906 2100 hand
937 2037 1036 2102 multo
1059 2042 1133 2118 post
1155 2055 1204 2101 se·

95 2145 212 2224 quenti
235 2143 379 2208 eiusdem
402 2143 594 2208 sententiam
618 2145 664 2208 ita
686 2144 795 2226 refert,
828 2151 862 2209 nt
886 2162 924 2210 ea
947 2141 1035 2209 dicat
1058 2147 1148 2210 initio
1171 2153 1204 2211 et

96 2251 266 2335 regionem
290 2252 377 2317 circa
392 2258 509 2317 terram
526 2259 557 2317 et
573 2253 695 2336 ipsam
713 2261 854 2319 terram
870 2255 972 2321 fuisse
988 2253 1204 2334 humidam²);

95 2369 129 2425 et
152 2360 215 2425 hac
238 2380 272 2424 re
287 2367 398 2444 aperte
424 2361 519 2426 simul
544 2361 629 2439 dicit,
651 2363 712 2428 hac
733 2364 894 2429 sententia
910 2371 1027 2430 terram
1052 2372 1202 2429 enatura

97 2469 235 2534 humida
256 2477 359 2535 ortam
381 2489 463 2536 esse.
508 2471 585 2536 Sine
600 2471 698 2537 dubio
721 2479 828 2537 autem
851 2493 922 2539 eam
939 2479 1030 2558 putat
1051 2473 1113 2538 hac
1130 2494 1200 2538 sen·

95 2581 201 2644 tentia
225 2586 380 2644 enatura
409 2579 541 2644 humida
574 2587 677 2646 ortam
703 2601 775 2646 esse
802 2603 876 2666 per
909 2582 1077 2648 medium
1102 2603 1204 2648 mare

96 2691 169 2754 sive
192 2691 223 2753 in
248 2690 428 2754 universum
451 2710 519 2773 per
540 2690 706 2756 mediam
729 2712 885 2773 aquam;
909 2693 943 2758 id
966 2692 1051 2756 enim
1074 2690 1200 2757 videtur

96 2797 315 2881 colligendum
351 2818 422 2864 esse
451 2819 468 2863 e
498 2800 569 2865 loco
598 2800 654 2864 illo
681 2801 797 2883 priore.
841 2801 923 2865 Nam
952 2807 1123 2886 postquam
1146 2802 1202 2865 illo

96 2908 169 2972 loco
197 2905 291 2988 dixit,
325 2907 560 2972 Anaximandri
592 2911 751 2974 sententia
784 2915 915 2992 propter
949 2911 1027 2976 solis
1058 2913 1202 2977 exsicca-

95 3017 220 3083 tionem
251 3017 393 3100 aliquam
425 3025 560 3082 naturae
594 3015 743 3084 humidae
770 3026 894 3101 partem
924 3019 957 3083 in
979 3039 1087 3085 aerem
1112 3041 1201 3086 eva·

97 3145 277 3209 porasse,
300 3127 458 3208 reliquam
480 3133 586 3191 autern
602 3134 724 3210 partem
749 3147 836 3192 mare
855 3147 937 3208 esse,
958 3127 1058 3203 addit,
1084 3129 1200 3195 eadem

97 3235 262 3301 sententia
278 3235 383 3319 ipsum
406 3255 494 3300 mare
509 3235 726 3300 exsiccatione
748 3235 851 3301 minui
873 3242 905 3300 et
920 3243 1082 3320 postremo
1101 3243 1202 3303 totum

98 3343 242 3410 futurum
266 3362 336 3408 esse
361 3343 523 3422 siccumll.
569 3345 637 3408 Iam
661 3344 768 3426 priore
791 3344 854 3409 loci
876 3351 968 3428 parte
990 3352 1125 3410 naturae
1147 3345 1201 3412 hu-

200 3623 228 3690 1)
246 3622 365 3677 Aristot.
385 3622 503 3676 Meteon.
522 3622 548 3676 11
569 3625 591 3676 1.
613 3621 685 3678 335¹]
697 3626 725 3677 ὃς
755 3623 842 3692 „clauc
859 3620 913 3692 γὰρ
938 3621 969 3676 τὸ
989 3623 1099 3692 πρῶτον
1117 3621 1202 3694 ὑγρὸν

96 3717 207 3774 ἅπαντα
229 3715 278 3771 τὸν
296 3721 359 3787 περὶ
378 3717 426 3784 τὴν
443 3719 496 3787 γῆν
523 3713 618 3786 τόπον,
645 3715 700 3771 ὑπὸ
731 3718 762 3770 dl
782 3720 829 3788 τρῦ
851 3716 927 3785 ἡλίου
944 3717 1203 3792 ξηραινόμενον

96 3814 132 3870 τὸ
152 3797 434 3889 μέν’διατμίσαν
458 3809 635 3887 πνεύματα
654 3857 660 3870 .
681 3857 687 3870 .
709 3853 715 3867 .
736 3821 835 3884 ποιεῖν,
860 3812 890 3868 τὸ
911 3814 942 3868 δὲ
966 3815 1083 3888 λειφθέν
1101 3811 1201 3870 θάλατ-

97 3933 145 3969 ταν
165 3912 262 3967 εἷναι“.

199 4007 228 4078 2)
246 4007 317 4062 Ibid.
338 4008 409 4062 3552
425 4009 474 4061 21:
494 4038 543 4078 „-
563 4004 703 4080 φάσκουσι
722 4005 753 4062 τὸ
773 4009 882 4078 πρῶτον
900 4007 1004 4078 ὑγρᾶς
1026 4002 1128 4076 οὔσης
1146 4013 1201 4063 καὶ

96 4107 152 4172 τῆς
169 4105 228 4174 γῆς
246 4105 356 4157 καὶτοῦ
374 4099 482 4174 κόσμου
501 4104 547 4156 τοῦ
565 4108 628 4174 περὶ
644 4101 693 4171 τὴν
711 4104 764 4174 γῆν
784 4107 855 4158 κτλ.“

200 4201 228 4270 3)
247 4200 318 4254 Ibid.
339 4204 361 4254 l.
381 4199 456 4254 353¹)
469 4202 498 4254 9:
535 4197 598 4269 „ded
617 4205 662 4254 καὶ
682 4195 782 4255 ἐλάττω
802 4206 930 4271 γίνεσθαι
950 4205 1202 4274 ξηραινομένην

96 4305 209 4364 οἴονται,
228 4302 272 4350 καὶ
291 4299 367 4356 τέλος
385 4299 504 4351 ἔσεσθαί
522 4315 588 4352 ποτε
611 4293 858 4367 πᾶσανξηράν“.
