2850 4904
619 365 671 420 155

74 543 174 607 loeus
197 539 349 624 pertinet,
382 537 614 608 sententiarum
639 540 722 604 serie
757 537 887 604 omnino
913 535 1021 600 aliena
1042 540 1100 615 est,
1130 532 1189 599 sed

75 653 183 718 etiam
212 650 310 734 plane
331 647 456 716 inutilis
478 646 523 714 ad
543 667 615 714 eam
637 668 715 724 rem,
740 646 833 713 cuius
866 663 982 712 caussa
1005 641 1189 726 excogitata

75 767 143 843 est,
180 758 226 826 ad
261 758 488 826 removendam
521 778 592 824 eam
625 757 794 838 rationem,
827 755 869 821 ob
902 775 1000 839 quern
1028 750 1184 819 Schleier-

76 863 257 932 macheriis
289 871 323 932 et
344 865 487 932 Zellerus
508 869 639 948 negent,
671 857 709 926 τὸ
736 855 857 944 μεταξὺ
887 861 928 928 ab
949 860 1123 928 Aristotele
1145 858 1187 924 ad

76 973 366 1042 Anaximandrum
388 974 545 1052 referri1).
592 971 672 1038 (ium
695 970 796 1055 igitur
820 969 861 1036 de
883 990 1007 1037 summa
1027 968 1092 1036 loci
1117 987 1189 1034 sen-

78 1113 283 1120 ——-.——-.—-..

191 1167 216 1236 1)
235 1166 313 1234 Quae
331 1185 348 1221 a
365 1165 477 1230 Liitzio,
497 1184 530 1221 ac
547 1166 652 1236 partim
670 1166 782 1236 quidem
803 1165 871 1220 satis
882 1163 1077 1233 imperspicue,
1095 1162 1188 1232 dispu-

78 1267 196 1330 tantur,
218 1262 287 1317 haec
310 1261 369 1316 fere
392 1266 465 1316 sunt.
507 1262 658 1331 Postquam
683 1262 837 1330 contendit,
864 1261 1048 1315 Aristotelem
1075 1260 1188 1328 proprie

77 1359 112 1414 id
132 1375 227 1428 agere,
247 1361 279 1411 ιιι
298 1357 327 1410 in
345 1357 523 1427 physicorum
538 1375 649 1426 quoque
668 1357 814 1428 principiis
824 1356 1032 1412 contrariorum
1051 1355 1189 1410 rationem

80 1455 164 1510 cerni
183 1454 353 1524 ostenderet,
372 1454 402 1508 id
419 1453 459 1524 (p.
470 1457 514 1521 58)
534 1454 575 1509 ait
593 1458 689 1524 aperte
707 1453 800 1523 (,klar
818 1453 875 1508 nnd
894 1451 1047 1521 deutlich“)
1065 1450 1131 1506 iude
1149 1469 1189 1506 se·

81 1553 145 1622 qui,
164 1552 242 1620 quod
262 1551 355 1621 capite
373 1549 494 1606 secundo
513 1554 541 1604 et
560 1549 645 1606 tertio
667 1553 765 1606 contra
777 1550 891 1606 Eleatae
909 1547 1047 1616 ostendat,
1065 1547 1095 1602 id
1114 1548 1189 1616 qnod

81 1655 206 1704 estnon
225 1666 305 1718 posse
330 1665 389 1704 esse
410 1665 518 1710 unum.
547 1647 640 1718 capite
662 1651 756 1702 antem
785 1646 883 1717 quinto
902 1645 1064 1713 contendat,
1093 1662 1188 1699 omnes

81 1748 269 1820 philosophos
286 1747 465 1804 contraria
485 1763 589 1816 ponere
606 1746 755 1817 principia,
775 1750 860 1814 atque
884 1745 925 1800 ita
944 1743 1057 1813 quidem
1075 1747 1188 1798 conten·

81 1846 144 1908 dat,
174 1849 208 1900 ut
226 1849 309 1900 antea
327 1845 404 1900 dicta
424 1848 535 1913 repetet
560 1862 593 1899 ac
613 1847 773 1914 congreget.
797 1841 864 1896 ‘Sed
888 1841 958 1896 haee
981 1840 1054 1895 retio
1073 1856 1187 1910 prorsus

83 1942 283 1998 commenticia
301 1946 351 1996 est.
388 1941 503 1996 Etenim
521 1941 688 1996 Aristoteles
708 1940 800 2010 capite
818 1939 916 2009 quinto
936 1956 992 1992 non
1010 1941 1093 1993 antea
1111 1936 1188 1990 dicta

82 2039 201 2110 repetit,
229 2039 275 2092 sed
296 2036 573 2108 disputationem
591 2037 694 2107 piane
712 2054 839 2092 novam.
857 2035 977 2091 inchoat.
1013 2035 1047 2090 ld
1065 2032 1188 2104 primum

86 2141 169 2207 patet
188 2155 204 2191 e
222 2136 311 2190 forma
330 2135 481 2204 orationie3
500 2135 768 2204 namquepsrticula
785 2129 846 2201 ‘ot'
869 2133 899 2188 in
912 2132 1005 2188 verbis
1023 2126 1135 2188 ‘nciam
1153 2124 1187 2194 dl,

83 2230 216 2287 τάναντία
234 2228 320 2302 ἀρχὰς
339 2227 475 2286 ποιοῦσιν’
500 2250 557 2286 nou
576 2230 779 2286 conclusionem
803 2229 942 2298 quandam
968 2227 1137 2297 significant,
1155 2229 1188 2279 ut

84 2328 204 2384 Liitzius
216 2331 306 2398 putet,
317 2357 352 2366 -
362 2327 449 2382 vertit
458 2326 532 2380 enim
552 2325 719 2395 ,demnaoh“
734 2325 826 2380 —sed
845 2324 901 2379 vim
914 2323 1044 2380 vocabuli
1062 2311 1182 2382 ‘odoror'

85 2429 173 2496 auget
194 2428 278 2493 atque
297 2424 430 2478 cumulat.
467 2422 574 2478 Deinde
592 2421 699 2493 pariter
717 2425 796 2491 patet
815 2437 830 2476 e
850 2420 946 2481 rebusr
965 2437 1030 2475 narn
1048 2419 1186 2476 Aristote-

85 2523 134 2589 les,
155 2521 326 2590 simulatque
343 2519 415 2576 hanc
433 2519 601 2574 sententiam
618 2519 773 2588 proposuit,
798 2535 830 2572 eo
849 2518 987 2588 probat,
1015 2517 1099 2587 quod,
1118 2534 1189 2586 qnae

85 2638 102 2674 a
128 2617 249 2689 singulis
276 2615 451 2686 philosophis
477 2616 570 2686 posita
594 2615 651 2671 sint
673 2615 813 2686 principia
842 2615 996 2683 contrarie,
1022 2614 1189 2670 nominatim

85 2715 189 2790 adfert,
216 2718 300 2782 atque
327 2713 357 2766 in
384 2711 426 2766 his
445 2711 620 2768 Parmenidis
644 2729 754 2780 quoquo
775 2711 831 2766 duo
858 2711 908 2766 illa
933 2729 1025 2766 rerum
1046 2710 1189 2766 sensilium

85 2810 236 2882 principia,
249 2807 280 2864 τὸ
294 2805 402 2882 θερμὸν
413 2812 459 2862 καὶ
471 2803 590 2881 ψυχρόν,
611 2827 730 2879 quorum
740 2812 824 2864 antea
835 2809 913 2864 nulla
925 2808 999 2864 facta
1017 2813 1059 2863 est
1072 2807 1187 2874 mentio,

86 2914 115 2964 et
133 2906 290 2963 Democriti
308 2903 339 2960 ιὸ
350 2902 462 2978 στερεὸν
474 2909 520 2959 καὶ
538 2899 630 2975 κενόν,
648 2905 794 2975 dequibus
806 2911 953 2962 anteanon
965 2907 1073 2961 locutus
1086 2910 1129 2960 est
1142 2905 1188 2971 (ci.

86 3023 109 3060 c.
127 3007 154 3058 2.
176 2995 325 3072 1841’21),
345 3007 374 3058 et
391 3003 463 3058 hanc
481 3002 689 3059 enarrationem
707 3002 747 3058 its
766 3002 916 3067 concludit,
934 3007 967 3058 ut
985 3019 1019 3058 ex
1033 3020 1066 3058 ea
1078 3005 1188 3058 senten·

87 3103 157 3156 tiam
184 3099 369 3170 propositam¹
383 3103 510 3169 apertam
537 3116 596 3154 esse
624 3099 701 3154 dicat
728 3097 814 3167 (188ι
828 3099 882 3169 26).
923 3099 1051 3168 Denique
1075 3102 1189 3168 patete

86 3202 147 3254 tota
165 3197 251 3267 primi
271 3197 336 3251 libri
349 3196 546 3266 disposition03
564 3196 610 3252 hic
622 3196 697 3252 enirn
713 3197 743 3251 in
762 3196 831 3255 duas
844 3196 982 3252 dividitur
1000 3201 1103 3266 partes,
1122 3213 1188 3266 qua·

86 3313 149 3350 rnrn
167 3294 264 3365 priore
277 3298 346 3363 (cap.
359 3293 441 3366 2-4)
459 3293 586 3364 priorum
598 3293 830 3363 philosophorum
840 3294 875 3349 de
886 3293 1032 3364 principiis
1043 3293 1188 3363 opiniones

86 3391 211 3462 explicat
228 3395 257 3446 et
275 3390 427 3455 existimat,
444 3392 599 3462 posteriore
619 3391 695 3460 (inde
712 3409 727 3446 a
746 3409 805 3462 cap.
825 3391 924 3462 quinto
943 3407 1030 3459 nsque
1049 3389 1188 3459 adfinem)
1284 3445 1285 3450 χ

87 3506 165 3546 suam
185 3487 273 3557 ipsius
292 3487 460 3544 sententiam
480 3487 603 3558 exponit,
629 3491 722 3558 atque,
749 3505 812 3544 cnm
836 3504 931 3542 rerum
948 3485 1092 3542 sensilium
1111 3485 1187 3556 prin-

89 3585 162 3656 cipia
181 3585 425 3640 demonstraturus
448 3585 486 3640 sit
503 3585 645 3640 contraria
668 3602 727 3640 esse
749 3588 888 3656 oportere,
910 3583 1128 3653 disputationem
1146 3583 1188 3640 ita

87 3682 197 3753 incipit,
216 3686 249 3736 nt
267 3681 303 3737 ab
322 3682 451 3739 omnibus
468 3681 642 3751 philosophis
666 3681 742 3738 dicat
760 3681 898 3752 principia
917 3680 1058 3737 contraria
1076 3680 1152 3750 poni.

189 3778 244 3834 Sed
262 3783 294 3833 ut
311 3779 407 3848 opinio
424 3782 485 3834 tota
504 3778 697 3834 commenticia
716 3781 767 3846 est,
794 3777 835 3832 ita
857 3778 940 3847 plane
964 3777 1073 3832 inutilis
1092 3781 1134 3832 est
1153 3777 1188 3833 nd

88 3875 285 3934 removendam
303 3893 365 3932 eam
384 3876 438 3932 loci
457 3875 606 3943 rationem,
623 3875 659 3930 ob
678 3893 762 3944 quam
774 3874 941 3930 Aristoteles
961 3877 1078 3944 putetur
1095 3870 1126 3928 τὸ
1137 3890 1186 3946 με·

88 3970 149 4031 ratri
165 3990 225 4028 non
252 3972 289 4028 ad
306 3971 549 4028 Anaximandrum
573 3971 688 4028 referre.
725 3971 899 4040 Quamquam·
928 3987 999 4040 quse
1018 3970 1135 4026 Liitzius
1152 3971 1188 4026 de

89 4069 139 4126 hec
151 4087 182 4124 re
200 4069 337 4138 loquitur,
359 4070 406 4124 vix
425 4070 501 4126 clara
520 4070 692 4141 cogitatione
711 4069 820 4139 concipi
838 4073 962 4138 possunt,
982 4072 1076 4122 tamen
1095 4067 1188 4136 aptius

89 4166 245 4238 significata
272 4170 302 4222 st
323 4168 478 4236 composite
505 4168 573 4222 haec
598 4167 657 4224 iere
685 4171 759 4222 suut.
797 4167 988 4235 Aristotelem,
1007 4165 1057 4232 ait,
1077 4164 1100 4220 si
1123 4181 1187 4234 pro·

90 4248 196 4332 prie'id
215 4268 291 4334 aget,
321 4268 352 4318 ut
371 4264 400 4317 in
423 4264 490 4333 ipsis
509 4263 686 4335 physicorum
711 4263 857 4333 principiis
884 4264 972 4324 inesse
995 4261 1125 4318 ostendat
1143 4279 1186 4318 ra·
