2882 4902
777 401 842 456 XIV

360 594 484 665 lapideu;
504 594 539 649 de
557 611 661 654 caussa,
680 611 736 662 qua
755 592 898 647 efficiente
916 593 945 646 iu
960 591 1052 647 media
1070 610 1121 646 sua
1133 591 1197 646 sede
1215 610 1274 647 ma·

362 696 439 761 neat3
459 691 559 760 quibus
569 690 727 745 rationibus
746 689 845 744 duetus
859 689 1073 744 Anaximander
1087 693 1180 744 terrae
1197 688 1276 758 plani

363 788 482 859 cylindri
500 787 622 859 figuram
638 787 772 842 tribuerit
797 826 1270 840 ..............

318 926 325 938 .
362 886 493 955 Sequitur
510 887 667 974 qcouratior
686 884 840 954 disputatio
866 885 906 939 de
925 884 1106 940 stellarum
1124 884 1276 941 orbibus.

362 983 514 1038 Stellarum
532 983 613 1038 orbes
632 976 750 1052 (κύκλοι)
768 982 923 1037 ηοοοεεατίο
935 975 986 1037 ant
1004 981 1126 1036 annuli
1145 985 1211 1035 suut
1221 999 1274 1052 per

366 1085 458 1135 totum
468 1080 538 1134 coeli
559 1078 696 1133 ambitum
709 1079 921 1140 circumeuntes,
942 1079 1102 1148 autplani
1116 1078 1274 1147 cylindri

363 1178 447 1232 certis
468 1177 635 1245 quibusdam
654 1176 723 1231 coeli
745 1176 810 1230 locis
821 1175 856 1230 ad
875 1176 977 1230 libram
990 1175 1128 1253 suspensi;
1144 1179 1177 1229 ut
1193 1175 1275 1229 intel·

361 1275 482 1344 legatur,
501 1278 596 1327 utrum
614 1273 679 1341 sint,
699 1290 793 1327 omnes
811 1277 938 1327 veterum
957 1272 1055 1327 dehis
1074 1272 1190 1326 orbibus
1210 1289 1275 1325 nar·

362 1370 485 1424 rationes
504 1369 718 1424 considerantur
745 1374 774 1423 et
792 1369 978 1438 explicantur,
1009 1369 1216 1438 separatimque
1239 1367 1275 1422 de

360 1485 394 1521 ea
412 1467 574 1521 narratione
593 1466 747 1535 quaeritur,
765 1483 821 1535 qua
839 1467 905 1521 solis
926 1471 955 1520 et
975 1449 1058 1520 lunae
1078 1445 1164 1521 orbes
1178 1466 1274 1535 ignem

362 1563 490 1618 emittere
508 1563 643 1617 dicuntur
660 1564 890 1634 perforamen
907 1557 1038 1632 ‘uionep
1058 1561 1114 1616 διὰ
1133 1561 1274 1632 πρηστῆ-

362 1679 418 1728 ρος
436 1656 565 1723 αὖλοῦ’;
592 1654 780 1722 concluditur,
807 1659 1012 1714 Anaximandri
1042 1659 1182 1714 sententia
1208 1660 1274 1714 stel-

360 1756 450 1810 larum
468 1757 550 1811 orbes
569 1775 627 1811 esse
647 1758 796 1812 annulos
814 1758 1054 1825 aerioscavos‚
1073 1757 1208 1811 solidos
1221 1775 1274 1811 an·

361 1855 463 1908 nulos
482 1855 601 1924 igneos
620 1854 953 1922 circumcludentes,
972 1872 1031 1923 per
1053 1857 1164 1908 totum
1184 1855 1274 1909 eceli

362 1952 527 2006 ambitum
546 1946 814 2018 circumeuntes,
833 1969 895 2021 per
913 1951 1085 2024 foramina
1107 1953 1273 2021 quaedam

246 2063 260 2072 ’
361 2050 514 2104 rotunda
532 2049 644 2119 ignem
667 2049 710 2102 ad
738 2065 798 2102 nos
829 2048 1066 2118 effundentem
1094 2052 1181 2117 atque
1209 2049 1275 2102 inde

361 2150 466 2213 patere,
487 2145 568 2200 initio
590 2145 738 2214 sphaeram
757 2145 868 2215 igneam
888 2145 924 2199 ab
944 2145 1064 2198 irruenti
1082 2161 1147 2200 aare
1165 2144 1273 2198 lineis

361 2242 548 2311 parallelis
566 2242 712 2311 diruptam
731 2259 789 2296 essa
795 2281 1266 2295 ..............

318 2379 323 2390 .
361 2338 489 2392 Aliorum
515 2338 550 2392 de
568 2339 665 2392 eadem
683 2355 713 2394 re
732 2338 876 2406 opiniones
895 2339 1100 2406 examinantur,
1126 2338 1273 2407 inprimis

362 2435 500 2490 sententia
518 2434 661 2500 Brundisii
680 2439 708 2489 et
727 2433 837 2500 Zellsri‚
856 2434 904 2503 qni
923 2435 1067 2489 stellarum
1086 2434 1167 2488 orbes
1179 2433 1273 2487 existi·

360 2533 439 2584 mant
457 2530 580 2599 planos
605 2530 785 2599 cylindros
810 2547 880 2584 esse
908 2529 1100 2584 solidarum
1119 2533 1272 2583 rotarum

361 2627 504 2691 similes,
524 2628 584 2696 qui
603 2645 664 2696 per
683 2645 804 2682 cavum
822 2627 1009 2682 modiolum
1036 2626 1134 2680 nobis
1153 2626 1272 2681 adver·

362 2741 432 2778 sum
451 2724 567 2794 ignem
586 2724 626 2778 ad
645 2742 706 2778 nos
725 2724 907 2794 emisione
936 2723 1102 2788 ostenditur,
1122 2724 1194 2778 hano
1212 2740 1272 2777 sen·

362 2820 479 2874 tentiam
505 2838 557 2876 nec
583 2821 649 2874 ullis
677 2820 834 2874 rationibus
863 2821 970 2874 idoneis
995 2820 1110 2889 probari
1136 2824 1165 2874 et
1184 2820 1272 2888 ipsam

361 2917 423 2971 aliis
442 2917 599 2971 rationibus
620 2917 792 2987 gravissimis
810 2918 893 2986 plane
912 2916 1014 2971 refelli.
1026 2945 1059 2956 -
1074 2917 1114 2970 De
1133 2933 1271 2971 commen·

359 3015 426 3069 'sicia
445 3014 559 3069 Boethii
577 3018 606 3068 et
624 3014 659 3068 de
678 3014 797 3068 obscura
816 3013 1032 3069 Teichmuelleri
1051 3014 1190 3068 sententia
1222 3054 1228 3067 .
1260 3053 1266 3066 .

314 3152 320 3164 ,
357 3112 402 3166 Ad
419 3110 615 3166 illustrandam
634 3111 841 3165 Anaximandri
859 3111 894 3165 de
913 3112 1059 3166 stellarum
1080 3111 1190 3164 annulis
1209 3127 1270 3164 sen·

359 3208 477 3262 tentiam
496 3225 528 3261 ea
547 3207 676 3262 adfertur
693 3224 747 3275 res,
766 3207 841 3276 quod
860 3207 924 3262 inde
944 3207 979 3261 ab
998 3206 1208 3261 Anaximandro
1227 3223 1270 3260 us·

360 3321 413 3373 que
432 3305 468 3358 ad
486 3305 635 3358 Eudoxum
655 3308 683 3358 et
702 3305 885 3359 Aristotelem
903 3304 1033 3372 amultis,
1051 3303 1271 3371 immoapleris·

361 3419 414 3468 que
424 3401 592 3455 Graecorum
604 3400 777 3470 philosophis
796 3400 899 3454 orbes
918 3400 1052 3468 quidam
1070 3400 1272 3454 invisibiles

359 3501 509 3567 ponantur,
528 3498 655 3566 quibus
674 3499 803 3553 stellae
816 3498 903 3567 ipsis
923 3497 1055 3552 infixae
1068 3496 1209 3565 ferantur3
1222 3497 1271 3565 qui

1320 533 1376 573 Pssg·

1320 787 1376 838 348

1313 2241 1369 2294 356

359 3593 439 3647 orbes
458 3594 567 3648 ratione
586 3599 662 3650 certe
681 3595 717 3649 ab
736 3595 793 3648 illis
812 3595 923 3649 annulis
948 3611 1004 3648 non
1030 3593 1170 3648 differant.
1206 3593 1271 3647 Pla·
1356 3607 1358 3612 ·

358 3691 432 3744 tonis
460 3692 665 3746 vorticellis
689 3692 815 3747 breviter
841 3691 1016 3754 memoratis,
1045 3691 1168 3760 primum
1192 3690 1270 3745 Par·

359 3788 525 3849 manidas,
554 3790 658 3858 quippe
686 3791 734 3858 qui
758 3789 888 3844 videatur
916 3790 946 3844 in
970 3788 1034 3843 aliis
1058 3788 1148 3842 ctiam
1165 3786 1271 3840 Anaxi·

358 3886 469 3939 mandri
488 3885 645 3940 doctrinam
664 3887 826 3956 respexisse,
851 3888 982 3940 universa
1000 3885 1098 3938 mundi
1120 3883 1272 3952 descriptio

358 3999 431 4034 novo
450 3982 532 4035 modo
560 3983 711 4052 exponitur
736 3984 907 4053 doceturque
934 3984 1014 4037 illas
1034 3983 1108 4036 eius
1129 3997 1270 4036 coronas

359 4070 551 4146 (στεφάνας)
570 4094 721 4132 nonesse
740 4078 904 4146 sphaeras
922 4077 979 4131 sed
998 4094 1096 4131 veras
1115 4093 1270 4144 coronas,

359 4170 609 4224 Anaximandri
629 4173 831 4226 annulorum
846 4171 1270 4241 quammaximesimiles;

363 4266 463 4319 deinde
491 4267 656 4327 ostenditur,
685 4268 721 4322 ab
740 4269 912 4322 Anaximene
940 4285 1051 4336 quoqne
1069 4268 1168 4322 orbes
1187 4267 1270 4335 poni

359 4363 595 4432 crystallinos,
615 4362 746 4431 quibus
759 4363 886 4416 stellae
902 4361 1131 4429 infixaesint,
1149 4361 1270 4431 pariter-
