2882 4902
617 373 650 426 19

78 568 194 616 vocem
216 539 317 632 ἀρχὴν
339 566 434 632 posse
459 544 637 612 subiectum
658 566 740 630 esse,
761 546 801 613 de
824 566 888 631 quo
910 541 948 612 ni
971 541 1188 630 ὑποκείμενον

77 656 298 743 praedicetur.

184 763 245 830 His
269 761 443 846 disputatis
475 763 539 828 iam
570 769 716 847 apertum
733 761 875 828 videtur
905 783 986 849 esse,
1019 771 1188 848 utramque

80 873 147 940 loci
169 872 478 956 interpretationem,
506 879 538 937 et
559 891 640 950 eam,
664 892 729 955 qua
749 867 788 936 uvi
810 866 1037 956 ὑποκείμενον,
1062 881 1187 957 eteam,

80 1003 149 1066 qua
162 971 247 1068 ἀρχὴ
260 981 439 1047 subiectum
457 1001 529 1048 esse
543 980 670 1065 dicitur,
694 987 726 1048 et
742 981 785 1046 ad
799 983 909 1066 graeci
923 984 1080 1050 sermonis
1094 1004 1187 1050 usum

80 1100 116 1158 et
137 1091 182 1157 ad
204 1091 384 1158 naturalem
406 1090 573 1174 cogitandi
606 1091 765 1158 rationem
797 1092 1073 1160 accommodatam
1106 1113 1187 1160 esse.

80 1203 205 1268 Verum
226 1201 289 1267 loci
312 1201 494 1268 intellectus
513 1220 629 1284 magno
645 1220 742 1285 opere
758 1200 906 1268 diversus
921 1201 1069 1286 efficitur,
1090 1209 1188 1289 prout

80 1319 141 1378 aut
164 1312 255 1377 illam
288 1317 345 1376 aut
374 1310 457 1377 hanc
489 1310 687 1397 probaveris.
732 1311 879 1395 Namque
912 1312 940 1378 si
970 1312 1059 1398 prior
1092 1313 1187 1378 inter-

81 1421 226 1506 pretatio
247 1421 415 1506 accipitur,
438 1421 518 1486 haec
540 1419 678 1487 eflicitur
701 1421 878 1498 sententia,
901 1421 1187 1504 Anaximandrum,

82 1531 130 1596 de
153 1537 319 1597 naturae
345 1530 548 1596 subiectae
575 1530 611 1597 vi
640 1551 682 1596 ac
707 1532 863 1597 notione
890 1532 1101 1616 cogitantem,
1123 1531 1189 1615 pri·

82 1662 172 1707 mum
194 1641 392 1724 cognovisse,
424 1659 495 1705 eam
518 1660 675 1706 summum
697 1660 769 1706 esse
792 1661 898 1707 rerum
920 1632 1129 1726 principium,
1157 1646 1190 1705 et

81 1751 169 1816 hanc
191 1750 233 1816 ob
258 1769 408 1816 caussam
440 1749 576 1836 primum
612 1739 729 1836 ἀρχῆς
763 1750 926 1816 nomine
960 1749 1186 1836 appellavisse.

53 1865 58 1870 '
84 1861 121 1926 Si
145 1860 282 1926 alteram
303 1859 501 1944 probaveris,
530 1859 692 1926 sententia
713 1867 763 1926 est
784 1860 873 1943 haec,
903 1860 1189 1944 Anaximandrum,

82 1990 105 2034 a
136 1968 296 2037 notione
325 1969 459 2035 summi
494 1968 694 2036 cuiusdam
724 1969 913 2055 principii
945 1970 1123 2055 profectum
1156 1980 1189 2038 et

83 2085 293 2162 quaerentem
310 2078 350 2144 de
366 2098 409 2162 re,
428 2099 493 2162 qua
508 2078 590 2146 forte
606 2079 666 2145 hoc
683 2079 878 2164 principium
893 2086 1003 2162 posset
1018 2081 1186 2162 contineri,

81 2189 224 2273 primum
247 2189 419 2272 invenisse,
437 2187 521 2256 hanc
536 2209 603 2255 rem
627 2208 700 2256 esse
721 2209 785 2255 non
805 2208 901 2273 posse
923 2189 987 2256 nisi
1007 2210 1079 2256 eam
1094 2198 1185 2257 natu·

84 2320 162 2378 ram,
185 2318 271 2382 quae
286 2298 433 2364 omnibus
449 2299 545 2364 rebus
563 2299 708 2364 subiecta
724 2305 819 2383 esset,
835 2306 867 2364 et
884 2299 966 2366 hanc
982 2299 1022 2366 ob
1039 2320 1187 2368 caussam
1224 2299 1227 2307 “

83 2410 224 2494 primum
238 2407 525 2493 illudprineipium
548 2408 640 2492 ipso
655 2406 727 2472 τοῦ
743 2401 1016 2490 ὑποκειμένου
1036 2409 1189 2474 nomine

84 2517 314 2603 appellavisse.
359 2517 432 2584 Illic
454 2519 487 2582 in
510 2517 706 2601 cogitatione
726 2517 815 2601 prior
844 2524 893 2584 est
913 2517 1002 2584 notio
1024 2519 1083 2582 τοῦ
1105 2511 1186 2582 ὑπο-

86 2625 237 2710 κειμένου
265 2635 297 2693 et
318 2627 483 2709 quaeritur
504 2627 545 2693 de
566 2627 636 2694 eius
659 2627 692 2692 vi
724 2647 764 2692 ac
789 2626 934 2707 notione;
969 2626 1023 2693 hic
1044 2627 1133 2711 prior
1154 2626 1188 2693 in

85 2736 285 2820 cogitatione
306 2744 356 2803 est
377 2736 467 2802 notio
488 2737 642 2823 principii
663 2744 695 2804 et
716 2737 882 2820 quaeritur
900 2736 942 2802 de
964 2756 1009 2819 re,
1031 2756 1096 2819 qua
1116 2757 1189 2802 con·

85 2847 239 2914 lineatur.

186 2955 255 3022 Sed
276 2961 348 3021 utra
370 2955 596 3040 interpretatio
611 2956 811 3042 probabilior
827 2955 1004 3022 iudicanda
1020 2955 1091 3022 est?
1117 2955 1189 3021 Meo

86 3065 218 3148 quidem
236 3064 358 3132 iudicio
381 3066 540 3151 posterior
562 3066 633 3133 sola
647 3087 724 3133 vera
739 3073 797 3133 est.
830 3067 920 3133 Haec
937 3065 1021 3132 enim
1040 3066 1187 3149 primum,

86 3182 122 3240 ut
145 3175 207 3241 boc
231 3176 302 3242 loco
325 3176 406 3242 tales
422 3177 524 3242 solum
541 3196 673 3244 caussas
689 3176 844 3256 adieram,
867 3195 951 3260 quae
967 3195 1007 3242 cx
1023 3176 1094 3260 ipso
1107 3175 1189 3242 Sim·

86 3284 186 3365 plicia
197 3285 300 3370 petita
321 3285 396 3368 sint,
419 3286 490 3352 sola
503 3286 744 3352 accommodata
757 3293 807 3352 est
828 3285 870 3351 ad
892 3285 997 3370 ipsam
1012 3285 1111 3352 totius
1125 3283 1189 3350 loci

84 3393 259 3477 rationem,
282 3413 366 3476 quae
388 3414 429 3461 ea
449 3402 508 3479 est,
530 3401 566 3461 ut
586 3395 626 3462 de
642 3415 769 3462 summo
785 3415 891 3462 rerum
905 3394 1077 3480 principio,
1099 3395 1191 3461 cuius

83 3503 175 3569 notio
198 3504 233 3568 in
255 3511 323 3570 tota
344 3503 565 3589 disputatione
580 3505 687 3590 prima
703 3512 761 3585 est,
786 3513 969 3589 quaeratur,
994 3505 1029 3570 in
1050 3525 1190 3588 quanam

85 3633 121 3679 re
145 3634 167 3678 a
188 3611 327 3696 singulis
358 3611 563 3698 philosophis
595 3619 743 3698 ponatur.
788 3614 914 3681 Deinde
942 3614 1013 3680 sola
1043 3613 1193 3680 convenit
1226 3623 1229 3629 '

85 3743 161 3790 cum
182 3721 290 3807 priore
312 3721 476 3806 Simplicii
499 3723 586 3802 loco,
610 3743 687 3808 quo,
710 3731 745 3790 ut
766 3723 921 3809 vidimus,
948 3723 1192 3790 Anaximander

85 3832 207 3900 dicitur
228 3832 351 3916 primus
378 3853 536 3899 summum
565 3853 671 3900 rerum
697 3832 895 3918 principium
915 3834 948 3899 in
972 3853 1011 3900 eo
1032 3833 1190 3918 posuisse,

85 3994 163 4065 μέγα
183 3991 251 4046 εἶναι
269 3985 380 4044 καὶτὸν
397 3983 548 4060 ἄνθρωπον
567 3991 695 4059 βαδίζειν,
716 3993 801 4060 κτλ.“;
821 3996 849 4046 et
865 3990 980 4045 inferius
993 4008 1019 4046 v.
1031 3993 1078 4044 lt:
1099 3993 1139 4060 ,ci
1157 3988 1192 4058 ol,

87 4089 133 4142 dcc·
149 4087 347 4160 νομοθετῆσαι,
373 4086 443 4140 ἔστω
462 4083 493 4139 τὸ
513 4081 582 4140 οὕτω
601 4089 691 4157 λέγειν
709 4093 879 4158 κατηγορεῖν,
901 4085 931 4141 τὸ
957 4087 982 4139 d‘
1001 4087 1111 4145 ἐκείνως
1134 4080 1190 4154 ἤτοι

85 4185 226 4258 μηδαμῶς
248 4188 415 4254 κατηγορεῖν,
440 4177 456 4249 ἢ
476 4189 637 4254 κατηγορεῖν
659 4184 716 4256 μὲν
732 4182 778 4256 μὴ
803 4183 929 4252 ἅπλῶς,
959 4181 1045 4237 κατὰ
1065 4189 1191 4254 συμβε-

87 4279 198 4350 βηκὸς
215 4281 251 4364 δὲ·
266 4281 449 4352 κοτηγορεῖν.“
