2860 4906
638 399 690 452 277

215 570 296 636 Cum
320 573 421 654 igitur
450 572 490 638 de
511 573 571 638 hac
592 593 627 639 re
649 573 739 639 nulla
760 572 909 639 videatur
940 592 1012 639 esse
1045 571 1216 650 dissensio,

96 686 221 745 tamen
242 699 325 746 unus
354 686 403 746 est
425 681 586 764 Simplicii
608 683 707 764 locus,
734 701 798 764 quo
830 683 857 747 is
879 680 1156 747 Anaximandrum
1183 683 1215 744 in

97 788 147 852 iis
171 795 330 869 numerat,
355 792 410 873 qui
431 812 537 858 rerum
554 791 794 857 multitudinem
808 791 1060 858 condensatione
1083 797 1115 857 et
1129 810 1215 856 rare-

97 897 254 964 faetione
275 901 412 982 gignant
420 903 453 978 ¹).
498 901 561 979 Qui
585 901 714 983 quidem
738 902 827 967 locus
849 921 912 966 non
935 905 1042 984 potest
1063 919 1128 964 non
1149 919 1215 964 ma-

97 1007 201 1070 ximo
223 1026 322 1091 opere
342 1009 498 1073 mirabilis
521 1006 635 1089 videri,
657 1014 829 1092 propterea
850 1007 938 1092 quod
965 1027 1003 1074 eo
1027 1004 1214 1089 Simplicius

101 1116 356 1183 Anaximandro
380 1137 452 1184 eum
469 1117 686 1201 generationis
702 1117 831 1182 modum
854 1118 975 1198 tribuit,
998 1135 1093 1199 quem
1115 1113 1156 1179 ab
1177 1134 1215 1180 eo

98 1223 237 1290 duobus
259 1225 340 1291 locis
363 1223 447 1290 hunc
470 1224 743 1306 antecedentibus,
770 1231 867 1306 atque
891 1223 965 1308 ipsa
986 1222 1119 1306 quidem
1146 1223 1215 1288 Ari-

99 1335 239 1400 stotelis
272 1340 304 1400 et
338 1333 554 1419 Theophrasti
589 1337 781 1401 auctoritate
813 1316 904 1412 usus,
934 1332 1215 1412 abiudicaverit2).

99 1443 227 1522 Quare,
263 1464 335 1509 cum
364 1445 420 1508 vix
453 1445 608 1510 credibile
638 1446 689 1526 sit,
718 1443 931 1528 Simplicium,
960 1464 1032 1510 cum
1056 1443 1140 1509 hunc
1166 1444 1214 1508 lo-

102 1574 184 1619 cum
208 1553 373 1636 scriberet,
396 1553 430 1618 id
449 1575 558 1620 verum
582 1553 757 1637 putavisse,
788 1552 876 1636 quod
903 1558 1000 1618 antea
1026 1558 1138 1635 aperte
1160 1573 1215 1618 ne-

100 1668 255 1746 gaverat,
278 1682 416 1745 aequum
440 1670 498 1745 est,
527 1665 632 1748 ipsam
655 1663 718 1728 loci
749 1663 906 1728 rationem
931 1660 1114 1744 diligentius
1137 1680 1215 1726 exa-

99 1774 232 1837 minare
258 1779 383 1838 etcum
406 1773 456 1854 iis,
487 1793 571 1856 quae
600 1772 640 1837 de
663 1770 900 1838 Anaximandri
930 1771 1075 1836 doctrina
1097 1790 1213 1854 cogno-

100 1882 225 1963 vimus,
259 1901 460 1964 comparare;
498 1899 560 1961 quo
595 1881 681 1947 facto
721 1880 903 1964 apparebit,
937 1879 1021 1944 hune
1054 1877 1215 1960 Simplicii

100 1991 214 2055 locum
238 1989 345 2054 verbis
368 1988 499 2071 quidem
521 2009 592 2055 cum
615 1987 739 2054 duobus
762 1989 843 2054 locis
859 1986 1132 2068 antecedentibus,
1154 2007 1215 2052 nec

101 2120 187 2166 vero
218 2101 292 2181 ipsa
316 2099 477 2164 sententia
508 2119 663 2184 pugnare,
695 2099 855 2180 simulque
886 2117 1000 2163 caussa
1034 2097 1215 2162 invenietur

102 2209 189 2275 satis
209 2207 335 2285 idonea,
365 2228 420 2273 eur
442 2208 626 2292 Simplicius
649 2207 800 2274 videatur
827 2207 981 2274 hocloco
1006 2207 1095 2272 illum
1115 2207 1213 2291 potis·

103 2321 224 2384 simum
257 2317 434 2400 generandi
465 2317 595 2383 modum
628 2317 670 2383 ad
704 2315 981 2383 Anaximandrum
1016 2315 1212 2382 adhibuisse.

103 2427 238 2493 Etenim
259 2446 453 2509 quamquam
469 2425 708 2492 Anaximander
723 2427 826 2510 ipsam
849 2445 955 2491 rerum
972 2426 1212 2509 generationem

102 2538 140 2601 in
164 2536 399 2619 contrariorum
423 2537 603 2602 secretione
624 2538 724 2621 ponit,
747 2557 882 2619 quorum
909 2536 1013 2619 prima
1034 2554 1105 2600 esse
1127 2533 1213 2599 vidi·

102 2665 178 2710 mus
201 2650 349 2711 naturam
379 2644 531 2728 frigidam
566 2650 598 2711 et
625 2651 773 2712 naturam
796 2645 945 2727 calidam,
978 2651 1086 2710 tamen
1117 2649 1214 2708 antea

103 2753 172 2818 iam
184 2753 427 2837 ostendimusi),
451 2775 524 2820 cum
546 2754 659 2820 horum
675 2755 906 2821 contrariorum
919 2755 1094 2820 secretione
1107 2752 1211 2836 ipsius

104 2864 271 2930 sententia
293 2865 495 2930 coniunctam
518 2884 590 2930 esse
613 2864 774 2947 quandam
797 2865 897 2947 ipsius
912 2863 1062 2949 principii
1073 2861 1211 2927 conden-

103 2972 268 3038 sationem
291 2978 322 3038 et
342 2973 602 3054 rarefaotionem3
635 2994 719 3057 quae
747 2972 877 3057 quidem
898 2974 1058 3038 sententia
1083 2972 1211 3053 omnino

104 3080 226 3146 similis
248 3088 297 3147 est
319 3083 359 3164 ci,
394 3102 456 3166 qua
483 3104 542 3149 nos
565 3083 671 3149 dicere
700 3085 837 3150 solemus
865 3085 971 3150 calore
993 3103 1045 3150 res
1069 3083 1210 3163 extendi,

104 3190 229 3274 frigore
258 3197 363 3257 autem
392 3193 548 3259 contrahi.
594 3191 701 3272 Quare
723 3193 954 3259 Anaximandri
982 3195 1142 3261 sententia
1164 3213 1211 3260 re-

103 3321 176 3365 rum
199 3302 365 3384 generatio
398 3322 471 3367 nou
501 3305 661 3387 primum
686 3302 843 3386 quidem
865 3323 910 3369 ac
935 3303 1104 3386 proprie,
1137 3302 1211 3368 sed

104 3416 236 3476 tamen
269 3430 338 3493 per
358 3411 544 3477 accidens
578 3412 827 3479 condensatione
855 3419 886 3478 et
908 3412 1120 3478 raret'actione
1143 3412 1210 3479 efii-

104 3521 204 3599 citur3
238 3525 271 3584 ct
297 3519 379 3585 hanc
406 3521 446 3586 ob
471 3541 621 3586 caussam
654 3523 682 3587 is
713 3541 776 3586 non
802 3523 987 3588 necessario
1009 3523 1079 3604 ipse
1102 3541 1208 3588 seeum

104 3634 240 3714 pugnat,
256 3629 321 3711 qui,
342 3649 414 3695 cum
428 3630 706 3696 Anaximandrum
722 3629 839 3696 dixerit
850 3651 955 3697 rerum
971 3633 1210 3714 generationem

105 3741 139 3803 in
161 3738 395 3804 contrariorum
418 3741 595 3805 secretione
616 3760 746 3825 ponere,
768 3741 869 3806 nihilo
891 3740 996 3806 minus
1020 3760 1091 3805 eum
1114 3741 1147 3804 in
1170 3741 1210 3804 iis

105 3848 206 3913 etiam
230 3855 384 3926 numeret,
418 3851 474 3931 qui
502 3869 607 3914 rerum
637 3851 875 3932 generationem
906 3849 1155 3917 condensatione
1179 3855 1210 3915 ct

210 4113 233 4179 1)
252 4110 334 4180 Phys.
354 4113 416 4182 295,
435 4115 461 4182 6,
480 4131 508 4182 p.
528 4113 578 4168 inf.
597 4113 668 4169 Vide
687 4115 779 4168 locum
798 4133 883 4184 supra
901 4133 927 4184 p.
950 4117 1009 4184 121,
1028 4117 1053 4170 2.

207 4209 236 4279 2)
255 4208 318 4264 Vid.
338 4227 422 4280 supra
441 4228 468 4280 p.
489 4212 549 4273 275,
569 4215 594 4268 2.

207 4307 233 4370 3)
252 4305 313 4360 vid.
334 4324 419 4378 supra
437 4324 463 4376 p.
483 4308 537 4361 247
556 4311 584 4362 et
603 4310 663 4369 241,
685 4310 715 4377 13
736 4309 796 4363 266.
