2850 4904
751 361 803 418 154

237 527 435 596 intersedere
458 531 593 613 videtur,
615 532 799 598 nonianotio
826 552 866 598 eo
887 533 1005 600 effoeta
1024 541 1084 616 est,
1107 535 1195 617 qnod
1215 535 1341 600 Aristo-

236 639 326 716 teles,
357 646 525 723 postquam
546 640 779 708 Anaximandri
803 643 965 709 sententia
989 642 1071 708 dixit
1095 639 1170 720 ‘acic
1196 642 1341 708 ἐναντιό-

234 741 575 832 τηταςὲκκρίνεσθαι’,
597 750 656 817 han
679 752 866 818 secretionis
882 753 1023 831 notione,
1048 753 1168 838 qnippe
1188 774 1278 836 qnae
1300 752 1339 816 ari

235 858 461 944 Anaxagoram
482 867 515 927 et
537 859 768 944 Empedoelem
791 861 888 928 etiam
912 861 1084 946 pertineat,
1107 863 1152 928 ita
1175 882 1260 928 neus
1282 870 1340 942 est,

236 977 271 1035 nt
292 967 336 1034 ad
357 968 416 1035 hos
436 971 595 1038 transiret.
638 971 854 1038 Pronuntibns
877 991 928 1038 res
952 971 1056 1055 magis
1079 971 1176 1038 etiam
1199 991 1339 1055 appare·

236 1076 324 1157 bit1).
369 1077 429 1146 His
461 1081 668 1164 praemonitis
699 1079 743 1148 ad
773 1081 878 1165 ipsam
909 1081 970 1148 loei
1002 1080 1253 1166 explicationem
1283 1079 1338 1146 ad·

236 1186 409 1270 gredimnr.

338 1321 386 1386 15.
409 1319 457 1387 Ao
478 1322 641 1406 prinoipio
656 1323 871 1405 quaerendum
895 1329 952 1402 est,
977 1324 1054 1408 quid
1076 1324 1120 1390 sit
1143 1324 1185 1406 id,
1209 1323 1250 1390 de
1273 1343 1337 1406 qno

235 1428 366 1511 proprie
388 1428 449 1494 hoo
471 1431 542 1496 loeo
561 1437 695 1522 agatur3¹
726 1433 768 1498 de
790 1452 856 1516 qna
878 1453 912 1499 re
934 1432 991 1516 qni
1013 1433 1176 1513 dixerunt,
1196 1432 1337 1496 maximo

236 1555 334 1619 opere
367 1536 571 1606 dissentiunt
616 1541 760 1608 Zelleros
793 1543 888 1625 enim,
921 1543 1069 1625 quamvis
1103 1539 1337 1608 enuntiationis

236 1647 278 1711 ab
302 1645 476 1714 Aristotele
499 1651 684 1735 propositae
707 1651 941 1734 praedicata
963 1651 1187 1720 nontineantnr
1209 1647 1336 1716 dnobus

236 1755 275 1821 iis
291 1755 405 1833 modis,
429 1757 546 1840 quibus
562 1758 692 1844 physioi
713 1759 747 1827 in
770 1761 867 1827 rebus
878 1756 1050 1845 gignendis
1063 1765 1202 1842 utantur,
1227 1765 1335 1824 tamen

235 1865 364 1949 proprie
391 1867 493 1932 solum
525 1867 566 1934 de
596 1889 729 1934 numero
761 1877 793 1936 et
829 1871 982 1954 qualitate
1014 1873 1243 1938 elementorum
1277 1867 1334 1950 agi

236 1981 356 2057 penset,
378 1996 438 2042 nee
460 1996 536 2043 vero
551 1977 592 2046 de
614 1999 654 2044 ea
675 1979 811 2057 ratione,
833 1999 898 2062 qua
920 1980 1120 2064 eprinoipiis
1135 1998 1241 2044 rernm
1255 1978 1334 2043 mul-

236 2081 340 2151 titudo
362 2086 500 2162 oriatnr3
530 2093 562 2154 et
583 2087 757 2172 Hayminm
783 2088 879 2154 aliter
906 2089 1097 2154 sentientem
1121 2085 1334 2170 impugnem).

235 2192 285 2258 De
308 2213 372 2275 qua
391 2214 426 2260 re
450 2216 510 2280 ego
533 2199 579 2262 sie
590 2197 748 2284 existimo,
772 2197 838 2264 diei
863 2196 994 2280 quidem
1016 2196 1057 2262 de
1069 2202 1213 2279 utroque,
1235 2202 1267 2260 et
1289 2195 1332 2260 de

235 2302 463 2387 prinoipiornm
482 2325 624 2388 numero,
647 2308 675 2372 si
698 2306 792 2373 modo
815 2326 930 2372 unum
951 2305 1017 2372 diei
1040 2311 1149 2390 potest
1171 2324 1332 2385 numerus,

236 2410 331 2476 etde
364 2429 473 2477 eornm
497 2412 661 2494 qualitate,
693 2419 840 2479 neutrum
862 2419 969 2480 antem
991 2431 1062 2480 esse
1088 2411 1121 2478 id
1145 2413 1256 2497 ipsum,
1286 2410 1332 2478 de

234 2539 297 2601 quo
330 2527 453 2602 agatur.
497 2520 590 2586 Alius
621 2521 826 2588 Aristotelem
852 2519 1002 2604 opinatur
1032 2521 1066 2587 id
1098 2523 1201 2588 solum
1220 2539 1329 2603 agere,

234 2635 269 2692 nt
290 2629 322 2693 in
344 2626 549 2712 physicorum
565 2649 692 2713 qnoque
715 2629 882 2715 prinoipiis
903 2630 992 2696 eerni
1004 2629 1155 2697 ostendat
1175 2629 1330 2696 rationem

233 2737 508 2816 contrariorumit.
551 2736 642 2815 Quae
668 2738 777 2822 opinio
799 2760 863 2805 non
885 2741 989 2804 solnm
1019 2745 1088 2805 tota
1109 2739 1331 2806 eommentieia

233 2851 292 2926 est,
316 2847 467 2928 qnoniam
492 2852 525 2912 et
547 2847 587 2912 ab
608 2845 690 2930 ipsis
711 2849 774 2914 loni
796 2848 905 2914 verbis
927 2854 960 2914 et
980 2848 1023 2914 ab
1046 2867 1094 2926 ea,
1117 2848 1160 2915 ad
1182 2869 1272 2931 qnam
1296 2847 1328 2912 is

233 3056 430 3066 --—-—-—

335 3187 362 3257 1)
381 3187 421 3242 Gi.
441 3187 476 3242 de
494 3188 548 3244 heo
565 3188 721 3258 posteriore
741 3190 794 3244 looi
809 3194 891 3259 parte
909 3207 994 3260 snpra
1011 3209 1040 3261 p.
1055 3193 1099 3260 57,
1118 3192 1168 3246 nbi
1187 3189 1327 3245 omisimus

235 3285 346 3346 addere.
365 3301 426 3340 eam
445 3285 566 3339 maxima
584 3285 847 3354 interponetionea
865 3286 959 3356 priore
977 3288 1161 3357 separandam
1179 3303 1241 3344 esse

332 3380 361 3450 2)
378 3380 471 3436 Zellsr
489 3381 511 3446 1,
530 3399 557 3450 p.
580 3382 628 3434 191
649 3385 678 3436 et
696 3386 753 3436 not.
777 3386 802 3437 l:
824 3382 965 3452 „Nehmen
977 3383 1132 3453 wir-hinnu,
1150 3385 1212 3442 dees
1228 3382 1324 3440 eseieh

232 3478 261 3532 in
291 3477 355 3532 dem
382 3477 539 3548 fragliehen
558 3478 709 3534 Absehnitt
736 3480 786 3535 der
813 3479 918 3548 Physik
946 3480 1145 3552 urspriinglieh
1173 3480 1323 3548 iiberhmpt

232 3573 310 3630 nieht
336 3592 383 3630 um
408 3574 453 3629 die
471 3577 535 3644 Art,
563 3576 615 3632 wie
638 3576 683 3631 die
706 3576 797 3646 Dioge
826 3594 875 3630 ans
905 3576 959 3632 den
977 3576 1144 3632 Elementen
1174 3575 1320 3641 entatehen,

232 3671 353 3726 sondern
372 3689 417 3726 um
437 3672 482 3727 die
500 3672 568 3728 Zehl
584 3673 641 3728 und
652 3673 875 3728 Besoheffenheit
893 3673 1041 3730 derStoffe
1059 3674 1176 3730 hendelt
1195 3691 1221 3728 u.
1238 3691 1257 3726 s.
1270 3671 1318 3724 w.“

331 3771 359 3837 3)
380 3767 476 3836 Lttze,
494 3770 543 3824 das
562 3771 688 3840 Apeiron
706 3772 796 3825 Anax.
815 3787 842 3839 p.
862 3771 909 3824 57:
930 3769 1041 3839 „Gehen
1064 3769 1116 3824 wir
1136 3774 1218 3825 etwas
1240 3767 1320 3822 niher

232 3864 283 3919 aus
300 3864 354 3919 den
371 3865 613 3935 Zusammenhang
632 3867 687 3934 ein,
711 3883 741 3920 so
761 3865 901 3921 erkennen
924 3867 976 3921 wir
995 3867 1111 3935 alsbeld,
1142 3867 1205 3922 dass
1223 3883 1249 3920 es
1265 3861 1319 3917 sielr

232 3960 365 4016 zuniohst
384 3961 441 4017 und
460 3961 670 4033 heuptsiohlieh
691 3963 784 4017 weder
807 3963 907 4016 derum
926 3962 1051 4028 handelt,
1079 3979 1135 4018 was
1154 3963 1242 4017 Zeller
1258 3957 1318 4024 wilt,

232 4057 303 4112 nooh
323 4058 393 4112 anah
411 4076 459 4111 nm
487 4059 549 4113 eine
564 4059 828 4130 Entgegensetznng
848 4065 932 4115 anter
956 4060 1010 4115 den
1028 4058 1214 4131 Physiologen
1231 4055 1316 4121 selbot,

232 4145 377 4210 sondern'.
397 4195 403 4207 .
422 4192 429 4208 .
448 4171 496 4209 nm
520 4153 566 4210 die
584 4153 762 4226 Auizeig'ung
785 4173 841 4212 von
859 4156 1099 4227 Gegensitzen
1125 4157 1156 4212 in
1178 4156 1230 4212 den
1248 4149 1318 4206 Pri'fl·

232 4247 323 4320 cipien
342 4249 433 4305 dieser
451 4250 663 4321 Philosophen.“
