2864 4904
799 391 850 452 10⁰

270 569 378 638 sione
400 569 552 639 bifariam
574 568 694 637 dividit
715 570 749 636 in
773 589 839 651 eos,
872 569 929 652 qul
953 569 988 635 id
1009 589 1127 652 eorpus
1148 589 1243 634 unum
1264 568 1344 633 etri-

270 679 330 747 bus
352 679 530 760 elementis,
554 687 587 746 et
609 699 676 762 eos,
709 681 765 764 qui
788 687 934 747 naturam
955 678 1119 761 quandam
1145 680 1218 762 igne
1239 677 1345 744 densi-

270 807 371 856 orem
393 807 486 856 aere
509 795 634 857 autem
657 789 906 856 subtiliorem
933 788 1058 872 dieant3
1092 789 1167 873 ipsa
1186 793 1286 854 autem
1308 805 1346 860 ea

270 917 336 982 qua
358 897 466 982 utitur,
493 907 666 967 accuratae
687 899 985 972 divisionislorrna
1007 897 1158 980 ostendit,
1186 917 1219 964 se
1239 903 1347 982 praeter

270 1007 366 1075 hasce
390 1007 517 1075 illorum
552 1008 816 1094 philosophorum
838 1010 964 1094 speeies
984 1009 1107 1074 nullam
1129 1007 1224 1072 aliam
1249 1024 1347 1088 eogno-

271 1136 372 1184 suere.
403 1118 454 1186 Ab
477 1118 519 1184 iis
541 1124 648 1184 autem
670 1117 885 1203 philosophis,
907 1118 962 1200 qui
984 1117 1047 1183 ho'o
1067 1118 1140 1182 looo
1162 1115 1300 1182 dieuntnr
1318 1112 1347 1176 id

271 1225 373 1310 quod
396 1233 455 1294 est
477 1220 537 1312 (uri
560 1219 615 1306 iio)
646 1247 761 1294 unum
783 1247 922 1312 eorpus
950 1226 1125 1294 omnibus
1152 1225 1347 1292 subiectum

269 1353 398 1420 ponere,
421 1337 509 1402 nullo
532 1335 627 1403 modo
649 1335 793 1403 diversos
815 1357 886 1402 esse
907 1341 1045 1420 apparet
1064 1355 1131 1415 eos,
1154 1337 1208 1418 qui
1229 1335 1282 1398 illo
1295 1332 1347 1396 lle-

266 1443 510 1530 tapbysieorum
541 1447 612 1513 looo
641 1446 792 1514 dicuntur
817 1447 943 1512 omnia
980 1440 1037 1525 (τό
1061 1444 1151 1527 πᾶν)
1185 1465 1227 1510 eo
1246 1461 1346 1509 unum

267 1559 450 1630 statuere,
473 1553 573 1638 quod
594 1555 772 1621 omnibus
795 1553 1066 1638 unaquaedam
1090 1559 1347 1633 naturaeaque

267 1661 419 1746 quidem
452 1684 641 1748 corporea
675 1665 852 1731 subieota
875 1666 942 1741 sit;
975 1683 1051 1748 ergo
1087 1663 1199 1730 horum
1233 1660 1346 1728 easdem

266 1773 363 1840 etiam
386 1778 484 1857 atque
509 1771 636 1840 illorum
660 1780 787 1858 oportet
808 1793 880 1840 esse
908 1775 1044 1857 speeies,
1077 1773 1107 1840 si
1129 1772 1255 1857 quidem
1275 1777 1347 1834 utro

267 1901 330 1966 que
357 1881 428 1949 loeo
457 1883 544 1950 idem
567 1883 739 1950 divisionis
770 1883 966 1984 principiam
992 1882 1173 1950 adhibitum
1196 1888 1251 1950 est.
1290 1879 1346 1942 lam

265 2009 341 2058 vero
372 1989 484 2058 horum
519 1994 645 2076 speeies
674 1993 740 2059 diei
762 1993 904 2059 vidimus
926 2013 992 2076 eos,
1024 1993 1081 2075 qui
1103 2012 1202 2058 unum
1221 2011 1239 2057 e
1258 1987 1347 2054 tribus
1407 2005 1408 2010 ¹

266 2099 442 2181 elementis,
466 2108 499 2168 et
518 2121 582 2181 eos,
609 2101 664 2185 qui
686 2108 833 2168 naturam
848 2102 1123 2186 quandamaere
1146 2100 1346 2167 densiorem

265 2227 368 2294 aqua
389 2216 518 2277 autem
541 2210 792 2278 subtiliorem
808 2218 974 2296 ponerent.
1017 2212 1104 2296 Ergo
1130 2232 1202 2278 oum
1228 2215 1347 2288 utroque

265 2317 336 2386 loeo
358 2318 477 2404 partim
505 2318 637 2387 eaodem
661 2321 809 2388 dieantur
835 2324 960 2405 speeies
989 2341 1030 2388 ex
1057 2321 1184 2405 heuque
1210 2339 1243 2386 re
1262 2333 1347 2401 appa·
1407 2369 1408 2372 ,

199 2493 203 2504 ,
265 2433 343 2511 reat,
366 2433 502 2511 utroque
525 2427 594 2497 loeo
624 2430 708 2496 idem
732 2429 904 2497 divisionis
919 2431 1114 2517 principium
1137 2428 1288 2508 adhiberi,
1308 2441 1346 2488 re·

263 2535 384 2622 liquam
408 2537 505 2606 etiam
528 2545 654 2624 portem
674 2540 811 2606 eandem
834 2559 906 2606 esse
930 2546 1068 2624 oportet;
1090 2533 1346 2623 ergoneoesoario

264 2647 305 2715 ab
338 2645 522 2724 Aristotele,
559 2650 613 2732 qui
645 2648 702 2714 illo
738 2650 809 2715 loeo
841 2649 1006 2715 medium
1038 2649 1141 2714 inter
1172 2666 1289 2714 aerem
1318 2645 1347 2704 et

265 2756 389 2840 ignom
413 2762 445 2826 at
466 2757 522 2842 qui
545 2757 605 2826 boo
627 2759 698 2824 loeo
714 2759 877 2825 medium
897 2758 1001 2825 inter
1023 2779 1154 2825 aerem
1178 2764 1346 2839 etaquam

262 3083 344 3152 oiem
367 3083 520 3152 omissam
542 3103 624 3168 esse,
647 3087 795 3169 quoniam
818 3092 972 3152 auourata
993 3084 1051 3150 illa
1076 3082 1237 3150 divisione
1257 3085 1346 3146 osten-

263 2863 414 2934 diountur
436 2887 565 2952 ponere,
587 2857 808 2953 plane‘iidem
833 2869 1072 2951 intelleguntur.
1116 2867 1221 2950 Atque
1246 2864 1294 2929 hio
1313 2876 1346 2923 ne
1407 2909 1408 2946 r

263 2981 370 3062 potest
391 2973 520 3061 quidem
544 2977 637 3054 sumi,
662 2977 704 3043 ab
726 2977 901 3044 Aristotele
923 2985 1058 3060 utroque
1081 2978 1152 3044 loeo
1175 2995 1268 3042 unam
1288 2986 1347 3054 spe·
1407 3007 1408 3018 2

263 3191 321 3277 dit,
345 3211 380 3259 so
402 3199 531 3278 praeter
551 3199 743 3260 memoratas
767 3194 842 3260 illas
865 3195 990 3278 speeies
1017 3213 1212 3278 eognosoere
1233 3190 1345 3257 nullam.
1407 3181 1408 3184 ’

346 3301 437 3371 Unus
446 3303 536 3370 loous
548 3309 659 3387 restat,
672 3303 711 3387 is,
722 3304 778 3387 qui
792 3305 910 3388 legitur
922 3306 956 3371 in
966 3306 1060 3370 tertio
1071 3305 1155 3370 libro
1166 3303 1207 3370 de
1220 3302 1308 3368 Coelo
1318 3298 1345 3376 ί),

264 3429 327 3495 quo
344 3411 534 3480 Aristoteles
558 3411 715 3496 quosdam
731 3412 943 3498 philosophos
959 3412 1039 3485 dioit
1061 3433 1159 3479 unum
1176 3414 1275 3479 solum
1292 3426 1345 3472 on-
1407 3487 1408 3494 ἵ

264 3520 351 3586 nium
370 3539 474 3587 rerum
491 3523 723 3588 elementum
739 3543 869 3607 ponere,
884 3530 980 3606 atque
992 3523 1074 3588 alios
1090 3521 1220 3605 quidem
1235 3536 1345 3604 aquam,

261 3629 344 3698 alios
360 3648 478 3715 aerem,
500 3629 583 3698 alios
601 3632 718 3715 ignem,
736 3630 819 3697 alios
835 3638 981 3697 naturam
997 3631 1158 3714 quandam
1175 3651 1262 3697 aere
1275 3628 1344 3694 den-

260 3739 404 3805 siorem
427 3759 532 3824 aqua
554 3748 681 3811 autem
711 3741 969 3819 subtiliorem,
1000 3762 1097 3824 quam
1119 3740 1250 3824 quidem
1269 3741 1345 3804 natu·

261 3867 338 3928 ram,
366 3854 477 3934 utpote
506 3849 673 3934 infinitam,
696 3851 880 3935 amplecti
901 3851 1036 3916 dicant
1059 3870 1187 3917 omnes
1212 3848 1343 3914 Coelos.

260 3952 324 4031 Qui
343 3954 474 4036 quidem
496 3955 585 4022 loous
598 3953 639 4022 ab
655 3957 707 4036 iis,
731 3976 811 4040 quos
826 3955 991 4040 hueusque
1003 3959 1223 4042 traotavimus,
1237 3949 1344 4038 aliquid

259 4061 369 4128 differt
393 4072 573 4149 propterea,
598 4064 684 4148 quod
708 4066 774 4130 illis
797 4066 888 4149 loeis,
911 4084 995 4148 quae
1017 4064 1137 4133 dieitur
1158 4089 1223 4134 una
1247 4071 1346 4132 natura

259 4208 458 4218 ——

360 4296 385 4366 1)
404 4297 479 4351 (leel.
498 4297 549 4367 111,
568 4299 592 4352 ὅ.
612 4301 686 4353 3031>
701 4302 746 4368 103
764 4300 821 4355 vid.
839 4318 924 4370 supra
942 4321 970 4372 p.
989 4304 1034 4372 62,
1053 4306 1078 4358 3.

387 4589 398 4628 l
