2864 4904
599 387 633 438 91

68 559 136 624 loei
159 565 246 644 parte
267 580 377 625 eorum
399 562 570 644 opiniones
591 561 719 642 refutat,
742 561 798 642 qui
821 579 919 626 unum
941 581 982 626 ex
997 559 1163 626 elementis

70 670 208 735 omnium
235 690 342 736 rerum
373 671 538 736 materiam
574 689 646 736 esse
679 670 787 750 velint,
820 688 902 750 quos
936 667 1164 753 disputationis

70 779 161 844 initio
173 780 259 864 prius
271 779 356 846 dixit
366 800 467 863 genus
484 799 603 861 eorum,
627 781 681 862 qui
697 799 792 844 unam
805 778 973 844 materiam
994 785 1164 862 ponerent;

70 908 114 954 ea
132 895 233 954 autem
258 895 360 973 parte,
382 887 423 954 de
445 909 510 972 qua
533 889 670 972 agimus,
693 908 748 954 eos
772 888 899 967 refellit,
932 889 986 970 qui
1015 884 1047 950 ul
1073 883 1165 969 παρὰ

70 995 282 1077 τὰστοιχεῖα,
314 996 401 1081 quod
427 997 555 1082 quidem
576 997 725 1082 (vidimus
748 997 843 1081 enirn,
876 988 951 1063 οἷον
979 996 1164 1081 explicandi

70 1107 135 1172 vim
156 1107 286 1189 babere)
320 1110 362 1174 sit
382 1105 484 1189 μέσον
512 1130 543 1172 τι
566 1107 663 1189 ἀέρος
694 1105 749 1171 καὶ
780 1100 899 1183 ὕδατος
930 1099 953 1190 ἢ
983 1096 1081 1188 α’έρος
1112 1105 1165 1170 καὶ

72 1209 181 1298 πυρός,
205 1223 344 1301 ponant3
367 1223 465 1299 atque
486 1215 519 1281 bi
541 1225 629 1283 eerte
655 1217 680 1282 ii
702 1223 786 1299 sunt,
815 1235 895 1300 quos
917 1218 1008 1283 initio
1028 1217 1165 1283 alterum

72 1345 169 1408 genus
191 1327 237 1392 illi
261 1325 363 1410 priori
376 1326 535 1410 opposuit.
578 1327 647 1392 Iam
668 1345 744 1393 vero
767 1347 839 1392 oum
854 1327 1042 1392 Aristoteles
1055 1325 1164 1410 dispu-

72 1434 198 1502 tationis
220 1435 315 1502 initio
337 1436 398 1502 boo
421 1437 558 1502 alterum
581 1455 683 1519 genus
706 1455 761 1502 eos
787 1435 883 1515 dieat,
907 1437 962 1518 qui
984 1435 1022 1502 τὸ
1043 1432 1164 1519 μεταξὺ

73 1535 164 1628 ἀέρος
184 1545 237 1610 καὶ
259 1541 367 1628 πυρὸς
389 1552 520 1630 ponant,
550 1546 609 1614 bos
630 1552 738 1612 autern
760 1545 892 1614 eosdem
925 1567 996 1614 esse
1018 1548 1164 1614 ostende-

74 1656 164 1722 rimus
185 1664 282 1738 atque
302 1657 385 1739 illos,
408 1675 489 1739 quos
511 1658 620 1740 paullo
644 1664 718 1742 post
739 1657 930 1741 simpliciter
950 1655 989 1722 τὸ
1011 1651 1101 1738 παρὰ
1123 1651 1164 1721 τὰ

73 1769 210 1845 στοιχεῖα
222 1785 343 1851 ponere
358 1767 414 1844 ait,
438 1765 692 1833 eonoludendum
715 1773 774 1848 est,
796 1785 861 1845 eos,
885 1766 941 1849 qni
962 1773 1072 1834 nostro
1094 1767 1164 1834 loeo

71 1872 121 1938 ‘al
143 1871 230 1956 παρὰ
251 1871 294 1938 τά
316 1877 473 1955 στοιχεῖα,
497 1875 583 1958 quod
605 1875 649 1941 sit
676 1873 777 1956 μέσον
798 1898 830 1938 τι
853 1865 950 1957 ἀέρος
970 1873 1026 1938 καὶ
1046 1869 1165 1952 ὕδατος

77 1973 203 2070 ἢᾶέρος
222 1983 277 2048 καὶ
299 1975 426 2068 πυρός’
460 1983 608 2050 dieantur
630 2005 760 2069 ponere,
783 1983 914 2052 eosdem
936 1984 1091 2068 intellegi,
1118 1992 1163 2051 at-

76 2115 133 2178 que
153 2095 235 2176 ill08,
258 2095 315 2178 qui
338 2093 432 2161 initio
462 2088 501 2158 ud
523 2088 644 2176 μεταξύ
665 2091 761 2177 ἀέρος
787 2093 840 2159 καὶ
862 2092 968 2177 πυρός
1000 2101 1031 2162 et
1053 2095 1163 2179 paullo

75 2211 141 2287 post
160 2198 197 2268 τὸ
220 2197 311 2286 παρὰ
332 2198 372 2267 τὰ
394 2207 538 2285 στοιχεῖα
560 2225 679 2289 ponere
707 2204 786 2271 dieti
809 2211 891 2271 sunt.
935 2205 1047 2287 Neque
1080 2207 1164 2270 enim

75 2314 233 2396 probabile
256 2319 316 2396 est,
340 2313 547 2380 Aristotelem
569 2319 677 2380 nostro
701 2315 782 2392 loeo,
805 2334 869 2396 quo
891 2319 1003 2399 aperte
1024 2314 1098 2380 illos
1118 2314 1164 2380 lo-

74 2443 124 2489 ros
147 2422 378 2508 praecedentes
400 2423 544 2509 respicit,
565 2444 666 2492 novas
697 2423 850 2490 indueere
872 2425 1056 2505 sententias,
1080 2443 1163 2505 quae

75 2532 134 2598 illis
154 2534 233 2600 loeis
256 2534 451 2602 nullomodo
468 2534 631 2602 indioatae
654 2535 727 2600 siut.
771 2535 820 2601 Ea
834 2540 942 2602 autem
963 2535 1067 2600 solum
1089 2555 1163 2600 eon·

74 2641 190 2708 dioione
211 2649 347 2726 possunt
369 2642 466 2709 iidem
483 2643 637 2726 intellegi,
660 2645 688 2709 si
712 2643 775 2711 duo
792 2645 850 2710 illa
864 2644 970 2710 media
992 2664 1057 2710 non
1079 2642 1164 2710 duae

74 2749 213 2818 diuersae
236 2752 364 2834 speeies
386 2758 471 2834 sunt,
505 2752 572 2842 sed
589 2752 618 2818 si
639 2747 678 2816 τὸ
704 2746 794 2834 παρὰ
824 2747 865 2815 τὰ
892 2755 1039 2832 στοιχεῖα
1065 2771 1164 2817 unum

73 2860 168 2925 solum
190 2867 239 2928 est
261 2860 357 2928 etad
379 2859 443 2928 duo
466 2862 524 2928 illa
545 2861 653 2929 media
674 2863 722 2928 sio
751 2861 915 2942 sehabet,
943 2867 979 2926 ut
999 2861 1073 2945 pari
1094 2860 1164 2926 iure

74 2975 103 3034 et
124 2989 183 3036 uno
205 2973 361 3038 etaltera
383 2970 511 3038 deliniri
533 2971 647 3055 possit.
691 2971 757 3037 Sed
789 2971 876 3055 quod
902 2989 966 3036 non
993 2969 1164 3054 probabile

74 3098 140 3146 osse
160 3080 310 3162 diximus,
334 3081 539 3148 Aristotelem
563 3087 672 3148 nostro
700 3083 771 3148 loeo
794 3101 895 3148 novas
917 3080 1071 3148 induoere
1094 3099 1164 3145 sen-

72 3191 185 3258 tentias
208 3191 370 3274 prioribus
393 3191 459 3258 illis
475 3190 555 3258 loeis
578 3190 718 3257 nondum
733 3197 936 3270 memoratas,
959 3189 994 3257 id
1015 3200 1079 3256 nob
1101 3191 1164 3256 nisi

72 3305 159 3366 eante
191 3299 463 3368 ad=bristotelem
496 3293 730 3367 adhibendum
745 3307 804 3380 est,
838 3299 960 3385 quippe
989 3299 1059 3383 oni,
1092 3319 1164 3365 oum

72 3427 234 3494 sempere
268 3412 367 3477 totius
400 3412 448 3478 rei
480 3411 665 3494 eognitione
686 3412 847 3494 loquatur,
880 3408 914 3476 id
943 3429 1070 3494 quoqne
1093 3411 1165 3476 loeo

71 3517 162 3603 dieat,
184 3520 271 3603 quod
293 3519 337 3586 ad
355 3540 422 3586 rem
435 3520 659 3587 illustrandam
671 3520 820 3588 videatur
836 3521 916 3586 satis
939 3537 1020 3599 esse,
1042 3525 1075 3584 et
1090 3520 1165 3586 aliis

72 3648 177 3696 rursus
198 3629 281 3698 loeis
303 3631 371 3697 alia
392 3633 556 3714 tamquam
570 3630 702 3714 cognita
723 3631 860 3714 adferat,
883 3628 925 3696 de
946 3629 1062 3712 quibus
1085 3627 1166 3695 nibil

71 3737 163 3805 etiam
187 3739 307 3806 dietum
327 3740 378 3807 sit
423 3739 531 3819 Quare
552 3739 596 3807 ad
617 3739 708 3807 alind
729 3740 827 3807 etiarn
849 3745 1074 3823 argumentum
1094 3759 1164 3822 per-

72 3848 183 3930 gimus.

165 3958 348 4025 Posteriore
360 3957 495 4024 duorum
508 3960 633 4025 illorum
651 3959 804 4040 locorum,
828 3957 884 4042 qui
895 3963 1038 4024 nostrum
1060 3957 1166 4023 looum

39 4146 43 4154 1
74 4066 273 4152 praecedunt,
284 4067 475 4135 Aristoteles
498 4069 614 4134 erroris
631 4067 778 4152 coarguit
793 4087 857 4150 eos,
873 4067 928 4150 qui
941 4085 1038 4132 unam
1059 4085 1165 4132 rerum

75 4177 235 4243 materiam
267 4176 394 4261 aliquid
415 4171 505 4260 παρὰ
532 4171 572 4240 τὰ
595 4178 744 4256 στοιχεῖα
773 4181 871 4259 atque
893 4175 927 4240 id
948 4173 1079 4258 quidem
1100 4196 1167 4239 om-

75 4279 200 4362 ματικὸν
220 4283 274 4350 καὶ
297 4278 467 4370 χωριστόν,
489 4287 541 4380 uel
563 4292 597 4353 ut
608 4285 762 4369 deinceps
785 4284 908 4365 dieitur,
930 4285 1027 4368 σῶμα
1047 4285 1165 4370 αἰσθη-
