2864 4910
639 387 694 441 398

96 577 262 624 summum
285 561 389 625 looum
413 559 573 643 adsignat,
605 561 662 626 sed
698 560 867 626 omnium
900 581 1082 626 summum
1116 561 1206 644 ponit

96 668 215 747 solem,
236 669 352 732 multo
369 667 600 734 inferiorem
621 670 740 748 lunam,
763 669 928 734 infimos
952 671 1099 752 reliquos,
1123 688 1203 751 quos

96 775 185 841 forte
215 776 440 859 eognoseebat,
476 778 623 860 planetas
657 784 688 843 et
710 798 766 844 eas
797 780 917 855 stellas,
950 780 1089 860 quaein
1115 779 1205 843 eoelo

96 885 256 950 videntur
287 885 412 951 defixae
445 907 516 952 esse
529 885 558 967 ¹).
605 885 729 964 Quibus
767 887 944 953 rationibus
976 888 1018 952 ad
1050 888 1092 952 ad
1123 889 1206 953 hano

97 994 288 1078 opinionem
313 994 471 1062 adduetus
493 997 544 1078 sit,
568 996 663 1061 nullis
688 995 837 1062 historiae
860 998 1051 1064 testimoniis
1063 1018 1204 1082 comper-

97 1111 172 1170 tum
202 1112 261 1187 est,
292 1111 325 1170 et
345 1106 457 1172 inutile
491 1112 555 1189 est,
589 1107 790 1172 eonieeturas
823 1126 1011 1190 proponere,
1045 1109 1205 1189 quoniam,
1239 1189 1242 1198 1

98 1216 253 1297 quamvis
275 1235 333 1298 per
355 1235 390 1280 se
410 1235 474 1279 non
498 1215 723 1299 improbabiles
745 1216 820 1298 sint,
850 1222 956 1281 tamen
985 1235 1048 1282 non
1071 1221 1206 1299 possunt

99 1323 202 1388 certis
224 1325 423 1406 argumentis
446 1324 583 1409 probari.
1099 1389 1102 1396 .

204 1433 273 1498 Nee
305 1439 414 1498 tamen
450 1439 621 1516 propterea
653 1433 867 1499 dubitandum
904 1441 962 1515 est,
984 1455 1059 1500 num
1083 1435 1203 1499 Anaxi·

101 1541 241 1608 mandor
262 1541 345 1608 hane
372 1541 558 1626 opinionem
587 1542 745 1620 habuerit,
777 1543 1048 1626 quemadmodum
1071 1543 1207 1608 Boethio

99 1651 231 1716 videtur
239 1652 275 1732 ²),
300 1653 364 1717 iarn
385 1673 455 1718 earn
469 1672 564 1718 unam
582 1653 622 1718 ob
639 1672 797 1734 eaussam,
814 1653 901 1735 qood
919 1655 952 1717 in
975 1674 1015 1719 ea
1037 1651 1206 1720 referenda

101 1781 215 1826 omnes
250 1762 420 1844 scriptores
451 1761 664 1827 consentiunt.
710 1762 853 1827 Difficile
883 1762 968 1828 enim
1003 1770 1061 1844 est,
1095 1762 1204 1845 plures

102 1874 137 1935 in
160 1870 273 1936 eodem
299 1871 480 1935 consentire
503 1891 620 1954 errore,
644 1873 831 1954 praesertim
854 1871 883 1936 si
911 1871 940 1937 is
964 1891 1054 1937 error
1077 1879 1205 1937 senten-

103 1981 184 2046 tiam
207 1982 347 2045 eontinet
369 1981 500 2064 propter
521 1983 623 2065 ipsam
647 1981 717 2046 eius
738 1982 995 2064 singularitatem
1012 1989 1205 2065 suspeetam.

104 2092 280 2156 Praeterea
306 2095 413 2155 autem
441 2088 521 2156 haee
549 2091 659 2174 opinio
685 2111 748 2155 non
777 2093 870 2156 unius
893 2090 1124 2157 Anaximandri
1146 2097 1206 2172 est,

104 2200 163 2264 sed
187 2197 322 2264 eandem
345 2199 483 2263 vidimus
506 2201 530 2263 a¹
553 2197 778 2265 Parmenide
808 2201 1006 2283 propositam
1034 2219 1114 2265 esse.
1158 2200 1205 2265 Ae

104 2308 184 2373 mihi
208 2307 335 2389 quidem
347 2309 520 2374 verisimile
532 2307 667 2391 videtur,
686 2310 967 2375 Anaximenen
990 2329 1118 2392 quoque
1135 2329 1205 2376 earn

104 2440 123 2483 a
155 2421 310 2501 magistro
340 2426 521 2504 susceptam
557 2421 771 2497 retinuisse³).
814 2421 843 2484 A
870 2419 1068 2485 Plaeitornm
1098 2425 1204 2484 autem

209 2659 232 2721 1)
251 2657 365 2727 Hippol.
391 2657 499 2713 Refutt.
523 2659 545 2727 I,
563 2661 593 2712 6:
625 2662 686 2721 „nal
710 2653 838 2712 ἀνωτάτω
860 2657 916 2729 μὲν
939 2657 1005 2710 εἶναι
1029 2653 1079 2710 τὸν
1104 2655 1206 2722 ἡλίου,

103 2745 248 2804 κατωτάτω
272 2750 303 2804 δὲ
331 2747 392 2810 τοὺς
417 2753 483 2804 τῶν
503 2748 665 2806 abluaris
683 2749 835 2822 ἀστέρων
853 2747 989 2810 κὺκλους.“
1028 2751 1101 2804 Plut.
1131 2750 1205 2804 Plao.

104 2849 140 2915 II,
163 2849 208 2901 15:
240 2844 386 2918 ,,Ἀναξίμ.
410 2852 456 2900 καὶ
474 2845 664 2919 Μητρόδωρος
686 2849 703 2904 o‘
723 2846 795 2908 Χτός
816 2852 860 2901 καὶ
883 2843 990 2916 Κράτης
1012 2839 1140 2901 ἀνωτάτω
1158 2842 1207 2899 τὸν

103 2939 200 3008 ἥλιον
219 2939 358 3014 τετάχθαι,
377 2945 437 3015 μετ’
456 2942 539 2999 αὐτὸν
558 2947 588 2999 δὲ
608 2943 657 3011 τὴν
676 2941 799 3012 σελήνην,
818 2943 872 2999 ὑπὸ
892 2945 923 2998 δὲ
936 2941 1031 3003 αὐτοὺς
1049 2941 1081 2996 τὰ
1098 2943 1207 3009 dulcari

104 3042 159 3094 των
183 3035 293 3110 ἄστρων
317 3044 362 3093 καὶ
390 3041 452 3101 τοὺς
475 3037 636 3109 πλανήτας.“
673 3043 780 3097 Eodem
807 3041 890 3094 modo
911 3040 1007 3094 Galen.
1029 3042 1073 3108 13;
1104 3040 1204 3093 Euseb.

103 3139 205 3207 Praep.
224 3137 275 3191 Εν.
295 3137 357 3205 XV,
373 3139 421 3208 ro,
439 3140 515 3193 Stob.
534 3140 556 3201 Ι,
574 3141 617 3203 24,
638 3157 665 3208 p.
685 3142 746 3207 510,
764 3141 962 3208 praeterquam
980 3129 1054 3206 quod
1067 3137 1090 3191 is
1101 3137 1204 3190 Metro·

104 3235 206 3289 dorum
226 3239 255 3289 et
274 3235 385 3290 Oratam
404 3233 519 3289 omittit.
569 3224 570 3227 ¹

206 3335 231 3395 2)
248 3331 281 3385 Ε.
301 3330 401 3397 Roetb‚
432 3331 529 3386 Geseh.
560 3327 610 3385 der
638 3331 757 3385 Abendl.
786 3329 889 3384 Philus.
909 3331 944 3400 ΙΙ,
969 3333 992 3398 l,
1016 3347 1044 3399 p.
1063 3330 1163 3383 aseer
1181 3331 1207 3396 2,

104 3445 131 3498 p.
153 3430 195 3494 15,
214 3428 233 3481 f.

207 3524 235 3593 3)
254 3523 389 3578 Stobaeus
403 3524 425 3589 Ι,
446 3523 490 3592 23,
508 3540 535 3593 p.
556 3525 616 3592 500,
644 3525 673 3577 in
693 3523 784 3593 eapite
801 3523 836 3578 de
855 3524 924 3578 ooeli
943 3529 1053 3592 natura,
1077 3523 1146 3578 haee
1164 3541 1205 3577 re-

106 3622 174 3675 fert:
198 3616 442 3693 ,Ἀναξιμένης
460 3625 515 3674 καὶ
533 3623 756 3692 Παρμενίδης
774 3618 822 3688 τὴν
840 3601 998 3693 περιφορὰν
1020 3617 1069 3685 τὴν
1086 3613 1206 3678 ἐξωτάτω

104 3718 183 3784 *τῆς
200 3717 343 3788 piratae
365 3715 414 3771 τὸν
441 3711 584 3787 οὐρανόν.“
621 3719 755 3774 Stobaeus
783 3719 871 3789 igitur
895 3717 1063 3773 Anaximeni
1090 3717 1206 3771 eandem

106 3820 191 3884 atque
204 3814 403 3870 Parmenidi
423 3815 457 3871 de
477 3818 553 3871 coelo
568 3818 735 3871 sententiam
748 3817 858 3871 tribuit.
890 3816 950 3869 Iam
961 3832 1027 3868 vero
1039 3814 1098 3883 ipse
1111 3814 1206 3882 paullo

106 3918 179 3976 ante,
200 3931 228 3982 p.
242 3913 303 3982 482,
323 3913 444 3982 rettulit,
464 3913 654 3967 aParmenide
674 3913 822 3982 sphaeram
832 3917 924 3966 terrae
936 3912 1103 3980 proximam,
1122 3928 1207 3980 qnam

104 4007 134 4063 τὸ
154 4009 279 4079 πυρῶδες
299 4011 465 4080 appellaret,
484 4027 536 4065 neo
548 4028 614 4065 vero
627 4010 774 4079 sphaeram
787 4009 885 4063 mundi
904 4008 1042 4070 nltimam,
1062 4025 1145 4076 quam
1163 4025 1206 4061 so·

105 4107 192 4160 lidam
212 4122 270 4160 esse
290 4106 383 4172 vellet,
406 4107 515 4161 eoelum
538 4108 641 4162 vocari.
679 4107 756 4177 Ergo
778 4107 980 4184 Anaximenem
1000 4121 1109 4174 qnoque
1137 4104 1208 4158 dieit

107 4204 223 4272 eoelum,
249 4204 278 4256 in
303 4221 357 4272 qno
378 4204 475 4258 stellae
494 4203 642 4258 videantur
666 4201 773 4257 defixae
799 4219 866 4271 esse,
894 4219 950 4256 non
972 4202 1101 4256 ultimam
1120 4218 1206 4270 quan·

107 4301 172 4356 dam
192 4298 289 4355 mundi
308 4299 456 4371 sphaeram
474 4299 601 4368 solidam,
628 4299 676 4354 sed
697 4299 879 4368 sphaeram
902 4298 1058 4354 infimam
1079 4303 1206 4354 terrae·
