2850 4904
767 317 819 372 208

236 491 323 575 dum,
346 491 381 557 id
404 490 491 575 qood
515 493 548 558 in
562 490 625 556 hac
647 509 682 555 re
694 492 835 556 maxime
848 488 1038 556 incredibile
1061 494 1120 571 est,
1135 488 1355 554 Aristotelem

237 603 342 685 ipsum
366 621 386 665 a
408 620 480 668 sese
495 600 637 666 mirabili
661 598 800 683 quodam
823 599 919 666 modo
930 599 1116 682 dissentire,
1138 635 1178 644 -
1194 604 1252 663 aut
1268 617 1354 662 con·

237 711 425 792 cedendum,
458 710 548 777 illam
581 711 645 776 loci
675 711 972 793 interpretationem
1001 709 1118 776 falsam
1150 728 1231 776 esse.
1281 707 1353 774 Sed

236 820 299 904 ipsi
321 826 418 886 antea
447 818 528 886 satis
559 819 710 901 vidimus,
745 819 834 886 illam
865 818 1169 902 interpretationem,
1199 817 1230 884 oi
1251 815 1352 900 prior

214 915 216 922 Α
235 927 405 996 divisionis
428 929 516 995 illius
538 947 628 1014 pars:
653 921 706 992 ὀἱ
726 926 787 1010 μὲν
807 921 867 1011 γὰρ
894 921 929 992 (ἐν
957 920 1153 1016 ποιήσαντες
1178 927 1217 992 τὸ
1239 919 1282 990 ὃν
1309 963 1351 972 -

236 1023 337 1101 τᾶλλα
365 1037 500 1121 γεννῶσι
529 1027 620 1116 aad),
655 1056 713 1122 per
744 1056 780 1104 se
812 1039 882 1104 sola
912 1043 1120 1121 spectaretur,
1153 1035 1351 1102 facillimam

238 1147 370 1230 quidem
393 1147 508 1229 videri,
541 1148 736 1230 simulatque
757 1156 864 1215 autem
895 1148 999 1214 altera
1020 1166 1148 1230 quoque
1170 1145 1350 1212 divisionis

237 1273 328 1337 pars:
347 1247 399 1318 ‘oi
422 1253 458 1318 da*
471 1251 506 1318 ἐκ
520 1254 579 1320 τοῦ
603 1249 675 1332 ἑνὸς
686 1291 723 1300 -
739 1252 949 1337 acciverant
965 1243 1110 1337 [pactos
1132 1259 1349 1338 spectaretur,

237 1382 394 1448 apparere
418 1365 526 1443 talem,
559 1385 644 1448 quae
665 1367 793 1431 omnino
816 1385 880 1430 non
912 1371 1024 1448 posset
1057 1383 1130 1429 cum
1152 1363 1345 1430 Aristotelis

237 1475 398 1540 sententia
421 1476 603 1541 convenire.
640 1474 795 1542 Nolumus
818 1480 974 1559 repetere,
999 1492 1084 1555 quae
1107 1479 1201 1539 antea
1226 1472 1267 1538 de
1280 1472 1347 1538 hac

236 1603 272 1658 re
294 1583 548 1669 disputavimus:
571 1583 604 1650 id
626 1585 729 1651 solum
752 1586 859 1669 placet
881 1585 997 1650 iterum
1019 1603 1159 1664 monere,
1189 1585 1345 1667 quoniam

237 1692 388 1760 hocloco
412 1695 528 1760 clarius
562 1695 662 1759 etiarn
688 1712 783 1776 quam
809 1701 906 1761 antea
926 1703 1075 1780 apparet,
1103 1694 1165 1761 hac
1185 1696 1345 1776 interpre-

237 1802 359 1868 tatione
381 1803 490 1887 posita
522 1804 662 1882 evenire,
697 1810 732 1869 ut
753 1803 945 1871 Aristoteles
975 1807 1009 1870 in
1040 1805 1098 1870 illa
1131 1803 1343 1889 physicorum

238 1912 397 1979 divisione
421 1913 538 1996 prioris
565 1913 666 1997 partis
689 1913 886 1998 principium
908 1922 1059 1981 accurate
1082 1913 1272 1996 definiverit,
1297 1915 1343 1978 al-

238 2023 340 2088 terius
363 2029 470 2088 autem
494 2023 596 2106 partis
608 2024 738 2089 omnino
761 2023 919 2090 inlinitum
938 2022 1154 2107 reliquerit¹);
1176 2043 1237 2106 qno
1258 2022 1343 2087 nihil

238 2138 437 2216 potestesse
459 2132 684 2215 inelegantius,
707 2132 789 2198 nihil
812 2141 843 2200 et
862 2155 882 2199 a
904 2132 1086 2200 disserendi
1098 2140 1168 2199 arte
1190 2139 1221 2198 et
1242 2151 1261 2196 a
1284 2151 1340 2196 na-

236 2242 333 2307 turali
354 2241 562 2326 cogitationis
585 2243 709 2308 ratione
734 2243 883 2310 alienius.

338 2351 511 2418 Praeterea
532 2352 678 2436 plerique
703 2353 736 2417 in
751 2353 929 2436 posteriore
952 2352 1039 2419 illius
1055 2351 1226 2419 divisionis
1237 2358 1339 2436 parte,
1420 2383 1421 2386 ι

238 2463 270 2525 in
296 2461 347 2544 iis,
370 2463 426 2544 qui
451 2463 500 2528 sic
526 2461 763 2544 significantur:
792 2454 845 2526 ‘od
875 2460 911 2525 δὲ
938 2459 973 2526 ἐκ
996 2463 1068 2525 τοῦ
1094 2456 1181 2539 tede
1208 2455 1340 2536 ἐνούσας
1419 2471 1420 2517 l

237 2562 296 2646 τὰς
323 2564 551 2652 &canturanae
578 2567 786 2652 ἐκκρίνεσθαί
808 2572 934 2656 [φασιν]
942 2564 961 2652 ',
994 2577 1123 2657 praeter
1145 2571 1338 2636 Anaximan·

239 2678 332 2744 drum
355 2686 525 2745 numerant
560 2681 656 2746 etiam
685 2681 912 2765 Anaxagoram
934 2687 968 2746 et
988 2681 1225 2766 Empedoclem,
1256 2699 1337 2762 quos
1416 2707 1417 2766 ι

237 2788 429 2854 Aristoteles
451 2789 522 2857 loco
544 2792 651 2855 statim
673 2791 821 2874 sequenti
844 2792 965 2875 pariter
986 2793 1217 2857 contrariorum
1236 2799 1337 2856 secre-

238 2900 323 2964 tione
345 2918 397 2965 res
419 2918 575 2982 generare
598 2899 689 2975 dicit3
722 2900 822 2984 idque
854 2920 917 2966 uon
946 2902 1047 2967 solnm
1071 2900 1095 2965 ii
1119 2901 1248 2983 iaciunt,
1278 2899 1335 2981 qui

238 3008 472 3075 Anaximandri
493 3011 684 3094 principium
707 3010 940 3094 mixtionem),
975 3031 1086 3077 verum
1109 3011 1208 3076 etiam
1226 3009 1257 3086 ii,
1278 3008 1334 3090 qui
1413 2985 1414 3012 ¹

236 3122 384 3182 naturam
412 3118 575 3201 quandam
598 3119 778 3203 simplicem
813 3141 884 3187 esse
915 3122 1068 3200 volone).
1113 3117 1176 3188 Sed
1201 3139 1267 3185 meo
1289 3119 1333 3182 iu-

236 3225 324 3291 dicio
351 3226 422 3292 fieri
456 3249 521 3294 non
543 3235 659 3312 potest,
692 3236 729 3295 ut
748 3230 938 3297 Aristoteles
971 3230 1033 3296 hoc
1066 3230 1213 3298 voluerit.
1253 3227 1331 3294 Nam

236 3355 430 3420 quamquam
451 3339 680 3422 Anaxagoram
704 3347 736 3406 et
751 3339 981 3425 Empedoclem
1006 3340 1087 3407 dicit
1099 3343 1222 3425 pariter
1241 3344 1330 3420 atque
1408 3361 1409 3423 ι

236 3444 515 3514 Anaximandrum
537 3467 589 3514 res
601 3449 833 3515 contrariorum
845 3451 1025 3518 secretione
1041 3471 1209 3535 generare,
1230 3456 1329 3514 tamen
1406 3439 1408 3505 l

237 3568 293 3614 eos
314 3551 356 3617 ab
378 3553 621 3620 Anaximandro
651 3557 734 3640 ipso
762 3575 907 3640 genere
935 3564 1095 3642 segregat.
1140 3549 1264 3626 Etenim
1287 3552 1329 3618 vi-

339 3825 366 3898 1)
384 3828 456 3883 Vide
475 3828 758 3886 Schleiermacherum
781 3837 809 3888 et
827 3833 968 3889 Zellerum
991 3834 1021 3888 in
1040 3835 1134 3890 adnot.
1153 3829 1326 3904 praecedenti·

337 3924 365 3993 2)
384 3924 479 3980 Rittcr
498 3926 516 3980 l.
533 3927 551 3982 l.
571 3927 593 3993 I,
612 3928 665 3982 283
684 3931 742 3983 not.
762 3931 788 3984 3.

337 4024 365 4088 3)
384 4025 455 4080 Vide
483 4025 513 4079 in
540 4027 639 4096 primis
662 4027 800 4084 Zellerum
831 4028 934 4083 Philos.
954 4029 1001 4084 Gr.
1021 4028 1043 4098 1,
1061 4046 1088 4099 p.
1107 4029 1159 4082 190
1185 4027 1228 4094 (cl.
1251 4040 1325 4093 supra

236 4137 263 4188 p.
284 4121 348 4188 206)
367 4124 395 4175 et
414 4139 442 4192 p.
466 4123 525 4189 183,
544 4125 567 4178 3.
594 4124 699 4178 Eodem
723 4126 806 4180 modo
823 4125 944 4180 Braudis
962 4125 984 4193 I,
1002 4144 1030 4195 p.
1052 4127 1112 4193 133,
1132 4143 1166 4195 g;
1185 4124 1325 4186 Ueberweg

237 4215 357 4270 Grundr.
377 4216 399 4279 I,
421 4216 437 4286 ἓ
459 4219 510 4288 13;
530 4219 565 4273 al.
