2882 4902
563 1227 821 1308 Palulluln.

238 1555 329 1634 Quae
352 1555 414 1622 hoc
436 1557 519 1624 libro
542 1559 707 1642 docentur,
731 1563 862 1626 omuino
885 1560 1016 1626 diversa
1038 1567 1112 1626 sunt
1131 1561 1240 1644 abiis,

132 1685 221 1748 quac
245 1685 348 1749 usque
372 1687 411 1732 eo
434 1667 609 1734 decadem
632 1690 666 1735 re
690 1671 814 1736 credita
829 1679 861 1736 et
876 1672 998 1755 scripta
1013 1677 1097 1736 suut.
1132 1670 1239 1749 Quare

132 1781 389 1842 cousentaneum
412 1777 551 1861 videtur,
574 1779 614 1844 de
631 1782 781 1846 universa
795 1779 869 1845 libri
885 1781 1011 1846 ratione
1028 1800 1133 1864 pauca
1148 1801 1239 1865 prae-

133 1905 279 1952 monere.

238 1997 276 2061 In
298 1997 525 2080 antiquissima
547 1997 742 2063 Graecorum
771 1997 989 2082 philosophia,
1024 2019 1108 2082 quae
1136 1999 1239 2084 ipsius

134 2104 367 2190 philosophiae
389 2107 534 2172 continet
554 2106 741 2190 primordia,
778 2107 811 2172 id
837 2110 978 2174 maxime
1001 2115 1109 2175 certae
1132 2112 1239 2193 cogui-

133 2215 217 2279 tioni
229 2215 346 2293 obstat,
370 2214 466 2298 quod,
490 2236 575 2298 quae
597 2215 638 2280 de
661 2235 700 2280 ea
723 2216 915 2300 referuntur,
939 2223 971 2282 et
985 2237 1150 2302 perpauca
1163 2226 1239 2285 sunt

134 2330 168 2388 et
199 2323 388 2408 plerumque
417 2324 464 2390 ita
492 2324 606 2389 brevia
637 2324 678 2390 ab
709 2325 860 2407 omnique
890 2325 1122 2393 sententiarum
1154 2348 1239 2394 nexu

133 2433 253 2513 soluta,
276 2439 320 2508 ut,
345 2453 440 2516 quam
463 2432 606 2499 habeant
626 2434 691 2499 vim
714 2433 811 2499 etad
833 2453 926 2516 qoem
951 2437 1108 2518 cuiusque
1120 2436 1237 2501 doctri·

132 2562 198 2607 nae
220 2543 326 2608 locum
348 2543 518 2608 referenda
541 2544 618 2624 sint,
649 2563 749 2626 saepe
771 2542 999 2627 difficillimum
1030 2545 1073 2611 sit
1098 2549 1237 2628 cognitu.

134 2652 202 2718 Sed
228 2658 335 2717 tamen
364 2653 462 2717 iniis
494 2651 708 2737 philosophis,
746 2654 801 2736 qui
834 2673 912 2737 prae
945 2655 1061 2721 ceteris
1091 2655 1237 2738 insignes

133 2767 211 2826 suut
233 2767 330 2844 atque
352 2763 553 2848 inventorum
575 2768 608 2827 et
629 2763 773 2827 novitate
790 2768 821 2827 et
836 2763 996 2845 gravitate
1013 2762 1237 2848 philosophiae

134 2869 354 2954 progredienti
380 2871 475 2954 quasi
501 2871 587 2937 viam
617 2878 844 2953 monstrarunt,
878 2878 1022 2938 veterum
1044 2871 1238 2939 'testimonia

133 2980 250 3055 solent,
275 2986 311 3045 ut
332 2999 393 3064 par
415 2986 472 3064 est,
495 2986 527 3045 et
543 2979 637 3064 plura
659 2971 733 3047 es'se
755 2986 787 3046 et
809 2983 1018 3046 accuratiora.
1064 2982 1101 3044 ln
1124 2980 1236 3046 horum

134 3088 402 3174 philosophorum
425 3109 558 3156 numero
581 3089 825 3155 Anaximander
852 3109 981 3172 quoque
1011 3097 1069 3168 est,
1103 3090 1143 3155 de
1173 3110 1236 3172 quo

134 3216 219 3278 quae
242 3197 363 3262 tradita
384 3203 467 3278 suut,
498 3198 607 3282 aliquo
629 3199 723 3264 modo
746 3197 895 3264 sufficere
918 3197 1077 3280 videntur,
1110 3205 1144 3262 ut
1166 3199 1236 3264 cios

134 3305 284 3371 doctrina
307 3308 387 3372 satis
410 3308 497 3373 clare
519 3309 627 3373 auimo
650 3307 763 3391 effingi
786 3306 898 3389 possit.
933 3308 981 3372 De
998 3307 1116 3388 quibus
1132 3309 1236 3390 prius-

134 3435 232 3497 quam
255 3414 350 3499 plura
371 3415 488 3498 dicam,
522 3435 562 3480 ex
582 3436 640 3480 usu
663 3416 790 3481 videtur
815 3436 895 3492 esse,
921 3415 1113 3481 sententiam
1136 3436 1235 3498 quan·

134 3523 210 3588 dam
233 3525 416 3607 generalem
437 3526 653 3607 praemittere.

236 3632 350 3715 Itaque
377 3653 449 3698 cum
477 3633 585 3717 agitur
612 3633 652 3698 de
675 3632 891 3717 philosophia,
926 3652 1008 3716 quos
1033 3640 1156 3698 certum
1177 3641 1235 3715 est,

134 3761 200 3806 uon
225 3742 361 3807 aliorum
383 3743 441 3808 sed
464 3763 524 3808 sua
546 3741 665 3826 placita
687 3744 906 3828 proposuisse,
940 3742 1021 3808 haec
1049 3744 1153 3824 prima
1181 3745 1235 3808 lex

134 3857 194 3934 est,
218 3858 262 3934 ut,
285 3851 386 3934 quod
403 3853 576 3935 quisque
600 3853 730 3917 verbis
753 3851 945 3929 docuerit,
970 3851 1008 3916 id
1031 3871 1112 3932 eum
1131 3859 1235 3934 puts-

134 3980 217 4026 mus
231 3961 476 4045 cogitatione
493 3963 615 4027 atiam
638 3961 885 4026 informatum
902 3960 1098 4026 habuisse.
1125 3958 1235 4037 Quare

133 4089 228 4134 nemo
251 4089 361 4135 eorum
384 4069 546 4154 putandus
569 4078 619 4136 est
645 4069 771 4152 aliquid
800 4069 959 4152 docuisse,
994 4068 1080 4152 quod
1114 4069 1160 4133 ita
1189 4070 1234 4132 vi-

133 4179 248 4244 deatur
270 4199 291 4243 a
312 4180 512 4244 naturalibus
535 4180 753 4263 cognoscendi
776 4181 901 4264 legibus
925 4180 1107 4260 abhorrere,
1133 4189 1166 4246 ut
1182 4185 1234 4246 vix

132 4313 153 4356 a
175 4311 338 4374 quoquam
362 4293 560 4375 cogitatione
577 4292 744 4357 informari
762 4295 913 4374 potuerit.
947 4291 983 4358 Iu
1000 4293 1234 4374 antiquissimis
