2882 4902
414 1309 472 1373 DE
491 1309 698 1375 NATURAE
723 1307 953 1374 INFlNITAE
976 1307 1197 1374 ESSENTIA.

359 1506 385 1568 l.
414 1505 483 1568 lam
504 1503 707 1588 pervenimus
729 1505 772 1569 ad
794 1505 1015 1586 quaestionem
1037 1502 1178 1568 omnium
1200 1501 1346 1586 gravissi·

258 1635 353 1697 marn,
377 1614 410 1679 in
434 1634 498 1696 qua
519 1614 660 1680 maxime
682 1614 823 1690 uirorum
846 1614 1011 1680 doctorum
1033 1611 1270 1678 controversiae
1288 1630 1349 1675 ver·

256 1731 376 1802 santur,
408 1744 503 1806 quam
531 1725 774 1790 Anaximander
801 1726 907 1809 ipsam
933 1722 1078 1789 infinitae
1104 1723 1193 1788 illius
1222 1727 1348 1787 naturae

259 1835 472 1900 essentiam
503 1854 575 1900 esse
597 1835 743 1901 voluerit.
788 1833 838 1900 Ad
859 1854 956 1917 quam
984 1832 1206 1916 quaestionem
1233 1831 1350 1900 solven·

260 1943 334 2008 dam
356 1943 435 2009 utile
456 1941 508 2008 vel
530 1943 628 2007 etiam
651 1942 868 2008 necessarium
888 1940 1108 2006 videturesse
1131 1939 1249 2023 paucis
1265 1957 1349 2022 prae·
1422 1999 1423 2002 ,

175 2089 178 2096 ·
259 2052 395 2131 mittere,
418 2072 483 2136 qua
493 2051 618 2118 ratione
632 2071 737 2116 rerum
752 2049 990 2116 multitudinem
1012 2069 1029 2115 e
1050 2068 1173 2115 summo
1196 2047 1349 2132 principio

260 2161 337 2227 oriri
360 2161 603 2228 existimaverit.

360 2271 408 2335 De
431 2268 492 2336 hac
514 2271 613 2354 igitur
634 2289 668 2334 re
691 2268 926 2334 Anaximandri
952 2287 993 2333 ea
1020 2275 1069 2334 est
1095 2268 1217 2352 opinio,
1250 2283 1347 2331 rerum

260 2379 498 2446 multitudinem
519 2399 559 2445 ex
582 2378 708 2445 infinita
737 2379 794 2442 illa
821 2385 936 2444 natura
963 2398 1038 2444 non
1067 2376 1201 2456 aliqua
1227 2376 1350 2460 ipsius

260 2489 575 2573 commutatione,
600 2490 698 2554 veluti
722 2487 971 2554 condensatione
994 2495 1025 2554 et
1047 2487 1268 2563 rareiaotione‚
1298 2481 1348 2549 sed
1424 2559 1425 2578 ἶ

261 2597 443 2681 eogigni,
481 2599 582 2681 quod
615 2620 659 2664 en
691 2619 735 2664 ea
763 2598 969 2664 contraria
994 2603 1251 2663 secernantur
1278 2592 1351 2675 ipsi
1424 2585 1425 2594 ’

261 2702 391 2768 insita.
441 2704 478 2769 ld
506 2705 593 2770 enim
622 2705 692 2771 sine
719 2705 786 2769 ulla
815 2704 1017 2771 dubitatione
1045 2712 1172 2771 constat
1199 2704 1350 2792 luculento

263 2813 447 2880 Aristotelis
472 2815 671 2896 testimonio,
704 2814 760 2896 qui
786 2833 841 2878 eos
868 2811 1036 2898 physicos,
1070 2833 1091 2878 a
1118 2813 1234 2896 quibus
1261 2830 1350 2877 unum

260 2929 384 2989 tantum
417 2943 522 2989 rerum
552 2924 748 3008 principium
770 2924 868 3006 idque
891 2942 1078 3007 corporeum
1099 2928 1246 3008 ponatur,
1272 2920 1348 2986 bii·

261 3033 343 3098 riam
365 3033 412 3098 ita
433 3033 613 3118 distinguit,
642 3041 676 3100 ut
698 3035 817 3099 alteros
838 3053 879 3098 ex
902 3033 958 3098 illo
982 3053 1043 3099 uno
1070 3033 1230 3118 principio
1250 3047 1351 3097 omnes

262 3163 312 3208 res
335 3142 584 3208 condensatione
607 3150 638 3209 et
664 3142 890 3217 rarefactione‚
922 3144 1040 3207 alteros
1068 3142 1351 3207 contrariorum

262 3252 482 3318 secretione
505 3272 659 3337 generare
675 3252 773 3332 dicat,
796 3251 942 3334 hancque
956 3252 1168 3336 posteriorem
1183 3250 1351 3316 doctrinam

262 3358 451 3424 nominatim
483 3359 525 3425 ad
558 3359 836 3426 Anaximandrum
861 3361 980 3427 referat
990 3359 1023 3444 ¹).
1070 3361 1176 3443 Atque
1204 3360 1287 3425 idem
1309 3376 1350 3421 re·

364 3596 390 3665 l)
409 3595 489 3666 Phys.
510 3598 531 3665 1,
542 3599 566 3650 4.
582 3600 651 3652 18⁷³
666 3600 710 3650 12:
732 3597 788 3664 „nic
807 3599 837 3651 di
855 3601 882 3650 οἱ
900 3601 1014 3670 φυσικοὶ
1032 3600 1141 3666 λέγουσι
1162 3597 1212 3665 (so.
1231 3597 1261 3651 ἓν
1277 3592 1306 3648 τὸ
1324 3588 1352 3646 ὃν

263 3689 342 3762 εἶναι)
368 3687 418 3746 δύο
442 3688 539 3762 τρόποι
562 3698 648 3748 εἰσίν·
677 3699 704 3748 οἱ
729 3696 785 3766 μὲν
808 3693 862 3764 γὰρ
888 3695 918 3748 ἓν
946 3688 1109 3760 ποιήσαντες
1130 3689 1161 3746 τὸ
1181 3686 1214 3746 ὃν
1232 3692 1310 3762 σῶμα
1325 3685 1351 3741 τὸ

262 3787 454 3862 ὑποκείμενον,
472 3785 487 3857 ἢ
505 3791 560 3844 τῶν
571 3794 653 3862 τριῶν
664 3812 689 3845 τι
708 3785 722 3859 ἢ
743 3786 816 3861 ἄλλο,
836 3788 851 3844 ὃ
871 3793 926 3844 ἐστι
941 3788 1027 3860 πυρὸς
1037 3791 1092 3861 μὲν
1105 3784 1271 3858 πυκνότερον
1281 3783 1351 3856 ἀέρος

264 3886 295 3939 δὲ
314 3882 484 3956 λεπτότερον,
508 3876 589 3941 τᾶλλα
607 3890 724 3959 γεννῶσι
743 3884 888 3955 πυκνότητι
906 3891 951 3941 καὶ
968 3882 1100 3959 μανότητι
1118 3884 1206 3940 πολλὰ
1224 3885 1353 3940 ποιοῦντες

387 3986 420 4036 οἱ
445 3984 470 4036 d'
494 3985 531 4038 ἐκ
558 3987 614 4038 τοῦ
638 3983 713 4044 ἑνὸς
741 3980 881 4044 ἐνούσας
910 3981 968 4044 τᾶς
1000 3978 1352 4049 ἐναντιότηταςέκκρί-

263 4085 396 4143 vector,
417 4075 732 4153 ὥσπερᾍταξῳανδρός
749 4098 837 4153 φησιν
855 4121 861 4135 .
882 4084 908 4135 .“
937 4080 992 4149 Qui
1009 4081 1088 4134 locus
1107 4097 1140 4134 ea
1159 4085 1249 4150 parte,
1269 4081 1352 4148 quate

263 4192 314 4228 nus
338 4174 374 4229 ad
393 4179 517 4231 nostram
536 4179 728 4248 quaestionem
746 4178 879 4248 pertinet,
896 4177 1036 4234 dilucidus
1055 4181 1110 4246 est;
1129 4195 1201 4248 quae
1220 4180 1353 4246 praetcrea

262 4273 359 4327 insunt
377 4272 567 4345 difficultates,
586 4280 682 4346 postea
701 4275 919 4346 explicabantur.
