2882 4902
777 320 812 372 56

251 497 422 563 contrariis
438 496 606 563 elementis
622 496 835 580 compositam
856 501 912 590 aut
925 494 1094 560 materiam
1108 493 1259 558 cuiusvis
1280 509 1348 572 qua-

250 604 351 672 litatis
373 605 527 672 delinitae
549 603 746 689 expertem.“

144 781 149 792 ,
350 716 419 782 Iam
441 735 519 782 vero
541 721 639 800 patet,
673 721 842 799 utrumque
869 716 991 798 pariter
1018 719 1050 778 et
1069 713 1206 778 refutari
1228 717 1264 776 et
1285 728 1349 792 pro

163 889 167 902 ,
252 825 321 892 bari
344 843 450 909 posse.
493 824 544 890 Ad
566 827 654 909 prius
677 826 764 891 enim
789 824 1021 908 disiunotiouis
1050 822 1232 888 membrum
1261 817 1349 884 refel-

214 1010 219 1018 .
252 933 383 1000 lendum
406 955 447 1001 ex
475 936 547 1018 ipsa
566 934 799 1000 Anaximandri
826 935 985 1000 sententia
1015 931 1143 998 adsumi
1164 935 1288 1015 potest:
1320 933 1349 992 at

252 1064 315 1110 nou
338 1048 388 1110 est
410 1043 532 1120 mixtio,
564 1045 622 1111 sed
644 1050 760 1110 natura
787 1043 949 1127 quaedam
972 1043 1128 1126 simplex3.
1152 1062 1193 1106 ao
1214 1048 1286 1106 tum
1307 1056 1349 1102 se-

252 1151 375 1235 quitur:
411 1171 488 1236 ergo
519 1159 568 1219 est
603 1173 721 1237 expers
755 1152 925 1236 qualitatis
962 1150 1099 1216 materia
1134 1152 1203 1217 sive
1234 1146 1350 1232 „odota

252 1249 405 1344 ἀόριστος
426 1260 495 1324 κατ’
517 1252 637 1339 aaut.
681 1263 787 1345 Atque
809 1261 872 1326 hao
886 1262 1150 1345 interpretatione
1172 1279 1267 1325 usum
1282 1274 1348 1322 esse

252 1368 391 1436 vidimus
407 1369 676 1456 Theophrastum.
721 1370 773 1436 Ad
794 1370 1007 1437 refellendum
1021 1369 1160 1436 alterum
1175 1366 1348 1435 membrum

253 1479 373 1562 pariter
400 1499 440 1544 ex
462 1479 698 1544 Anaximandri
730 1479 891 1545 sententia
918 1477 1045 1544 adsumi
1073 1483 1194 1560 potest:
1227 1483 1261 1542 at
1289 1493 1348 1540 nou

255 1593 304 1654 est
326 1589 459 1653 materia
481 1587 648 1670 qualitatis
669 1606 796 1672 expers,
830 1586 888 1654 sed
911 1607 969 1652 sua
991 1586 1131 1669 quadam
1152 1586 1253 1652 utitur
1275 1601 1349 1666 qua·

254 1698 344 1763 litate
366 1695 510 1779 definita
529 1716 568 1762 ao
590 1703 656 1762 turn
679 1696 893 1762 oonoluditur:
916 1715 993 1780 ergo
1015 1702 1065 1762 est
1089 1697 1212 1762 mixtio.
1245 1695 1347 1774 Atque

255 1805 339 1872 hano
354 1805 650 1890 interpretationem
672 1807 743 1889 ipse
757 1808 945 1874 Aristoteles
967 1805 1115 1873 adhibuit
1130 1825 1170 1872 eo
1184 1801 1346 1886 Metaphy·

256 1915 393 1982 sioorum
416 1916 496 1999 loeo,
519 1937 538 1981 a
560 1935 623 1999 qno
645 1922 713 1982 tota
737 1915 818 1983 haeo
840 1915 1014 2000 disputatio
1037 1915 1163 1982 initium
1185 1914 1279 1998 oepit

354 2023 449 2103 Quod
471 2032 578 2092 autem
590 2028 775 2094 Aristoteles
790 2027 851 2094 hoo
867 2028 938 2094 loeo
960 2047 1017 2110 pro
1030 2026 1104 2110 ipso
1120 2018 1346 2090 Anaximandri

256 2135 414 2221 principio
445 2154 536 2202 suam
566 2136 660 2202 huius
691 2138 838 2221 prinoipii
870 2136 1169 2220 interpretationem
1201 2129 1346 2215 posuerit,

257 2245 377 2329 pariter
405 2251 503 2327 atque
529 2246 562 2310 in
583 2246 788 2330 Anaxagora,
819 2246 852 2311 id
880 2265 944 2311 non
970 2250 1078 2330 potest
1103 2245 1219 2308 mirum
1239 2237 1344 2307 videri.

257 2355 404 2437 Namque
419 2353 479 2420 hoo
502 2356 573 2421 looo
596 2375 659 2421 non
676 2355 710 2420 id
731 2356 809 2440 agit,
832 2362 868 2421 ut
888 2358 975 2439 ipsas
990 2361 1133 2420 veterum
1147 2353 1345 2439 physicorum

257 2464 421 2532 doetriuas
437 2470 587 2548 exponat,
610 2465 668 2532 sed
690 2471 725 2532 ut
747 2467 867 2550 raptim
889 2467 982 2548 quasi
1004 2464 1163 2543 ostendat,
1185 2463 1272 2546 apud
1286 2480 1344 2526 om-

258 2593 315 2640 nes
348 2577 412 2640 iam
436 2574 659 2656 aliquomodo
688 2595 781 2642 suum
812 2577 965 2641 materiae
985 2573 1184 2659 prinoipium
1211 2569 1343 2638 inveniri.

257 2683 401 2767 Aooedit,
424 2684 519 2767 quod,
542 2691 711 2770 postquam
733 2675 1011 2766 „homoquidam
1030 2677 1069 2750 τὸ
1091 2681 1216 2766 μῖγμα“
1238 2698 1344 2746 memo-

258 2793 351 2873 ravit,
375 2793 418 2858 ad
443 2794 688 2878 significandum
709 2793 943 2860 Anaximandri
965 2794 1159 2878 priuoipium
1191 2789 1344 2858 mixtionis

258 2903 345 2966 notio
376 2903 459 2968 ultro
481 2903 579 2967 menti
602 2921 636 2967 se
659 2901 824 2967 offerebat.
868 2901 1008 2967 Maxime
1031 2907 1138 2968 autem
1160 2907 1228 2966 tota
1246 2906 1346 2966 nostra

259 3009 436 3096 disputatio
452 3009 657 3077 confirmatur
679 3031 727 3090 eo,
751 3010 837 3094 quod
860 3010 919 3077 hao
941 3012 1045 3076 solum
1062 3011 1187 3076 ratione
1209 3009 1343 3076 disere-

258 3122 390 3204 pantia
411 3122 510 3186 inter
533 3121 624 3186 illos
647 3120 907 3206 Theophrasti
931 3127 968 3188 et
991 3120 1229 3187 Aristotelis
1249 3121 1345 3185 looos

257 3230 352 3312 plane
393 3229 575 3313 explicatur
607 3251 646 3296 ao
673 3230 816 3296 solvitur.
868 3231 919 3296 Ab
953 3231 1008 3296 illa
1034 3235 1143 3296 autem
1175 3225 1345 3295 Aristotelis
1421 3259 1422 3346 q

260 3340 522 3422 interpretatione
565 3340 692 3404 omnino
736 3341 891 3422 originem
930 3340 1029 3404 etiam
1063 3337 1195 3404 duxisse
1230 3337 1345 3403 videtur

259 3448 379 3534 opinio,
402 3448 631 3514 Anaximandri
655 3448 812 3515 infinitam
843 3468 915 3515 esse
938 3449 1138 3530 mixtionem,
1166 3449 1256 3513 ouius
1285 3445 1344 3529 opi·
1421 3479 1422 3536 p

259 3558 365 3623 aionis
385 3557 524 3641 vestigia
550 3558 709 3641 quaedam
737 3557 824 3643 apud
853 3559 1045 3643 posteriores
1071 3558 1247 3642 scriptores
1268 3556 1344 3621 iuve-

260 3667 365 3732 nimus
378 3669 410 3745 ¹).
1421 3695 1422 3748 3

359 3776 418 3842 Est
439 3796 516 3842 vero
537 3777 621 3842 alius
643 3776 743 3842 etiam
754 3775 936 3842 Aristotelis
961 3777 1061 3855 loeus,
1084 3775 1345 3860 qquuaximau-
1421 3755 1422 3820 l

261 3885 353 3952 drum
373 3888 418 3952 ita
437 3906 508 3951 oum
526 3886 721 3968 Anaxagora
743 3893 775 3952 et
786 3885 981 3969 Empedoole
998 3885 1194 3968 coniungere
1218 3889 1346 3968 putatur,
1421 3953 1422 3986 1

261 4003 296 4062 ut
318 3995 365 4060 illi
377 3995 513 4062 eandem
535 3995 602 4061 fere
618 4002 715 4078 atque
731 3994 782 4060 his
799 3992 839 4060 de
861 4015 986 4061 summo
1003 3994 1164 4079 principio
1180 3993 1346 4060 dootriuan
1421 4001 1422 4086 t

261 4133 458 4144 „-—-—---

362 4223 389 4294 1)
408 4222 479 4279 Vide
498 4240 583 4294 supra
600 4240 627 4292 p.
646 4225 681 4278 46
700 4223 795 4293 ibique
814 4226 872 4278 not.
892 4224 908 4277 3
928 4226 957 4277 et
976 4223 1002 4278 4.
