2864 4910
759 399 812 455 386

249 579 419 658 postquam
453 591 618 638 coronae
649 574 832 658 appellatae
866 579 950 654 sunt,
976 571 1115 658 sphaera
1147 573 1203 637 illa
1231 571 1337 653 solida,

250 697 333 761 quae
356 679 438 743 muri
462 679 564 744 instar
590 697 701 743 omnes
723 698 857 744 coronas
887 679 1087 747 extrinsecus
1112 679 1337 762 circumcludat,

250 788 367 854 dicitur
385 781 446 851 ‘ad
470 785 658 869 περιέχον
680 777 819 866 πάσας’,
848 806 908 853 nec
928 807 1005 853 vero
1025 783 1063 876 ’ἦ
1087 780 1336 874 περιέχουσα’,

249 904 281 963 et
302 903 389 962 terra
412 895 528 961 dicitur
547 889 606 958 ‘ad
629 895 866 977 μεσαίτατον
888 889 1054 975 πασῶν’,
1078 920 1143 964 non
1161 893 1197 984 ‘d
1217 921 1335 980 μεσαι-

250 1000 372 1088 adan‘.
415 1006 506 1071 Haec
528 1005 626 1088 igitur
647 1004 727 1089 ipsis
750 1006 1023 1089 appellationibus
1046 1028 1066 1072 a
1088 1008 1214 1074 coronis
1236 1008 1336 1072 distin-

253 1120 402 1198 guuntur.
425 1115 551 1180 Pariter
573 1115 729 1196 coelum,
753 1113 794 1196 in¹
809 1135 872 1197 quo
894 1116 1007 1180 stellae
1031 1116 1204 1182 creduntur
1223 1117 1334 1182 defixae

251 1244 333 1307 esse,
357 1224 541 1309 appellatur
559 1215 619 1285 ‘ad
640 1213 845 1306 abactae,
868 1224 1060 1308 staphaera
1081 1225 1221 1292 aetheris
1241 1219 1273 1288 ‘d
1294 1221 1335 1288 ui·

248 1328 316 1419 θὴρ
331 1323 487 1396 ἀνωτάτω
500 1331 633 1394 πάντων
644 1327 824 1411 περιστάς’,
849 1353 913 1397 non
934 1326 1095 1420 (στεφάνη
1111 1337 1175 1398 τοῦ
1186 1331 1312 1418 αἰθέρος
1320 1325 1334 1396 '.

249 1445 352 1525 Atque
375 1440 461 1509 idem
479 1441 706 1507 vocabulorum
730 1462 805 1506 usus
829 1443 970 1507 cernitur
985 1445 1083 1509 etiam
1107 1445 1142 1508 in
1157 1445 1334 1529 ipsiusPar-

249 1551 388 1617 menidis
422 1549 649 1634 fragmentis¹).
706 1551 862 1634 Denique,
905 1550 992 1634 quod
1028 1573 1168 1619 coronae
1203 1555 1335 1620 dicuntur

246 1656 592 1744 ίπεριπεπλεγμέναι’,
621 1663 716 1726 etiam
739 1660 802 1726 duo
825 1663 937 1726 circuli
970 1663 1040 1727 sive
1066 1663 1189 1742 annuli,
1219 1683 1334 1747 quonum

139 1813 143 1822 ·
248 1772 445 1837 alteralteri
468 1771 629 1854 oblique
654 1772 812 1847 inseritur,
836 1777 923 1836 recte
940 1771 1152 1855 dicipossunt
1174 1771 1335 1856 acatalep-

247 1879 369 1961 μένοι.
415 1882 530 1963 Itaque
543 1881 747 1946 Parmenidis
771 1901 908 1946 coronae
929 1901 993 1946 non
1009 1889 1083 1947 sunt
1102 1882 1269 1966 sphaerae,
1285 1879 1334 1945 scd

247 1989 432 2072 significant
465 1995 496 2054 et
519 1991 710 2055 naturaliter
734 1995 868 2073 possunt
898 1985 1001 2055 ¹solum
1036 1991 1221 2074 siguificare
1242 1992 1334 2056 tales

248 2100 383 2176 orbes,
414 2101 552 2182 quales
588 2107 675 2164 sunt
705 2100 883 2164 Platonis
918 2101 1121 2166 vorticelli
1154 2109 1191 2166 et
1215 2099 1334 2166 Anari-

247 2209 397 2273 mandri
419 2210 563 2274 annuli.
1087 2221 1089 2225 ’

353 2319 431 2402 Ipsa
451 2317 656 2383 Parmenidis
689 2318 836 2384 doctrina
867 2319 928 2385 hoc
955 2321 1025 2384 loeo
1056 2340 1121 2384 non
1155 2319 1201 2384 ita
1231 2318 1334 2402 exponi

248 2433 362 2509 potest,
384 2435 418 2493 ut
441 2427 570 2510 singula
587 2447 734 2510 quaeque
757 2428 934 2494 rationibus
951 2429 1078 2494 idoneis
1094 2429 1332 2513 comprobentur,

247 2538 400 2617 quoniam
423 2537 466 2602 ad
480 2537 563 2602 hanc
578 2557 644 2602 rem
662 2538 883 2620 disputatione
907 2558 987 2624 opos
1010 2543 1059 2603 est
1074 2538 1228 2620 longiore,
1250 2555 1332 2618 qnam

246 2650 373 2710 uteam
398 2645 552 2711 hocloco
581 2647 678 2710 liceat
707 2646 859 2712 inserere.
907 2645 1014 2724 Quare
1047 2648 1187 2713 breviter
1214 2651 1331 2718 tantum

246 2753 325 2835 quid
346 2753 425 2818 mibi
448 2755 603 2836 videatur,
626 2759 812 2839 proponam.
856 2756 971 2837 Itaque
992 2756 1021 2821 si
1042 2757 1176 2822 Stobaei
1204 2758 1283 2820 locos
1304 2761 1332 2817 et

246 2863 308 2926 tria
336 2862 441 2945 ipsius
470 2863 670 2927 Parmenidis
698 2863 880 2946 fragmenta
907 2865 988 2929 inter
1017 2885 1051 2930 se
1079 2863 1331 2950 comparamusil,

246 2970 394 3049 eflicitur,
418 2980 452 3037 ut
474 2970 677 3037 Parmenidis
701 2975 865 3057 conceptio
889 2973 1039 3039 universa
1073 2973 1154 3040 baec
1188 2974 1251 3040 tere
1280 2973 1331 3035 sit:

247 3081 397 3146 Universi
410 3082 518 3147 mundi
530 3087 681 3164 quattuor
694 3081 898 3166 potissimum
909 3091 1017 3166 partes
1030 3084 1081 3148 vel
1095 3083 1203 3167 potius
1215 3081 1331 3166 sphae-

243 3327 401 3396 appelletur
431 3323 472 3378 ’τὸ
491 3327 632 3396 πυρῶδες’,
654 3343 709 3380 non
732 3327 839 3396 poteris
857 3344 913 3380 non
932 3326 1076 3396 suspicari,
1094 3345 1147 3396 pro
1166 3321 1285 3396 πυρώδης
1300 3323 1331 3374 le·

243 3423 364 3493 gendum
384 3440 441 3476 esse
467 3423 599 3491 πυρῶδες.
638 3423 695 3477 Iam
719 3441 786 3478 vero
811 3441 874 3477 cum
902 3423 968 3477 libri
992 3424 1144 3478 exhibeant
1163 3428 1225 3494 περὶ
1242 3417 1272 3475 ὃν
1295 3417 1333 3473 vel

243 3523 305 3590 περὶ
325 3504 371 3588 ὧν,
391 3537 452 3573 cum
466 3519 618 3574 verisimile
628 3520 673 3582 sit,
694 3521 779 3574 etiarn
791 3521 904 3574 litterae
926 3538 942 3573 ν
959 3520 1067 3588 aliquid
1078 3521 1139 3574 veri
1152 3522 1267 3586 subesse,
1283 3531 1330 3569 non

243 3617 379 3670 absonum
399 3617 510 3670 videtur
529 3617 665 3682 conicere,
685 3621 822 3684 vortam,
841 3633 931 3670 essee
951 3613 992 3679 τὸ,
1013 3613 1126 3670 ‘uuilon’
1145 3621 1236 3672 antem
1253 3632 1267 3668 e
1283 3613 1331 3664 ‘nu-

244 3707 391 3782 totpevoo’
411 3730 462 3781 per
483 3713 678 3781 compendium
698 3713 812 3781 scriptu,
832 3713 872 3767 ita
890 3718 924 3766 ut
942 3713 1090 3784 legendnm
1111 3715 1161 3768 sit:
1185 3713 1260 3780 ‘napi
1277 3703 1330 3762 tul

245 3803 417 3879 καλούμενον
436 3806 569 3878 nepetae
594 3837 628 3849 -
648 3809 676 3862 id
700 3810 775 3878 quod
799 3810 834 3863 ad
853 3811 977 3864 universi
1002 3811 1056 3864 loci
1076 3811 1242 3864 sententiam
1259 3805 1331 3875 aptis·

245 3904 347 3957 simum
366 3909 416 3958 est.
454 3903 483 3958 Si
501 3906 555 3960 hoc
573 3923 628 3958 non
648 3906 819 3974 conceditur,
842 3907 898 3975 legi
916 3906 1006 3975 possit
1024 3901 1195 3974 ‘uvpuidac‘.
1230 3903 1330 3968 Respo·

245 4007 304 4054 stea
323 4001 413 4071 magis
433 4002 591 4070 apparebit.

347 4099 370 4162 l)
389 4096 520 4152 Parmen.
533 4098 646 4169 Fragm.
666 4100 709 4153 ed.
721 4098 844 4153 Mullach
858 4116 883 4152 v.
900 4099 950 4151 lae
961 4114 1015 4165 sq.;
1036 4099 1086 4150 140
1099 4115 1156 4166 sq.;
1176 4097 1236 4151 coll.
1247 4113 1270 4148 v.
1281 4091 1330 4144 126.

344 4193 373 4261 2)
392 4192 506 4247 Stobaei
526 4194 580 4248 loci
599 4199 664 4248 sunt
682 4195 803 4249 maxime
821 4194 881 4248 Ecl.
897 4193 919 4256 1,
939 4193 983 4261 22,
1001 4210 1020 4260 p
1048 4194 1119 4261 4823
1138 4192 1183 4255 24,
1201 4209 1227 4261 p.
1246 4189 1292 4242 510
1307 4187 1331 4236 et

243 4291 311 4357 518;
329 4290 374 4357 25,
390 4307 417 4357 p.
437 4291 498 4343 632.
518 4290 691 4344 Parmenidis
710 4291 809 4360 fragm.
830 4298 856 4344 b·
881 4293 943 4356 1333
966 4291 1030 4356 1403
1053 4292 1110 4354 126,
1132 4289 1175 4344 ed.
1193 4283 1312 4342 Mullach.
