2860 4906
761 1242 820 1320 lll.

312 1452 369 1516 DE
390 1452 568 1518 NATURA
593 1451 792 1516 INFINITA
817 1451 906 1516 UNA
930 1450 1106 1517 OMNIUM
1129 1453 1269 1519 RERUM

649 1633 653 1642 .
710 1585 883 1652 CAUSSA.

346 1775 372 1835 l.
415 1771 647 1836 Anaximandri
686 1772 846 1836 sententia
882 1770 1040 1836 infinitum
1076 1791 1134 1856 per
1170 1791 1204 1837 so
1239 1770 1326 1834 solun

244 1882 385 1947 omnium
408 1901 513 1946 rerum
530 1882 725 1964 principium
742 1888 799 1957 est,
821 1882 882 1962 vol,
906 1887 941 1945 ut
955 1881 1120 1946 Plutarohi
1137 1881 1239 1947 verbis
1259 1885 1327 1956 utar,

241 1990 373 2056 ‘unum
396 2011 523 2055 omnes
557 1991 595 2054 in
628 2010 717 2056 sese
751 2009 881 2055 rernm
914 2009 1074 2055 caussas
1104 1978 1327 2066 eontinet'1).

244 2100 302 2164 llst
323 2102 420 2182 igitur
442 2107 474 2164 et
496 2102 630 2164 materia
659 2100 808 2164 omnibus
837 2100 933 2164 rebus
962 2099 1112 2164 subiecta
1140 2094 1191 2178 (τὸ
1212 2093 1327 2161 tuoni-

242 2213 364 2290 μενον),
398 2216 430 2273 ot
452 2211 570 2292 ipsum¹
589 2227 645 2274 eas
668 2229 709 2273 ex
734 2227 806 2274 sese
828 2209 917 2273 nulla
950 2208 1018 2272 alia
1050 2228 1168 2274 oaussa
1199 2209 1328 2272 mouente
1406 2237 1407 2248 κ

243 2318 358 2400 gignit.
382 2317 490 2395 Quare
515 2320 649 2401 primum
670 2318 890 2400 quaerendum
914 2324 972 2400 est,
995 2319 1196 2399 quaratione
1217 2314 1327 2398 qualive

243 2447 321 2493 snae
353 2427 456 2510 ipsius
489 2434 622 2492 naturae
656 2434 744 2494 motu
777 2427 903 2494 dicatur
938 2447 989 2492 res
1024 2447 1064 2492 ex
1098 2446 1171 2507 sese
1201 2426 1327 2506 gignere.
1405 2489 1406 2516 ἶ

243 2534 349 2614 Quam
380 2536 601 2617 quaestionem
635 2555 829 2618 quamquam
860 2535 1079 2601 antecedentis
1113 2536 1189 2602 libri
1218 2529 1327 2606 initio²l

243 2644 307 2708 iam
330 2644 471 2709 breviter
492 2645 668 2728 tetigimus,
699 2665 783 2710 nuno
806 2652 913 2710 temen
937 2644 1123 2726 diligentius
1151 2644 1191 2709 de
1216 2663 1253 2708 ea
1272 2639 1325 2704 dis-

243 2751 412 2817 serendum
440 2760 497 2818 est.

342 2863 466 2944 Itaque,
487 2865 516 2928 sl
539 2883 635 2928 unum
659 2862 818 2947 Simplicii
839 2863 954 2944 loourn,
987 2861 1028 2927 de
1061 2881 1125 2944 quo
1155 2868 1265 2945 postea
1288 2877 1326 2921 se-

243 2971 381 3051 paratim
404 2971 536 3054 dicetur,
561 2973 739 3054 exceperis,
768 2971 844 3036 inde
872 2973 913 3037 ab
939 2973 1111 3038 Aristotele
1140 2993 1247 3037 omnes
1267 2989 1327 3035 oon-

243 3081 395 3162 sentiunt,
418 3079 651 3145 Anaximandri
675 3081 836 3146 sententia
864 3101 968 3147 rerum
991 3082 1231 3164 generationem
1260 3097 1327 3144 non

242 3189 371 3270 aliqua
398 3188 536 3272 ipsius
571 3189 773 3274 principii
797 3191 1118 3270 commutatione,
1152 3191 1239 3256 velut
1268 3207 1327 3253 oon·

242 3295 430 3362 densatione
456 3305 488 3362 et
509 3298 733 3381 rarelaotione,
757 3297 824 3364 sed
847 3318 889 3363 eo
912 3299 1014 3380 lieri,
1038 3299 1139 3379 quod
1163 3319 1181 3364 e
1203 3297 1327 3382 prinoi-

244 3404 307 3485 pio
332 3408 536 3472 contraria
559 3408 637 3490 ipsi
662 3409 793 3472 insita
815 3413 1085 3472 secernantur.
1117 3407 1327 3490 Primumipse

244 3574 443 3584 --Ἣ

345 3685 370 3749 l)
390 3683 462 3738 Plut.
487 3684 562 3753 apud
584 3685 687 3739 Euseb.
706 3686 810 3754 'Praep.
834 3665 1021 3754 Ev.1,s,'2:
1054 3683 1155 3755 ηἈναξ.
1179 3685 1208 3738 τὸ
1232 3680 1326 3750 ἄπειρον
1401 3749 1402 3754 ¹

242 3773 327 3846 φάναι
348 3773 407 3843 τὴν
426 3779 538 3831 πᾶσαν
559 3782 675 3833 αἰτίαν
698 3781 790 3850 ἔχειν
812 3782 866 3846 τῆς
884 3781 941 3832 τοῦ
960 3777 1087 3838 παντὸς
1105 3785 1268 3850 γενέσεως
1283 3781 1324 3830 καὶ

243 3879 400 3944 φθορας.“
439 3874 550 3928 Pariter
579 3875 745 3929 Aristoteles
772 3875 1013 3930 Anaximandrum
1042 3877 1071 3929 iu
1102 3894 1199 3930 eorum
1229 3889 1325 3930 numero

241 3971 331 4038 ponit,
351 3971 399 4039 qui
419 3975 531 4038 praeter
544 3971 686 4025 infinitum
705 3973 876 4041 prineipium
886 3972 993 4025 nullam
1004 3972 1088 4025 alium
1103 3990 1236 4038 caussam,
1256 3968 1324 4024 veluti

242 4071 361 4120 mentem
388 4067 432 4120 vel
461 4084 594 4134 amorem,
618 4073 734 4137 ponant.
771 4068 853 4137 Phys.
872 4069 923 4128 111,
950 4071 975 4121 4.
1000 4067 1073 4120 2031>
1089 4070 1137 4136 1⁰3
1165 4069 1229 4123 vide
1252 4069 1325 4120 locun

241 4180 326 4232 supra
344 4182 372 4233 p.
391 4167 415 4217 3.

342 4260 369 4328 2)
389 4260 478 4327 Supra
498 4276 524 4327 p,
547 4261 589 4312 44.
