2860 4906
787 348 840 402 224

250 541 314 586 non
336 519 369 586 id
391 519 470 602 agit,
494 525 528 586 ut
550 519 696 603 singulos
722 518 879 602 quosdam
909 519 1131 605 philosophos,
1163 521 1219 602 qui
1247 539 1349 584 revera

252 649 362 694 omnes
385 649 437 694 res
460 635 517 694 aut
538 649 580 693 ex
598 647 684 711 aqua
706 634 761 694 aut
781 647 913 693 exsere
937 634 992 694 aut
1014 635 1164 694 enatura
1176 629 1265 713 inter
1279 628 1349 692 haec

251 738 361 803 media
382 736 634 803 oondensatione
657 742 689 802 et
721 737 938 803 rarefaotione
960 738 1195 820 generaverint,
1225 739 1350 818 refellat,

253 868 364 913 verum
386 847 564 912 orationem
586 867 606 912 a
628 847 772 931 propriis
791 847 990 929 singulomm
1008 846 1275 932 philosophorum
1289 867 1350 912 sen-

252 959 362 1023 tentiis
379 963 562 1022 seveoatam
585 955 631 1022 ad
657 957 786 1042 ipsius
807 956 975 1040 generis
998 958 1282 1023 refutationem
1296 964 1350 1022 tra·

252 1067 351 1134 dueit.
394 1066 556 1146 Quoniam
579 1072 773 1132 autemnon
803 1065 837 1132 id
862 1067 940 1150 agit,
973 1072 1009 1132 ut
1035 1068 1178 1151 singulos
1201 1065 1351 1150 quosdam

251 1175 476 1260 philosophos,
510 1174 567 1241 sed
600 1182 634 1241 ut
666 1177 771 1259 ipsum
801 1195 910 1241 eorum
944 1197 1047 1258 genus
1084 1176 1219 1250 refellat,
1255 1197 1294 1242 ea
1314 1196 1351 1256 re,

253 1286 339 1369 quod
361 1285 394 1350 in
417 1283 478 1350 hoo
490 1304 608 1368 genere
630 1304 686 1349 eos
709 1303 837 1366 quoque
854 1285 1008 1368 nominat,
1030 1285 1086 1368 qui
1109 1291 1260 1351 naturam
1278 1289 1352 1350 inter

251 1415 369 1479 aquam
402 1400 434 1459 et
466 1414 575 1460 aerem
596 1393 737 1460 mediam
770 1400 902 1479 ponant,
936 1395 1024 1459 nullo
1056 1393 1150 1459 mode
1181 1393 1351 1473 contendit,

252 1523 341 1570 esse
364 1503 530 1587 quosdam,
560 1504 615 1586 qui
637 1524 655 1568 e
676 1503 734 1569 tali
756 1502 896 1587 quadam
918 1510 1035 1570 natura
1059 1502 1166 1569 media
1198 1524 1252 1569 res
1285 1523 1351 1568 eon-

251 1612 441 1679 densatione
474 1620 507 1678 et
536 1613 751 1679 rarefaotione
783 1613 933 1697 generari
955 1613 1067 1697 velint,
1098 1613 1156 1678 sed
1178 1615 1295 1694 solum,
1326 1611 1351 1677 si

251 1723 305 1803 qui
327 1722 410 1787 forte
434 1725 460 1787 e'
474 1721 531 1786 tali
557 1727 673 1786 natura
687 1720 793 1786 media
816 1721 872 1785 iilo
888 1719 983 1785 modo
1008 1741 1059 1786 res
1074 1723 1224 1804 generari
1247 1722 1351 1800 velint,

165 1857 168 1862 ·
251 1833 284 1896 in
307 1830 405 1898 hosoe
429 1830 564 1898 eandem
588 1830 755 1897 refellendi
778 1829 936 1896 rationem
959 1830 1076 1897 eadere
1098 1837 1195 1913 atque
1218 1832 1253 1896 in
1274 1829 1351 1910 illos,

250 1943 367 2023 quiex
401 1961 487 2024 aqua
509 1948 564 2007 aut
594 1961 669 2008 aere
689 1940 745 2005 iilo
783 1939 879 2006 modo
913 1960 966 2006 res
1001 1949 1165 2024 generent.
1209 1941 1250 2006 Id
1272 1938 1352 2022 quod

251 2048 327 2115 inde
348 2049 447 2115 etiam
469 2051 577 2133 oolligi
600 2055 718 2134 potest,
740 2049 911 2133 quodipse
934 2051 981 2115 ait
1004 2052 1038 2115 in
1061 2071 1126 2134 eos,
1150 2052 1204 2134 qui
1225 2071 1268 2116 ex
1282 2049 1351 2134 igne

251 2179 361 2224 omnes
384 2179 435 2224 res
458 2167 623 2242 generent,
647 2159 729 2225 hane
755 2161 912 2225 rationem
939 2180 1002 2225 non
1026 2159 1152 2242 eadere,
1175 2168 1352 2245 propterea,

251 2267 339 2350 quod
360 2289 400 2332 ex
414 2267 490 2351 igne
504 2289 557 2336 res
570 2268 824 2336 oondensatione
842 2268 946 2333 solum
969 2289 1028 2334 nee
1051 2289 1128 2335 vero
1143 2271 1351 2336 rarefaetione

217 2398 221 2404 ·
252 2395 378 2458 quoque
401 2375 549 2459 generari
575 2377 711 2460 possint,
745 2374 897 2457 quodque
920 2373 1002 2440 hano
1024 2376 1067 2440 ob
1089 2395 1240 2441 oaussam
1259 2376 1352 2441 husee

252 2484 365 2550 inille
396 2503 514 2567 genere
544 2502 608 2548 non
632 2484 733 2565 ponit.
776 2482 864 2549 Addi
898 2490 1014 2566 petest,
1047 2484 1135 2566 quod
1163 2505 1228 2550 uno
1260 2486 1351 2550 etiarn

249 2593 542 2678 Metaphysioorum
563 2593 636 2658 loeo
670 2592 711 2658 de
736 2593 787 2668 iis,
820 2592 876 2674 qui
906 2612 1005 2658 unum
1035 2593 1137 2658 solum
1165 2614 1273 2659 rerum
1294 2595 1352 2658 ele·

249 2708 392 2767 mentum
407 2707 561 2782 statuant,
585 2699 698 2766 eadem
714 2699 862 2782 generali
876 2699 1065 2784 disputandi
1077 2701 1203 2766 ratione
1215 2704 1349 2778 utitur1).

251 2809 345 2888 Quod
368 2810 517 2893 diximus,
550 2829 589 2874 eo
620 2809 719 2875 etiam
741 2808 956 2891 confirmatur,
988 2808 1074 2892 quod
1097 2809 1291 2877 Aristoteles
1312 2809 1350 2874 iis

208 3006 214 3011 1
250 2919 341 3004 loeis,
364 2920 481 3004 quibus
495 2919 600 3004 ipsam
616 2918 816 3002 quorundam
837 2917 1111 3003 philosophorum,
1135 2921 1191 3002 qui
1206 2928 1350 2986 naturam

248 3031 332 3096 inter·
364 3029 428 3096 duo
451 3029 612 3094 elementa
646 3027 785 3094 mediam
807 3026 984 3111 posuerint,
1017 3029 1204 3112 opinionem
1224 3027 1350 3102 refellit,

248 3137 322 3204 aliis
355 3139 554 3222 argumentis
583 3137 698 3218 utitur3
732 3137 872 3221 primum
900 3157 948 3222 eo,
977 3137 1074 3220 quod,
1109 3140 1136 3204 si
1170 3145 1258 3204 esset
1279 3139 1350 3204 talis

249 3247 407 3331 quaedam
424 3253 540 3313 natura
561 3246 680 3329 media,
702 3267 720 3312 e
743 3245 1062 3329 quaomniafierent‚
1085 3245 1170 3312 hane
1191 3254 1351 3332 oporteret

249 3357 398 3423 sensibus
416 3375 585 3441 apparere,
609 3362 783 3441 propterea
794 3355 890 3439 quod,
913 3376 931 3421 e
954 3376 1017 3439 quo
1040 3375 1093 3422 res
1114 3357 1299 3440 gignantur,
1320 3356 1350 3420 in

247 3466 280 3531 id
304 3467 400 3532 etiam
424 3465 677 3547 resoivantur²);
709 3464 827 3530 deinde
850 3485 898 3548 ee,
932 3464 1029 3547 quod,
1064 3465 1093 3530 si
1124 3472 1211 3530 esset
1237 3472 1350 3532 natura
1416 3479 1417 3560 t

249 3574 407 3658 quaedam
440 3576 523 3641 inter
556 3575 620 3641 duo
655 3574 815 3639 elementa
835 3573 955 3657 media,
990 3573 1072 3639 hano
1101 3581 1264 3658 oporteret
1297 3579 1348 3639 aut
1416 3597 1417 3638 τ

247 3685 423 3750 alterautra
445 3704 564 3767 earum,
590 3682 708 3766 quibus
730 3682 811 3748 haee
834 3684 994 3748 elementa
1008 3681 1227 3766 definirentur,
1251 3683 1346 3766 quali-

248 3799 349 3857 tatum
385 3793 617 3860 oontruriarum
658 3795 705 3858 uti
741 3799 773 3857 et
799 3792 921 3858 ideireo
955 3793 1201 3859 alterumutrum
1240 3792 1349 3858 horum
1416 3827 1417 3860 r

256 4007 452 4016 ——-

350 4123 375 4192 1)
393 4121 516 4191 Metaph.
536 4121 559 4190 I,
577 4125 602 4178 8.
625 4121 699 4175 9881)
713 4122 821 4176 22-24
840 4125 868 4174 et
887 4121 1009 4175 maxime
1028 4121 1171 4176 arr-989·
1184 4122 1209 4174 ὅ.

296 4247 297 4252 ’
347 4237 375 4303 2)
393 4235 475 4303 Phys.
494 4234 544 4302 111,
563 4237 588 4288 5.
607 4234 811 4288 2041229-35.
830 4234 893 4288 Vid.
912 4251 997 4302 supra
1014 4251 1041 4303 ·p.
1062 4235 1097 4287 69
1116 4237 1175 4288 not.
1196 4237 1221 4290 l.
