2862 4910
751 365 803 418 328

217 537 373 604 infinitam
396 539 494 605 etiam
517 544 664 604 naturam
677 557 864 623 corpoream
877 557 948 604 esse
960 542 1110 621 oportere
1133 541 1165 600 et
1186 535 1326 601 intini-

215 653 291 714 tam
326 646 558 714 mundorum
589 635 931 722 multitudincm'1).
975 645 1013 710 In
1046 646 1085 710 iis
1114 650 1230 722 autem,
1264 645 1326 726 qui

216 763 309 823 extra
337 757 490 823 mnndum
516 756 674 823 infinitam
704 777 777 823 esse
805 755 939 822 credant
962 755 1154 822 mundorum
1175 755 1326 820 multitu-

216 865 334 949 dinem,
357 867 398 932 ah
422 867 596 932 Aristotele
617 887 695 951 prae
719 867 836 932 ceteris
850 863 1129 932 Anaximandrum
1152 864 1249 930 etiam
1275 865 1326 929 in-

216 977 336 1060 tellegi,
371 996 442 1042 cum
477 974 552 1041 inde
585 975 802 1058 colligendum
842 982 901 1057 est,
933 976 1021 1058 quod
1054 977 1142 1040 illam
1174 994 1325 1039 caussam

216 1087 365 1153 omnibns
388 1085 466 1152 dicit
486 1105 686 1152 communem
709 1105 791 1168 esse,
813 1092 882 1151 tum
902 1085 988 1168 inde,
1012 1085 1099 1168 quod
1122 1086 1156 1150 in
1169 1091 1237 1150 tota
1259 1083 1325 1165 hac

218 1195 433 1280 disputatione
446 1178 740 1261 omnium'maxime
753 1194 1029 1260 Anaximandrum
1041 1193 1184 1278 respicit,
1197 1195 1321 1277 quippe

219 1307 272 1388 qui
286 1307 408 1389 primus
423 1305 593 1370 infinitatis
615 1308 776 1371 notionem
793 1307 825 1369 in
842 1303 1324 1390 philosophiamintroduxerit,

217 1421 249 1482 et
270 1415 355 1481 hunc
376 1416 475 1481 etiam
497 1435 595 1479 unum
618 1415 804 1480 nominatim
826 1419 990 1479 memorat.

317 1524 441 1590 Deinde
475 1525 562 1590 idem
592 1526 634 1590 ah
663 1524 809 1590 omnibus
838 1530 983 1590 veterum
1014 1523 1235 1606 scriptoribus,
1268 1526 1325 1606 qui

219 1634 351 1719 quidem
374 1637 502 1701 omnino
524 1635 651 1718 aliquid
674 1634 713 1700 de
729 1635 964 1701 Anaximandri
987 1633 1111 1699 infinita
1132 1634 1324 1700 mundorum

219 1744 424 1810 multitudine
457 1747 628 1810 memoriae
662 1743 887 1828 prodiderunt,
922 1750 1034 1827 aperte
1056 1743 1209 1826 refertur,
1243 1764 1325 1826 quos

219 1854 350 1937 quidem
367 1855 541 1938 scriptores
563 1855 723 1920 trifariam
746 1853 868 1919 divido.
912 1855 1039 1920 Etenim
1052 1855 1200 1937 plerique
1212 1873 1324 1917 eorum

219 1966 308 2030 illam
330 1966 435 2048 ipsam
458 1985 525 2030 rem
548 1963 739 2048 simpliciter
760 1970 904 2047 narrant,
936 1970 1033 2046 atque
1062 1964 1169 2028 verbis
1192 1961 1324 2045 quidem

219 2080 286 2138 tam
309 2073 424 2158 planis,
446 2079 480 2138 ut
503 2073 543 2139 de
574 2093 684 2139 eorum
714 2074 874 2139 sententia
896 2073 1026 2139 omnino
1053 2093 1118 2138 non
1140 2072 1244 2157 possit
1262 2071 1325 2137 'du-

221 2180 326 2260 bitari,
349 2183 438 2248 velut
460 2181 629 2260 Stohaeus,
651 2181 842 2248 Plutarchus
865 2184 898 2247 in
920 2181 1098 2263 Strumatis,
1127 2181 1324 2265 Simplicius,

146 2295 147 2298 ’
225 2291 466 2374 Ααςαυῐίιιυεῆ,
489 2310 622 2374 quorum
635 2291 723 2357 locos
737 2293 770 2356 in
785 2289 993 2357 adnotatione
1016 2291 1222 2357 subiecimus.
1249 2289 1323 2369 Alii,

325 2535 351 2603 1)
371 2533 489 2587 Aristot.
508 2533 591 2601 Phys.
610 2532 660 2600 ΙΙΙ,
681 2535 706 2585 4.
727 2532 798 2586 2031>
812 2533 860 2586 22:
881 2527 1016 2602 „prditum
1038 2531 1069 2585 dt
1088 2535 1134 2584 καὶ
1153 2528 1325 2600 κυριώτατον,

219 2625 314 2694 ὃτὴν
340 2628 464 2696 κοινὴν
487 2635 579 2682 ποιεῖ
600 2625 746 2698 ἀπορίαν
765 2630 883 2682 πᾶσιν·
910 2625 956 2682 διὰ
980 2625 1033 2699 γὰρ
1060 2625 1091 2682 τὸ
1121 2629 1152 2681 ἐν
1174 2623 1266 2694 νοήσει
1286 2625 1324 2699 μὴ

218 2725 381 2782 ὑπολείπειν
399 2730 443 2778 καὶ
469 2725 484 2778 ὁ
508 2723 629 2797 ἀριθμὸς
652 2727 730 2804 δονεῖ
750 2720 863 2796 ἀπειρος
882 2727 949 2779 εἶναι
971 2768 977 2779 .
998 2767 1004 2779 .
1024 2766 1030 2779 .
1050 2729 1096 2778 καὶ
1118 2723 1155 2779 τὸ
1185 2727 1244 2785 ἔξω
1269 2727 1325 2778 τοῦ

219 2819 380 2892 οὐρανοῦ·
399 2819 513 2892 ἀπείρου
531 2824 563 2877 δὲ
582 2818 661 2881 ὄντος
678 2825 726 2877 τοῦ
745 2824 803 2891 ἔξω,
823 2827 869 2876 καὶ
888 2804 1146 2894 σῶμαάπειρον
1164 2818 1250 2876 εἶναι
1273 2813 1324 2876 do-

222 2925 274 2972 νεῑ
291 2924 347 2972 καὶ
366 2915 517 2985 κόσμοι“.

320 3017 348 3076 2)
367 3015 511 3082 Stobaeus,
530 3015 590 3070 Ecl.
610 3017 631 3084 I,
653 3019 696 3070 22.
714 3035 740 3086 p.
761 3017 813 3070 496
835 3016 885 3070 ait:
913 3011 1158 3085 ,Avuftpavdpo;.
1181 3055 1187 3069 .
1208 3055 1215 3069 .
1233 3015 1324 3068 α’πεί-

219 3133 296 3182 ρους
315 3109 467 3182 κόσμους
491 3114 585 3182 ἐντῷ
611 3112 749 3182 ἀπείρῳ
773 3111 852 3165 κατὰ
873 3113 988 3166 πᾶσαν
1015 3108 1242 3181 περιαγωγήν.
1272 3113 1325 3166 τῶν

219 3207 254 3274 δὴ
273 3207 406 3279 ἀπείρους
430 3205 659 3280 ἀποφηναμένων
684 3207 746 3268 τοὺς
773 3205 1169 3280 κόσμουςᾍναξίμανδρος
1193 3207 1229 3261 τὸ
1248 3209 1324 3261 loon

219 3301 343 3364 αὐτοὺς
371 3299 516 3376 ἀπέχειν
534 3300 686 3373 ἀλλήλων,
714 3307 882 3376 Ἐπίκουρος,
902 3299 999 3358 ἀνι-σον
1017 3301 1134 3358 εἶναιτὸ
1153 3304 1254 3376 μεταξὺ
1273 3305 1325 3357 τῶν

221 3393 339 3467 κόσμων
367 3391 532 3470 ἀιάσιημα.“
578 3400 646 3454 Cum
677 3401 773 3470 priore
802 3402 884 3455 huius
912 3401 966 3455 loci
995 3405 1076 3469 parte
1107 3400 1324 3455 innumerabiles

220 3495 317 3548 mundi
336 3512 394 3548 esse
414 3495 543 3550 dicantur
562 3497 591 3549 ln
610 3496 720 3551 infinito
735 3483 826 3551 'aurci
846 3499 941 3551 πᾶσαν
959 3493 1157 3567 περιαγωγὴν’,
1176 3498 1207 3552 id
1225 3503 1275 3565 eat,
1293 3503 1324 3551 ut

220 3609 270 3646 nos
290 3591 384 3646 dicere
402 3592 549 3660 solemnue,
567 3593 602 3645 iu
621 3611 735 3648 omnes
755 3595 999 3656 dimensiones,
1024 3611 1074 3664 per
1098 3599 1227 3662 sapatet
1244 3613 1321 3648 mnn-

220 3687 270 3740 dos
289 3687 417 3757 intellegi
434 3688 537 3740 simul
560 3688 596 3740 in
621 3687 771 3743 infinito
791 3693 1008 3757 constantes3
1040 3689 1184 3758 idque'eo
1212 3691 1322 3744 omnino

221 3781 412 3848 confirmatur,
432 3784 507 3852 quod
525 3785 616 3839 altera
634 3786 689 3840 loci
708 3790 789 3855 parte
808 3786 837 3839 hi
856 3787 954 3840 mundi
972 3785 1106 3840 dicuntur
1120 3785 1153 3840 ¹in
1171 3787 1323 3842 infinito

220 3879 365 3949 paribus
393 3880 595 3935 intervallis
621 3883 718 3936 inter
747 3900 775 3937 se
794 3884 934 3951 distare,
965 3883 995 3936 id
1026 3882 1102 3951 quod
1132 3901 1190 3938 non
1218 3884 1272 3937 nini
1290 3884 1323 3937 ed

219 3976 337 4029 mundos
359 3976 442 4029 simul
462 3977 491 4030 in
510 3979 602 4047 spatio
623 3983 782 4032 constantes
800 3979 943 4048 pertinere
961 3984 1063 4048 potest,

323 4073 431 4126 Deinde
450 4091 465 4127 e
483 4074 669 4129 Plutarchi
689 4075 838 4129 stromatis
858 4077 894 4130 ab
909 4075 1031 4130 Eusebio
1050 4075 1149 4144 Praep.
1170 4076 1223 4130 Ev.
1235 4076 1257 4144 1,
1270 4075 1322 4137 &A

219 4170 288 4224 haec
305 4167 478 4224 referantur:
509 4167 737 4242 »Ἀναξίμανδρον
755 4213 761 4226 .
782 4213 787 4226 .
806 4170 836 4226 τὸ
856 4167 971 4243 ἀπειρον
989 4167 1087 4244 φάναι,
1106 4215 1111 4226 .
1132 4215 1138 4227 .
1160 4211 1167 4226 .
1186 4173 1216 4233 ἐξ
1233 4156 1264 4226 οἱ]
1291 4165 1322 4235 δή

221 4282 290 4339 φησι.
304 4261 832 4339 τοὺςτεοὗρανοὺςάποκεκρίσθαι
852 4264 1323 4340 καὶεοὺςᾶπανταςάπείρους
