2850 4904
750 318 801 371 136

241 515 283 560 an
306 493 361 558 illo
382 511 439 558 acr
460 511 533 558 cum
553 511 640 573 aqua
673 496 830 573 terraque,
869 491 930 558 hoc
961 498 1069 556 autem
1105 491 1191 573 ignis
1222 497 1337 554 tanurm

243 603 468 669 contineretur.
512 599 562 666 lta
583 606 691 666 autem
713 601 742 666 si
764 620 815 666 res
838 620 874 666 se
895 599 1046 682 habebat,
1067 605 1215 684 apparet,
1237 605 1337 683 poste·

242 712 345 777 riores
367 708 589 794 philosophos,
616 711 704 776 velut
733 711 937 776 Aristotelem
965 695 1101 792 eiusque
1131 727 1337 786 successores,

244 821 310 904 qni,
342 825 378 885 nt
406 819 643 885 Anaximandri
675 817 854 886 doctrinam
882 821 1090 904 explicarent,
1125 819 1167 885 ad
1193 824 1338 901 quattuor

243 929 472 996 elementorum
490 929 675 1013 opinionem
690 929 846 996 reducere
862 929 1038 1009 studerent,
1061 930 1132 995 eius
1149 929 1337 1012 principium

163 1051 167 1068 '
244 1044 329 1106 recte
352 1039 399 1104 ita
420 1039 524 1106 solnm
558 1038 742 1121 significare
764 1040 919 1123 potuisse,
952 1044 987 1105 ut
1021 1039 1119 1105 modo
1149 1037 1336 1104 disiunctivo

244 1149 390 1215 dicerent
411 1146 552 1232 medium
573 1153 629 1214 aut
651 1149 734 1214 inter
747 1167 866 1232 aquam
881 1154 913 1213 et
927 1167 1045 1229 aerem,
1069 1154 1127 1214 aut
1141 1148 1223 1213 inter
1237 1167 1336 1214 aerem

244 1264 276 1324 et
297 1259 414 1340 ignem,
447 1258 499 1322 val
522 1257 706 1323 accuratius
737 1259 845 1341 etiam,
877 1258 1019 1323 omnium
1042 1259 1269 1326 elomentorum
1293 1277 1336 1321 ra·

243 1369 330 1434 tione
352 1366 475 1450 habita,
496 1366 639 1433 medium
662 1373 719 1434 aut
741 1368 825 1433 inter
845 1374 962 1434 terram
978 1385 1162 1450 aquamque
1184 1374 1216 1432 et
1236 1385 1336 1432 acrem

245 1497 317 1544 oum
339 1478 424 1560 igne,
453 1482 510 1542 aut
531 1478 615 1542 intcr
637 1477 745 1560 ignem
778 1482 810 1542 ct
837 1496 945 1542 acrem
979 1496 1050 1541 cum
1080 1496 1167 1558 aqua
1188 1483 1336 1559 terraque.

245 1587 352 1670 Atque
368 1585 450 1652 hacc
466 1587 626 1670 posterior
648 1585 857 1668 significandi
870 1587 953 1650 ratio
969 1586 1132 1651 invenitur
1146 1585 1242 1652 etiam
1255 1583 1336 1667 apud

248 1695 462 1779 Philoponum
483 1714 521 1760 eo
538 1696 619 1776 loco,
642 1715 706 1778 quo
719 1694 996 1760 Anaximandrum
1017 1696 1166 1778 posuisse
1184 1694 1262 1759 dicit
1280 1687 1335 1774 „ad

245 1798 365 1888 μεταξύ
384 1811 449 1890 γῆς
472 1796 492 1891 ἢ
515 1798 642 1884 πυρὸς
663 1801 717 1868 καὶ
738 1797 857 1880 ὕδατος
880 1801 933 1868 καὶ
956 1793 1070 1885 οἷέρος“
1080 1805 1117 1883 1);
1150 1805 1238 1870 cuius
1266 1803 1335 1882 loci,

246 1916 275 1982 si
299 1913 428 1997 quidem
455 1913 551 1978 lectio
575 1932 655 1978 sana
676 1919 734 1991 est,
767 1911 808 1978 de
828 1933 894 1996 qua
920 1933 956 1978 re
981 1913 1046 1978 ianr
1068 1913 1264 1980 ostendimus
1281 1913 1335 1977 vix

246 2041 344 2106 posse
367 2021 518 2106 dubitari,
537 2022 619 2090 haec
641 2024 713 2106 ipsa
734 2022 894 2090 sententia
916 2028 974 2102 est,
1003 2023 1237 2090 Anaximandri
1256 2023 1335 2106 prin-

251 2132 372 2216 cipium
383 2131 523 2199 medium
540 2139 677 2200 essesut
692 2134 774 2226 inter
795 2138 944 2200 tortam.
960 2153 1175 2217 aquamque
1196 2140 1334 2198 ctacrcm

250 2261 322 2308 cum
343 2243 428 2324 igno,
452 2248 509 2308 aut
523 2243 607 2308 inter
627 2243 756 2324 ignem
779 2249 811 2308 ct
825 2261 932 2308 aerem
952 2261 1133 2324 aquamque
1154 2263 1225 2308 oum
1250 2247 1335 2307 terra.

249 2351 334 2417 Num
360 2357 467 2418 autem
489 2350 689 2435 Philoponus
721 2352 792 2436 ipsc
815 2353 903 2418 illam
926 2351 1163 2419 Anaximandri
1193 2349 1333 2436 principii
1409 2379 1410 2408 t

249 2459 417 2543 rationem,
448 2461 488 2527 ob
510 2481 606 2545 qnam
637 2461 699 2528 hac
729 2461 925 2528 disiunctiva
951 2463 1077 2528 ratione
1100 2460 1334 2544 significaretur,
1409 2459 1410 2470 ’

249 2570 346 2636 ctiam
373 2572 536 2652 cognitam
562 2569 718 2652 habuerit,
748 2570 889 2636 maximo
921 2591 1018 2656 opere
1047 2570 1257 2636 dubitandum
1283 2573 1333 2642 cst,

248 2679 410 2762 quoniam,
421 2682 447 2746 si
463 2681 624 2763 cognitam
638 2679 813 2754 habuisset,
835 2681 891 2747 vix
906 2683 1063 2775 potuisset
1076 2680 1157 2760 fiori,
1182 2686 1217 2746 ut
1229 2699 1266 2744 nc
1280 2696 1334 2742 uno

250 2787 382 2869 quidem
408 2789 479 2854 loco
510 2787 552 2854 ad
575 2787 805 2872 explicandam
835 2789 924 2854 illam
957 2788 1187 2854 disiunctivam
1218 2783 1334 2852 dicendi

249 2898 405 2962 rationem
418 2904 618 2978 memoraret,
641 2898 832 2981 pracsertim
854 2919 926 2964 oum
946 2898 1128 2981 epluribus
1143 2898 1225 2964 locis
1247 2915 1333 2979 appa·

249 3012 327 3088 reat,
353 3026 425 3073 eum
443 3006 522 3072 illud
538 3006 733 3090 principium
754 3026 850 3089 quam
866 3008 1005 3073 maxime
1027 3005 1097 3072 fieri
1120 3011 1334 3090 possetmcntc
1409 3007 1410 3010 ’

252 3114 407 3199 effingere
429 3115 593 3182 studuisse
602 3115 636 3198 2).
660 3116 766 3198 Atque
787 3115 871 3183 haec
892 3115 933 3181 de
945 3114 1125 3199 Philopono
1145 3118 1224 3182 satis
1246 3119 1334 3181 sunto.

351 3223 398 3288 11.
422 3223 536 3292 Restat
558 3246 640 3291 unus
662 3225 890 3309 Asclepius,
919 3225 1010 3291 cuius
1036 3246 1134 3291 unum
1160 3230 1279 3290 tantum
1299 3222 1335 3286 lo-

249 3352 321 3398 cum
342 3331 470 3398 adferre
492 3353 624 3418 possum
656 3333 689 3400 in
711 3334 879 3400 Brandisii
909 3333 1041 3402 scholiis
1070 3336 1103 3400 in
1124 3333 1336 3419 Metaphysica

250 3439 491 3524 adscriptumll.
546 3441 617 3521 Quo
654 3443 784 3526 quidem
825 3445 895 3509 loco
931 3464 990 3528 pro
1022 3444 1207 3511 Aristotelis
1241 3440 1335 3508 verbis

351 3644 378 3715 1)
398 3644 461 3699 vid.
480 3661 565 3714 supra
583 3661 610 3714 p.
632 3645 684 3698 130
695 3645 760 3698 lrot.
782 3644 807 3713 l,
825 3662 850 3706 a,
869 3661 995 3714 quaeque
1013 3643 1052 3697 ibi
1072 3643 1281 3713 disputavimus.

324 3780 329 3789 „
351 3741 378 3810 2)
399 3740 439 3795 uf,
460 3757 545 3811 supra
563 3759 589 3810 p.
613 3742 662 3794 126
690 3745 749 3796 not.
771 3744 793 3810 1,
812 3759 843 3809 a;
869 3758 896 3810 p.
914 3739 964 3794 127
982 3743 1041 3794 not.
1064 3743 1086 3803 l,
1105 3741 1142 3809 b;
1168 3758 1196 3810 p.
1217 3740 1266 3792 128
1286 3738 1335 3790 not.

252 3842 276 3904 l,
297 3856 312 3892 e
331 3841 359 3892 et
378 3837 401 3906 f,
421 3855 448 3906 p.
470 3840 520 3893 130
543 3842 601 3892 not.
623 3838 684 3906 l,b
706 3841 734 3892 et
752 3837 778 3891 d.

351 3934 378 4002 3)
398 3933 488 3988 Schol.
507 3935 594 3988 Arist.
614 3934 686 3988 5531)
701 3936 744 4001 32,
764 3935 805 4003 (in
824 3933 961 4003 988229):
990 3936 1052 4004 ,nal
1071 3934 1109 3988 ἔτι
1128 3929 1190 3986 ὅσοι
1208 3933 1280 4002 ἀέρα,
1297 3949 1334 3982 arr·

252 4025 343 4101 θάπερ
364 4031 560 4103 Ἀναξιμένης,
583 4024 598 4098 ἢ
628 4027 709 4101 ὕδωρ,
735 4025 863 4110 καθάῑζερ
882 4033 977 4101 Θαλῆς,
1005 4023 1102 4102 Antip,
1127 4023 1251 4099 καθάπερ
1266 4019 1333 4095 ‘Hpq'-
1409 4019 1410 4026 ἵ

250 4129 360 4194 alciaco,
383 4119 399 4193 ἢ
417 4123 450 4180 τὸ
469 4121 600 4198 μεταξύ,
619 4123 779 4198 καθάπερ
798 4127 1078 4199 Ἀναξίμανδρος,
1103 4123 1259 4199 σωματικὴν
1281 4119 1332 4187 ὕλην

250 4219 438 4278 ὑπετίθεντο.“
