2862 4910
630 413 683 466 ³45

88 584 261 651 micantes
285 607 343 669 per
363 586 419 652 illa
440 586 598 652 foramina
621 585 663 650 ad
685 603 743 651 nos
763 585 959 650 emittuntur.
1004 585 1108 666 Atque
1120 582 1201 649 haec
1291 659 1293 662 ¹

86 696 208 760 omnia
232 698 310 762 satis
332 697 456 778 liquent
477 716 518 761 ex
543 698 592 776 iis,
614 715 696 779 quae
719 715 817 779 supra
837 694 1076 778 disputavimus
1085 694 1117 773 ¹).

200 807 290 904 Haec
312 805 411 890 igitur
434 805 539 889 prima
554 806 663 872 mundi
679 802 813 870 orientis
828 811 920 870 aetas
943 809 1000 880 est,
1024 823 1108 886 quae
1124 802 1200 868 inde

87 918 245 999 aprime
269 917 362 981 initio
385 935 485 998 usque
519 915 561 980 ad
594 916 773 998 perfectam
806 933 974 997 corporum
1013 913 1199 978 coelestium

86 1027 325 1092 formationem
349 1028 495 1110 pertinet.
541 1025 588 1108 Si,
610 1046 694 1109 quae
718 1024 777 1090 hoc
805 1031 949 1108 tempore
971 1024 1068 1088 totius
1090 1022 1201 1088 mundi

88 1137 226 1219 species
244 1138 294 1218 sit,
318 1137 581 1218 contemplamur,
603 1137 748 1219 protinus
761 1140 906 1218 apparet,
929 1139 1029 1198 totum
1046 1117 1207 1198 mundum

88 1266 106 1310 e
132 1245 266 1311 duabus
282 1254 405 1310 tantum
417 1243 564 1329 partibus
577 1251 734 1324 constare,
758 1265 776 1310 e
799 1244 989 1326 corporibus
1005 1241 1199 1308 coelestibus
1255 1323 1256 1326 Ἴ

89 1356 165 1420 sive
192 1355 258 1420 illis
280 1356 445 1420 stellarum
467 1354 608 1431 orbibus,
634 1355 689 1436 qui
713 1353 746 1417 in
769 1350 880 1418 mundi
903 1351 1040 1416 circuitu
1062 1358 1144 1420 sunt.
1168 1357 1200 1417 et

89 1486 108 1530 e
132 1466 268 1547 reliqua
289 1470 404 1530 natura
426 1462 565 1540 humida,
589 1483 674 1546 quae
696 1463 738 1527 ah
760 1463 823 1526 illis
836 1460 976 1541 undique
998 1459 1105 1525 cincta
1119 1466 1199 1525 tam-

89 1594 194 1656 quam
217 1573 333 1656 globus
357 1573 475 1655 uhique
497 1574 547 1638 sui
568 1571 682 1637 similis
704 1577 807 1636 totum
831 1568 971 1635 medium
993 1567 1102 1634 mundi
1124 1588 1197 1652 spa-

91 1685 176 1748 tium
212 1683 323 1765 replet.
367 1682 477 1766 Ipsum
503 1688 611 1748 autem
638 1679 915 1747 Anaximandrum
945 1679 1107 1762 quoddam
1134 1685 1198 1744 sta-

91 1793 201 1859 tuisse
224 1792 335 1861 mnndi
358 1792 492 1858 orientis
515 1799 651 1875 tempus,
676 1811 738 1873 quo
762 1789 844 1855 nihil
866 1796 954 1856 esset
974 1795 1103 1873 praeter
1124 1790 1197 1854 stel-

91 1902 202 1968 larum
225 1903 318 1968 orbes
341 1909 373 1968 et
390 1909 541 1968 naturam
558 1901 722 1967 humidam
745 1900 868 1966 abillis
891 1900 1031 1982 undique
1050 1899 1196 1978 cinctam,

93 2011 203 2094 ipsius
226 2011 413 2076 Aristotelis
436 2017 467 2076 et
480 2011 697 2094 Theophrasti
720 2008 912 2075 testimoniis
936 2015 1070 2074 constat.
1114 2008 1198 2074 Nam

93 2121 289 2186 Aristoteles
312 2119 437 2186 duobus
459 2119 781 2203 Meteorologicorum
809 2118 898 2199 locis,
924 2138 1004 2200 quos
1033 2124 1128 2183 antea
1150 2124 1199 2183 at-

93 2230 272 2311 tulimusf),
295 2230 400 2311 refert,
423 2228 684 2313 philosophorum
707 2229 909 2311 quorundam
925 2227 1094 2309 sententia,
1118 2246 1198 2310 quo·

97 2357 170 2403 rum
206 2340 335 2404 nomine
357 2338 631 2404 Anaximandrum
666 2337 764 2403 etiam
798 2339 943 2422 intellegi
976 2343 1072 2402 antea
1095 2337 1198 2404 Theo-

95 2447 222 2529 phrasti
246 2447 430 2514 testimonio
461 2467 536 2512 mox
566 2447 680 2513 iterum
703 2447 865 2513 laudando
897 2447 1105 2531 ostendimus,
1129 2451 1198 2513 ini-

97 2557 157 2621 tio
178 2563 297 2625 totam
321 2558 529 2640 regionem
551 2558 660 2622 circa
682 2563 826 2623 terram
850 2562 889 2622 et
911 2559 1034 2640 ipsam
1057 2565 1199 2624 terram

96 2665 294 2732 humidam
316 2667 456 2747 fuisse;
482 2667 565 2732 hano
593 2673 701 2733 autem
723 2673 872 2732 naturam
899 2665 1064 2732 humidam
1088 2687 1108 2732 a
1130 2669 1198 2732 sole

95 2779 287 2844 calefactam
310 2784 343 2842 et
364 2777 560 2842 exsiccatam
584 2777 700 2860 partim
724 2778 954 2860 evaporatione
981 2796 1106 2843 versam
1125 2795 1198 2842 esse

96 2885 129 2948 in
156 2907 263 2952 aerem
289 2886 358 2968 (qui
380 2894 484 2952 motus
504 2893 617 2953 ventos
643 2887 749 2969 pariat
772 2905 828 2969 per
850 2885 973 2967 hosque
996 2885 1074 2951 solis
1097 2892 1130 2951 et
1151 2887 1198 2952 lu-

96 3015 158 3060 nae
181 2996 410 3080 conversiones
433 2997 516 3061 inter
537 2996 678 3061 solstitia
701 2990 771 3082 [τὰς
790 2989 929 3081 τροπὰς]
952 2994 1095 3076 efficiat),
1120 2996 1197 3061 reli-

96 3125 193 3186 quam
217 3114 323 3172 autem
359 3107 428 3171 eius
455 3112 579 3188 partem
601 3124 690 3171 mare
712 3125 794 3187 esse,
826 3104 913 3187 quod
942 3104 1048 3188 ipsum
1071 3124 1198 3186 quoquc

98 3217 250 3282 continua
272 3215 490 3282 exsiccatione
513 3214 678 3282 decrescat
703 3223 736 3281 et
763 3224 926 3298 postremo
949 3222 1050 3281 totum
1075 3215 1197 3280 siccum

97 3324 238 3392 futurum
270 3329 320 3391 sit.
370 3325 516 3392 Eandem
550 3326 751 3407 quorundam
783 3328 976 3400 sententiam
1012 3325 1197 3391 Alexandro

98 3442 179 3501 teste
213 3434 455 3519 Theophrastus
489 3435 606 3516 refert,
642 3435 762 3501 diserte
795 3456 866 3501 eam
902 3435 1014 3501 dicens
1048 3436 1197 3501 Anaxi-

99 3544 247 3610 mandri
268 3552 300 3611 et
322 3547 479 3630 Diogenis
503 3565 584 3623 esse,
618 3551 650 3610 et
681 3565 719 3610 eo
752 3545 849 3610 etiam
872 3547 1044 3611 Aristotele
1066 3564 1196 3610 accura-

99 3651 159 3718 tior
182 3660 240 3736 est,
263 3654 358 3737 quod,
393 3675 502 3720 eorum
532 3654 573 3720 de
602 3655 701 3720 maris
735 3661 805 3719 ortu
828 3655 1019 3719 sententiam
1042 3654 1196 3736 referens,
1265 3705 1266 3710 η

99 3762 190 3828 addit
223 3766 321 3830 etiam
354 3764 424 3830 eius
457 3767 572 3840 locum,
606 3764 734 3846 dicens,
769 3783 839 3829 eam
873 3772 1008 3829 naturae
1044 3764 1196 3830 humidae

100 3880 231 3952 partem,
262 3892 345 3954 quae
378 3873 411 3938 in
444 3874 552 3940 cavis
576 3872 732 3956 (terrae)
754 3873 851 3939 locis
880 3874 1004 3955 reliqua
1026 3874 1077 3955 sit,
1109 3894 1197 3939 mare

100 3982 212 4060 essefl.
257 3980 349 4060 Quae
372 3982 472 4047 verba
496 3983 590 4049 facile
611 3990 702 4066 patet
725 4003 787 4048 non
810 3984 856 4047 ita
879 3981 1195 4067 intellegemusesse,

195 4085 308 4194 ulid.
329 4143 413 4196 supra
431 4145 457 4195 p.
477 4130 530 4181 244
549 4146 589 4197 sq.
657 4122 660 4128 ’

197 4225 222 4288 2)
242 4223 304 4278 Vid.
324 4241 409 4294 supra
428 4242 455 4293 p.
474 4226 528 4278 248
545 4230 603 4280 not.
625 4229 647 4280 l.

197 4323 225 4391 3)
245 4321 325 4376 Alex.
347 4321 377 4375 in
397 4321 516 4378 Meteon.
536 4339 563 4392 p.
583 4325 628 4392 91,
646 4341 671 4390 s,
689 4341 716 4392 p.
736 4323 798 4378 inf:
819 4325 863 4392 „of
879 4323 935 4394 μὲν
951 4319 1005 4394 γὰρ
1024 4319 1113 4378 αὐτῶν
1132 4323 1198 4394 (τῶν
