2862 4910
632 389 684 452 305

93 557 209 638 'Palem
233 579 340 639 autem
357 572 516 654 quendam
527 577 649 638 motum
672 574 713 638 ab
726 573 966 641 Anaximandro
982 575 1069 658 poni,
1092 575 1201 658 paullo

92 689 168 766 post
189 681 371 765 apparebit.

169 855 172 860 <
196 817 225 881 4.
270 815 350 882 Cum
372 816 472 898 igitur
492 815 642 881 videatur
655 815 911 882 demonstratum
932 837 1013 894 esse,
1037 824 1202 884 aeternum

94 925 333 991 Anaximandri
365 933 485 991 motum
518 946 582 991 non
618 946 690 991 esse
715 934 834 991 motum
866 928 1063 1009 oiroularem,
1098 927 1203 992 denuo

93 1034 319 1116 quaerendum
342 1042 400 1117 est,
433 1035 487 1117 qui
512 1036 563 1100 sit.
609 1035 716 1118 Supra
738 1041 845 1101 autem
855 1037 879 1117 ¹)
913 1036 1065 1118 diximus,
1097 1039 1131 1102 in
1164 1039 1203 1104 iis

92 1152 241 1211 veterum
257 1145 348 1226 loeis,
364 1145 479 1226 quibus
492 1143 735 1210 Anaximander
748 1146 887 1211 refertur
897 1147 1058 1230 prinoipio
1082 1154 1201 1212 motum

94 1254 249 1334 tribuere,
275 1252 434 1334 quaedam
458 1254 573 1335 inesse,
605 1272 623 1316 e
648 1252 764 1334 quibus
794 1253 851 1318 illa
873 1257 1019 1336 quaestio
1041 1254 1204 1322 videretur

94 1363 181 1428 solvi
201 1381 313 1445 posse3
341 1381 440 1444 quare
463 1360 506 1426 ad
528 1359 626 1426 hosoe
648 1357 735 1426 looos
761 1363 957 1428 revertimur.
1002 1363 1115 1446 Itaque
1138 1367 1202 1450 pri-

93 1492 183 1536 mum
206 1471 297 1536 hisee
331 1479 362 1536 et
383 1470 567 1536 Aristotelis
600 1477 632 1535 et
655 1472 867 1554 posteriorum
897 1473 1091 1555 scriptorum
1121 1474 1201 1540 loeis
1238 1519 1240 1523 -

93 1581 374 1646 Anaximandrum
389 1579 530 1645 vidimus
553 1579 801 1662 generaliter
819 1584 941 1645 tantum
967 1580 1031 1646 diei
1043 1581 1201 1667 principio

93 1698 263 1754 aeternum
284 1697 403 1754 motum
425 1689 575 1770 tribuere,
604 1688 711 1754 nulla
739 1690 899 1772 generis
920 1689 1203 1774 designatione

94 1798 277 1875 addita2).
323 1797 439 1876 Quare,
453 1820 537 1892 oum
559 1806 715 1882 quattuor
738 1800 804 1864 sint
826 1806 930 1865 motus
953 1821 1084 1884 genera,
1105 1822 1201 1885 gene-

93 1911 188 1992 ratio,
212 1910 357 1990 mutatio,
380 1911 520 1974 aeoretio
544 1907 769 1985 etdiminutio
790 1910 853 1974 lori
877 1910 1020 1991 mutatio,
1043 1910 1098 1976 ille
1117 1911 1217 1976 Ana.

93 2019 257 2085 ximandri
281 2026 385 2084 motus
408 2025 514 2103 potest
539 2020 570 2083 ln
592 2019 705 2100 quovis
728 2017 842 2083 horum
856 2039 1010 2102 generum
1033 2040 1113 2086 esse.
1137 2019 1203 2086 Sed

94 2150 194 2194 unum
229 2128 326 2195 etiam
359 2129 522 2195 attulimus
555 2128 740 2194 Aristotelis
771 2130 887 2208 lorum,
921 2148 983 2212 quo
1017 2131 1053 2210 is,
1089 2130 1201 2214 physi-

94 2260 206 2305 oorum
239 2239 280 2304 de
302 2260 365 2304 uno
399 2245 471 2304 ente
500 2227 679 2303 doctrinam
709 2239 750 2303 ab
774 2238 960 2304 Eleatarum
988 2239 1202 2325 distinguens,

3 2397 4 2400 ,
94 2349 232 2414 diceret:
262 2328 487 2429 ,,ε’κεῐνοι’μὲν
509 2346 732 2429 προστιθέασι
760 2344 893 2442 κίνησιν)
923 2347 1132 2431 γεννῶντές
1160 2372 1202 2432 γε

93 2451 133 2520 τὸ
155 2457 232 2539 πᾶν,
256 2439 348 2520 οὗτοι
373 2453 408 2520 δὲ
431 2448 582 2540 ἀκίνητον
604 2445 689 2520 εἶναί
710 2455 875 2542 φασιν,“”)
899 2477 940 2522 ex
955 2456 1071 2540 hisque
1093 2459 1202 2524 vorbis

94 2567 316 2650 eognovimus,
339 2566 555 2648 Aristotelem,
578 2566 730 2651 physicos
758 2569 813 2631 uui
835 2587 892 2632 suo
915 2569 981 2632 enti
1000 2573 1121 2632 motum
1145 2565 1201 2631 ad-

94 2679 242 2761 iungere,
265 2677 339 2742 inde
362 2676 549 2760 sumpsisse,
578 2675 666 2758 quod
694 2695 734 2741 ex
749 2675 819 2741 'hoe
842 2696 904 2742 uuo
930 2683 1003 2742 ente
1025 2677 1201 2741 multitu·

2 2836 3 2842 κ
95 2787 229 2852 dinem
257 2792 505 2869 generarent.
551 2784 645 2863 Quod
677 2788 704 2851 si
737 2785 784 2850 ita
816 2805 851 2850 se
880 2785 988 2866 habet,
1011 2784 1201 2851 Aristoteles

5 2927 8 2936 r
94 2903 228 2978 motum,
249 2916 343 2978 quem
365 2895 518 2979 physicos
543 2895 622 2960 dicit
646 2898 701 2960 uni
724 2897 789 2960 enti
812 2895 1000 2979 adiungere,
1032 2897 1131 2960 talem
1154 2895 1202 2959 in-

2 3035 6 3078 :
94 3007 230 3089 tellegit‚
262 3004 318 3087 qui
349 3006 388 3070 in
420 3005 552 3087 aliquo
587 3003 862 3089 generationis
894 3003 1008 3070 modo
1042 3011 1202 3070 cernatur.

1 3157 6 3189 ι
95 3116 184 3198 Ergo
208 3114 380 3179 Aristotele
403 3121 484 3180 teste
500 3121 651 3180 aeternus
665 3113 899 3180 Anaximandri
921 3118 1031 3180 motus
1050 3113 1201 3196 (namque

2 3260 6 3265 ,
96 3222 376 3288 Anaximandrum
408 3243 536 3305 quoque
565 3223 607 3288 ab
630 3223 803 3290 Aristotele
831 3224 863 3287 in
891 3222 954 3287 illis
978 3220 1123 3306 physicis
1146 3241 1202 3286 nu-

96 3332 226 3409 merari,
259 3331 337 3397 satis
372 3332 584 3408 ostendimus)
618 3334 650 3396 in
678 3352 715 3399 eo
745 3338 850 3398 motus
882 3351 999 3414 genere
1027 3337 1085 3406 est,
1119 3350 1202 3412 quae
1296 3333 1298 3336 ’

1 3481 9 3521 1.
95 3440 306 3526 generatio
330 3439 458 3505 dieitur.
502 3440 571 3504 Iam
594 3460 671 3505 vero
698 3461 769 3504 oum
793 3439 989 3522 reliquorum
1012 3441 1200 3522 scriptorum
1267 3513 1272 3524 ι

3 3575 4 3578 ’
95 3558 164 3617 tum
187 3550 290 3634 ipsius
312 3549 494 3615 Aristotelis
516 3548 701 3614 testimonio
717 3555 852 3625 constat,
877 3547 1110 3614 Anaximandri
1132 3568 1202 3614 sen-

1 3703 5 3743 5
96 3659 202 3725 tentia
223 3657 439 3723 multitudinis
461 3658 705 3741 generationem
728 3677 766 3722 eo
789 3657 978 3740 de1·i‚quod
1001 3679 1018 3722 e
1040 3657 1202 3742 principio

5 3811 7 3848 3
96 3766 261 3834 contraria
283 3768 345 3851 ipsi
369 3767 467 3833 insita
489 3774 706 3834 secernantur.
751 3768 836 3851 Ergo
859 3774 1048 3833 aeternus
1062 3769 1201 3832 Anaxi·

95 3958 298 3966 ——-—-———

201 4075 226 4143 l)
244 4071 306 4126 Vid.
326 4088 353 4140 p.
373 4073 433 4125 284.

198 4170 226 4237 2)
246 4168 335 4238 Supra
353 4186 386 4237 p.¹
399 4169 459 4221 283.

199 4268 228 4332 fl)
249 4265 340 4335 Supra
357 4282 385 4334 p.
405 4267 457 4319 279
477 4268 535 4318 not.
558 4269 570 4317 l
591 4268 665 4331 etp.
685 4264 746 4317 283.
