2864 4910
631 417 682 470 559

89 586 302 673 οροχοειδη),
334 586 506 669 repletas
544 588 647 670 ignca,
680 608 765 670 quac
798 588 910 670 aliqua
942 609 1001 654 sua
1032 595 1123 673 parto
1151 609 1209 672 por

88 695 265 760 foramina
287 695 432 761 flammas
455 697 680 780 exspiratur
727 698 777 761 Ex
800 697 912 762 borum
941 698 1038 763 trium
1060 701 1205 764 locorum

90 806 357 888 comparatione,
380 813 415 870 ut
426 805 488 870 hoc
500 808 608 870 statim
626 807 766 872 breviter
777 827 933 889 moneam,
957 815 1102 891 apparet,
1124 808 1209 872 Ana·
1292 824 1295 830 ’

91 914 268 979 ximandri
301 916 410 980 stollas
442 920 509 980 tum
543 915 589 980 ita
612 915 798 998 significari,
834 922 869 981 ut
900 916 1051 980 dicautur
1077 916 1209 981 orbes

91 1023 210 1105 ignei
233 1023 281 1088 ab
301 1043 390 1088 acre
413 1025 678 1100 circumclusi,
702 1030 769 1088 tum
792 1026 846 1100 ita,
872 1023 1072 1090 utdicautur
1094 1024 1209 1089 orbes

91 1131 223 1196 aerii
251 1130 339 1214 (nam
362 1130 529 1217 πιλήμαοα
550 1123 647 1215 ἀέρος
677 1134 851 1222 τροχοειδη
883 1141 958 1199 sunt
989 1136 1083 1200 orbos
1117 1133 1208 1216 aerii)

92 1241 230 1324 ignem
255 1242 621 1324 circumcludentem
646 1250 744 1325 atquo
767 1242 840 1308 inde
865 1243 1020 1328 sequitur,
1044 1249 1079 1309 ut
1102 1245 1207 1328 ipsius

96 1347 339 1414 Anaximandri
363 1351 523 1415 sententia
536 1353 650 1416 stellas
667 1352 732 1416 sint
753 1351 867 1416 orbos
890 1351 996 1434 ignei
1019 1352 1066 1416 ab
1082 1352 1208 1418 acriis

95 1460 268 1524 orbibus
292 1461 555 1537 circumclusi,
584 1462 650 1526 sive
674 1461 788 1527 orbes
810 1461 913 1526 aerii
936 1462 1072 1543 igneos
1094 1462 1208 1528 orbos

95 1567 476 1649 circumcludentem
502 1590 696 1652 quamquam
722 1570 765 1635 ad
788 1590 855 1635 rem
869 1571 977 1654 aptius
994 1573 1099 1651 priore
1112 1571 1207 1637 modo

96 1677 264 1750 dicuntur,
289 1678 439 1758 quoniam
461 1676 534 1759 ipsa
557 1677 721 1740 stellarum
745 1681 860 1742 natura
883 1677 1066 1741 continetur
1089 1677 1175 1760 igne.

202 1786 252 1850 Dc
275 1788 343 1850 solc
375 1791 481 1851 autem
512 1786 671 1850 sententia
699 1806 719 1848 a
741 1785 916 1850 Plutarcho
940 1786 972 1849 in
996 1785 1128 1851 Placitis
1161 1787 1209 1852 sic

96 1895 255 1958 refertur:
275 1889 398 1960 ‘solcm
416 1914 490 1960 cssc
514 1895 640 1959 orbem
664 1888 845 1975 (κύκλον),
874 1894 936 1977 qui
959 1903 1206 1960 curvaturam

97 2003 188 2068 sivo
213 2004 376 2069 orbitam
401 1997 599 2089 (τὴνὰψῖὸα)
624 2003 743 2068 babeat
762 2005 880 2068 talem
903 2005 999 2078 fere,
1024 2005 1153 2086 qualis
1170 2005 1207 2068 in

98 2132 286 2177 curruum
310 2114 407 2178 rotis
429 2120 620 2194 cernatur,
644 2123 807 2195 eamque
834 2111 992 2194 quidem
1015 2134 1148 2178 cavam
1171 2119 1209 2178 ct

99 2223 190 2304 igno
214 2224 420 2305 repletam3
444 2221 527 2286 banc
550 2222 636 2286 orbis
659 2229 862 2285 curvaturam
893 2223 1004 2303 aliqua
1036 2228 1127 2305 parte
1150 2242 1209 2305 per

98 2332 246 2396 foramen
278 2333 400 2414 ignom*
417 2331 563 2395 emittere
595 2338 759 2412 tamquam
791 2350 848 2413 por
880 2338 1069 2417 πρηστῆρος
1103 2332 1204 2410 (vocis

98 2440 297 2522 significatio
323 2441 407 2504 infra
419 2440 646 2524 explicabitur)
670 2440 819 2514 fistulam,
846 2439 994 2522 huncque
1009 2441 1117 2523 iguem
1132 2459 1205 2506 csse

98 2539 261 2626 solem’2).
305 2550 333 2612 Α
360 2550 500 2614 Stobaeo
534 2556 641 2614 autom
670 2547 730 2613 hoc
763 2548 858 2613 modo
890 2554 1052 2613 narratur:
1083 2543 1206 2614 ‘solam

99 2679 172 2722 esse
195 2658 322 2722 orbcm
345 2652 487 2734 (κύκλον)
511 2678 649 2722 currus
680 2663 789 2722 rotas
813 2658 988 2733 similem,
1014 2657 1123 2722 cuius
1146 2678 1203 2741 pc-

99 2767 246 2851 riphcria
268 2765 486 2850 (ποριηέρενα)
510 2787 603 2842 cava
626 2769 677 2832 sit
700 2774 737 2832 ct
761 2768 848 2850 igne
873 2768 1027 2850 repleta,
1051 2773 1082 2832 ct
1097 2766 1207 2849 aliqua

100 2882 191 2960 parte
215 2895 273 2958 per
295 2863 440 2941 foramcn
463 2877 570 2958 ignem
595 2876 720 2940 emittat
741 2883 907 2958 tamquam
938 2896 995 2958 por
1017 2877 1207 2959 πρηστῆρος

204 3141 230 3208 l)
251 3139 327 3192 Stob.
352 3139 411 3193 Ecl.
430 3140 451 3207 Ι,
472 3141 515 3192 24.
539 3156 565 3207 p.
586 3141 650 3191 510:
687 3135 922 3209 ηἈναξίμανδρος
941 3133 984 3206 (τὰ
1004 3131 1100 3204 ἄστρα)
1128 3129 1207 3201 πιλη-

99 3258 173 3308 ματα
191 3236 273 3304 α’ίρος
290 3236 444 3304 τροχοενδῆ,
466 3232 551 3304 πυρὸς
568 3236 684 3304 ἔμπλεα,
705 3232 772 3286 κατὰ
799 3254 821 3286 τι
841 3237 927 3304 μέρος
944 3228 1002 3286 ἀπὸ
1022 3237 1145 3302 στομίων
1164 3233 1206 3284 ἰκ-

101 3339 221 3387 πνέονττι
241 3326 362 3402 φλόγας·
388 3337 431 3382 καὶ
451 3327 579 3384 ἀνωτάτω
602 3332 657 3401 μὲν
681 3325 792 3383 πάντων
816 3328 865 3383 τὸν
891 3325 966 3396 ἥλιον
983 3324 1125 3398 τετάχθαι,
1143 3328 1205 3398 μετ’

100 3427 183 3483 αὐτὸν
201 3430 233 3481 db
253 3430 302 3492 τήν
321 3423 443 3493 σελήνην,
463 3425 515 3481 ὑπὸ
534 3425 681 3486 ῦὲάῦτοὺς
699 3425 731 3480 τὰ
751 3421 859 3493 tutavit
877 3427 935 3479 τῶν
950 3420 1061 3496 τ’ίστρτον
1079 3429 1124 3478 καὶ
1145 3422 1207 3484 τοὺς

101 3518 265 3587 πλανήτας.“

200 3622 227 3683 2)
246 3619 318 3672 Plut.
329 3619 404 3672 Plac.
419 3617 453 3684 11,
464 3619 511 3670 20:
532 3616 758 3688 „Hrcbtucrtiuoc
769 3613 827 3686 (τὸν
836 3611 923 3685 ἥλιον)
935 3608 1033 3668 κῦκλον
1046 3615 1112 3668 εἶναι
1123 3611 1205 3668 barw-

101 3719 380 3769 καίετκοσαπλασίονα
406 3716 451 3779 τῆς
469 3716 528 3782 γῆς,
556 3712 744 3784 ἁρματείου
762 3713 885 3783 τροχοῦ
905 3710 961 3778 τὴν
986 3711 1099 3779 ἁψῖδα
1119 3732 1205 3780 παρα-

102 3809 218 3879 πληστον
241 3813 349 3881 ἔχοντα,
373 3813 475 3877 κοίλην,
500 3804 587 3876 πλήρη
606 3804 703 3879 πυρός·
728 3795 755 3875 ἧς
773 3810 829 3878 ¹(sc.
849 3807 964 3876 ἁψῖδος)
990 3801 1057 3859 κατά
1076 3827 1100 3858 νο
1119 3813 1207 3878 μέρος

102 3903 285 3980 ίκφατνοῦσης
310 3905 355 3958 διὰ
376 3911 496 3976 στομίου
524 3903 553 3958 τὸ
577 3906 632 3974 πῦρ
658 3901 752 3974 ὥσπερ
781 3902 826 3956 διὰ
846 3905 999 3972 πρηστῆρος
1017 3898 1109 3970 αὐλοῦ,
1137 3903 1204 3972 [καὶ]

100 4006 169 4058 τοῦτ’
190 4002 326 4058 circitor
348 3999 448 4069 ἣλιον.“
487 4003 630 4057 Particuia
649 4006 703 4069 καὶ,
734 4019 805 4070 quae
823 4006 889 4055 ante
915 4001 993 4052 τοῦτο
1012 3999 1125 4068 legitur,
1145 3999 1205 4052 sine

103 4103 186 4156 dubio
200 4102 319 4156 delenda
338 4107 387 4154 cst.
425 4101 498 4167 Quid
518 4101 570 4154 boc
589 4101 649 4154 loco
668 4098 807 4168 significet
820 4092 951 4167 πρηστὴρ,
971 4081 1068 4166 postca
1081 4114 1203 4150 scorsum
1239 4106 1242 4114 ·

103 4199 306 4266 spectabimus,
341 4199 472 4267 quoniam
509 4199 568 4252 sinc
599 4197 779 4268 diligentiore
812 4196 994 4264 inquisitione
1029 4212 1084 4248 uon
1112 4199 1206 4262 potest

8 4363 9 4366 ρ
103 4296 239 4366 cognosci.
