2860 4906
629 389 682 443 269

104 561 277 644 quodam
308 562 515 628 densitatis
548 568 585 629 et
614 565 799 629 raritatis
832 563 957 647 gradu
985 564 1216 630 eontinuam.

105 672 305 737 Aristoteles
327 693 390 738 uno
417 673 488 738 looo
500 672 524 755 ¹)
559 693 669 739 eorum
701 675 901 753 seutentiam,
934 672 990 755 qui
1023 673 1216 756 prinoipium

104 783 212 847 velint
234 801 377 865 eorpus
400 783 554 848 sensile
577 802 648 848 osse
671 783 712 849 ab
730 785 896 848 elementis
913 783 1083 860 diversum,
1107 803 1145 849 eo
1168 803 1216 849 re-

104 891 204 976 fellit,
226 891 323 975 quod,
346 891 374 958 si
397 892 462 957 tale
487 891 650 975 quoddam
675 911 791 978 eorpus
815 892 934 958 sensile
956 899 1052 975 esset,
1076 891 1111 957 id
1123 913 1216 978 opor-

103 1008 191 1067 teret
215 1001 364 1067 sensibus
387 1021 553 1087 apparere.
598 1001 663 1067 Sed
692 1001 773 1068 haee
806 1002 888 1067 ratio
923 1004 956 1067 in
980 1001 1216 1068 Anaximandri

104 1109 667 1194 00000001000000010000000010,
700 1113 727 1177 is
756 1111 851 1189 enim,
879 1112 1004 1196 opinor,
1037 1112 1216 1189 Aristoteli,

106 1220 135 1284 si
159 1241 235 1286 oum
259 1240 296 1285 eo
320 1221 460 1303 oolloqui
484 1227 516 1286 et
538 1220 635 1285 simul
657 1219 773 1286 idonea
795 1220 978 1287 disserendi
1002 1228 1071 1286 arte
1093 1222 1138 1286 uti
1160 1240 1215 1303 po-

105 1329 237 1410 tuisset,
271 1329 318 1392 ita
340 1328 408 1393 fere
440 1347 653 1412 responsurus
688 1327 819 1393 fuisset:
851 1326 970 1413 ‘posse
1002 1328 1127 1412 aliquid
1157 1350 1216 1396 000

105 1437 215 1520 ipsius
237 1442 353 1501 natura
374 1437 491 1502 sensile
514 1455 596 1516 0000,
627 1435 714 1518 quod
739 1456 900 1519 nunquam
924 1439 1028 1522 possit
1049 1445 1121 1504 0000
1145 1458 1215 1503 000-

105 1546 174 1626 0101,
198 1544 468 1627 quemadmodum
494 1547 564 1629 ipse
591 1546 780 1612 Aristoleles
808 1545 966 1628 quaedam
989 1545 1077 1612 dieat
1099 1567 1157 1630 per
1178 1567 1214 1612 00

104 1653 255 1720 visibilia
277 1674 358 1738 esse,
380 1674 466 1737 quae
487 1673 550 1720 non
574 1657 698 1739 possint
721 1655 825 1721 videri
847 1654 965 1738 actm).
991 1691 1028 1702 —
1051 1654 1214 1721 Infinitum

106 1783 216 1829 rerum
239 1764 434 1847 principium
456 1783 516 1829 000
538 1763 642 1847 ipsius
654 1769 771 1829 natura
785 1765 906 1831 sensile
919 1783 1000 1847 0000,
1024 1763 1082 1830 sed
1105 1765 1139 1829 in
1153 1765 1214 1830 hoe

105 1871 229 1939 mundo
263 1880 436 1956 propterea
463 1873 611 1964 sensibus
643 1874 766 1958 peroipi
800 1895 864 1939 non
898 1893 1003 1958 posse,
1037 1873 1123 1957 quod
1157 1893 1215 1939 sua

106 1983 212 2067 ipsius
232 1985 343 2066 speeie
362 1984 396 2048 in
419 1982 478 2050 hoe
495 1983 615 2049 mundo
630 1985 760 2049 omnino
773 2004 838 2049 non
850 1990 1016 2068 appareat,
1039 1983 1097 2050 sed
1110 1985 1212 2049 solum

106 2095 216 2176 speeie
239 2098 426 2160 naturarum
449 2093 576 2160 illarum
602 2096 839 2172 contrariamm,
874 2100 1010 2160 naturae
1036 2092 1153 2177 igneae
1181 2099 1213 2158 et

104 2209 243 2268 naturae
266 2201 430 2282 humidae,
453 2222 536 2286 quae
559 2223 600 2268 ex
623 2204 695 2287 ipso
718 2204 751 2267 in
773 2202 927 2269 mundum
950 2210 1159 2270 seoernantur
1180 2209 1212 2267 00

105 2309 264 2394 deineeps
296 2311 458 2378 emundo
491 2313 525 2377 in
557 2313 664 2395 ipsum
696 2318 906 2378 revertantur.
951 2311 1074 2391 Quodsi
1103 2318 1211 2378 autem

107 2420 241 2502 aliquis,
276 2420 547 2502 quemadmodum
578 2421 634 2486 ille
667 2420 754 2506 apud
775 2421 941 2487 Platonem
964 2421 1009 2486 Er
1030 2421 1210 2499 Armenius,

106 2549 148 2594 ex
171 2528 367 2595 boemundo
390 2549 489 2614 supra
511 2531 635 2596 eoelum
658 2529 834 2596 ascendere
861 2535 893 2596 et
920 2530 953 2594 in
975 2535 1066 2614 tergo
1088 2529 1211 2594 orbium

106 2639 237 2705 illorum
261 2641 419 2705 aeriorum
436 2640 546 2705 0001100
560 2638 791 2706 inoludeutium
803 2640 979 2705 oonsistere
991 2639 1104 2721 possit,
1126 2637 1211 2704 buno

105 2751 211 2832 ipsum
235 2748 428 2832 principium
451 2755 484 2814 et
504 2749 576 2815 visu
600 2754 633 2814 et
654 2755 742 2814 00000
764 2754 988 2832 percepturum
1010 2747 1105 2814 esse’.
1150 2749 1210 2813 Re·
1275 2811 1277 2818 ,

104 2876 185 2922 vera
206 2862 314 2922 autem
336 2856 570 2922 Anaximandri
598 2842 759 2922 sententia
780 2855 984 2939 principium,
1014 2855 1100 2937 quod
1127 2854 1210 2921 vidi-

105 2985 178 3031 mus
200 2965 356 3031 mundum
386 2965 531 3048 undique
560 2966 722 3050 ampleoti,
756 2985 819 3031 non
849 2965 955 3049 ipsum
989 2966 1021 3031 10
1056 2965 1210 3030 muudum

106 3072 244 3158 ingredi,
267 3073 325 3139 sed
339 3074 586 3140 solumnaturas
607 3075 681 3140 illas
703 3075 880 3140 0000000100
904 3093 944 3139 ex
966 3075 1036 3157 ipso
1059 3080 1210 3156 00000000,

107 3182 232 3266 basque
256 3202 318 3248 non
350 3183 414 3249 nisi
436 3183 602 3250 inmundi
627 3182 763 3249 01000100
795 3183 829 3248 in
852 3182 1045 3268 principium
1080 3183 1210 3265 0000101,

106 3293 255 3376 sequenti
276 3292 356 3357 libro
383 3290 598 3357 ostendemus.

207 3401 268 3466 His
291 3401 458 3484 expositis,
493 3421 555 3484 quo
584 3400 715 3466 facilins
742 3401 784 3466 de
809 3399 1041 3483 disputationis
1072 3402 1209 3467 veritate

106 3510 244 3577 iudicari
267 3513 378 3595 possit,
402 3511 544 3578 breviter·
565 3510 626 3576 boo
648 3510 747 3576 etiam
770 3508 898 3576 videtur
922 3508 1107 3575 addendum
1122 3529 1209 3575 esse:

106 3627 175 3686 tota
196 3639 313 3687 000000
339 3618 553 3704 proficiscitur
585 3619 627 3686 ab
656 3639 696 3684 ea
724 3619 923 3700 quaestione,
957 3623 1061 3683 utrum
1088 3617 1209 3682 Anaxi-

107 3728 234 3794 mandri
258 3730 453 3814 prinoipium
486 3731 528 3794 sit
558 3747 673 3813 eorpus
704 3746 763 3812 per
789 3747 824 3792 00
855 3727 984 3809 sensile,
1006 3746 1067 3791 neo
1089 3746 1145 3806 ne;
1180 3728 1208 3792 01

107 3844 157 3903 000
179 3858 296 3922 eorpus
319 3859 377 3923 per
400 3859 435 3904 se
457 3839 585 3922 sensile,
619 3835 653 3902 id
681 3836 767 3920 quod
795 3835 874 3921 ipsis
897 3843 1042 3900 veterum
1066 3835 1210 3901 testimo-

209 4177 236 4246 1)
252 4176 333 4248 Phys.
353 4175 403 4245 111,
422 4179 446 4231 5.
467 4178 541 4231 2041)
558 4177 593 4229 29
612 4193 652 4244 sq.
671 4175 734 4230 vid.
754 4191 840 4244 supra
858 4191 886 4242 p.
907 4174 951 4240 69,
965 4175 991 4226 2.

207 4273 236 4341 2)
255 4272 297 4328 Cf.
316 4273 435 4328 Aristot.
455 4271 532 4326 Sene.
552 4272 578 4340 6,
596 4270 670 4326 445¹>
683 4271 719 4324 29
737 4287 778 4340 sq.
