2864 4910
772 423 826 478 862

242 595 317 677 igne
332 595 484 677 repletos,
507 601 542 658 ut
563 595 652 659 notio
665 615 773 660 corum
798 595 1103 680 planeobsolvatur,
1125 595 1336 677 quaerendum

241 713 301 785 est,
332 705 405 786 quis
434 725 543 770 eorum
566 705 647 770 situs
671 705 714 769 sit
740 712 774 770 et
806 725 869 788 qna
900 707 1026 770 ratione
1060 726 1095 771 se
1130 705 1267 768 habeant
1299 703 1337 766 ad

242 815 356 878 stellas
377 820 584 897 apparentes;
614 812 676 877 hae
702 815 786 877 euim
814 813 901 879 duae
924 814 1135 896 quaestiones
1158 814 1203 878 ita
1227 813 1335 877 echec-

242 928 323 1003 rent,
357 929 478 988 utnon
510 923 573 986 nisi
604 923 797 987 coniunctim
827 925 908 987 solvi
942 927 1077 1008 possint.
1121 923 1234 1004 Itaque
1265 923 1335 985 illos

241 1033 407 1096 stellarum
437 1032 532 1096 orbes
561 1029 701 1096 vidimus
728 1032 885 1096 foramina
917 1032 1037 1097 habere
1071 1031 1163 1096 nobis
1194 1031 1333 1109 adversa,

237 1161 300 1224 per
321 1161 405 1222 quae
429 1140 515 1223 ignis
550 1140 692 1205 inclusus
716 1139 759 1204 ad
785 1160 844 1204 nos
872 1140 1100 1206 effunderetur.
1148 1140 1235 1218 Quae
1256 1140 1333 1204 fora-

243 1249 340 1328 mina,
361 1250 390 1312 si
413 1249 508 1314 orbes
531 1249 578 1313 illi
592 1249 703 1313 annuli
726 1255 811 1330 sunt,
835 1269 897 1312 nou
919 1251 979 1314 nisi
1000 1251 1034 1313 in
1059 1251 1130 1334 ipso
1155 1249 1260 1314 horum
1280 1269 1330 1312 an-

244 1360 390 1423 nulorum
413 1378 547 1441 corpore
569 1378 642 1423 esse
664 1364 810 1442 possunt,
832 1365 864 1422 et
886 1358 927 1423 ab
950 1359 1099 1424 omnibus
1123 1361 1215 1423 etiam
1235 1358 1330 1421 Placi-

242 1475 345 1532 torum
389 1468 612 1550 scriptoribus,
655 1487 789 1549 quorum
829 1469 918 1533 locos
960 1470 1147 1550 attulimus,
1191 1467 1328 1550 quotiens

244 1576 411 1640 stellarum
430 1578 525 1642 orbes
558 1596 630 1641 cum
651 1579 729 1642 rotis
759 1583 958 1661 comparant,
995 1577 1028 1641 in
1060 1576 1174 1642 harum
1202 1585 1327 1641 rotarum

243 1691 416 1750 curvatura
440 1693 611 1770 ponuntur.
651 1687 740 1751 Haec
762 1686 923 1752 foramina
945 1693 1018 1751 sunt
1034 1688 1149 1752 stellae
1171 1707 1235 1768 eae,
1255 1704 1325 1766 quac

244 1793 337 1858 nobis
359 1802 523 1877 apparent.
569 1796 637 1858 lam
661 1815 736 1860 vero
765 1795 864 1860 iidem
888 1796 1080 1860 Placitcrum
1103 1799 1266 1879 scriptores
1284 1815 1323 1858 re-

244 1902 360 1983 ferunt,
383 1902 616 1969 Anaximandri
639 1905 801 1969 sententia
827 1903 886 1969 has
913 1906 1024 1970 stellas
1056 1913 1244 1988 apparentes
1264 1905 1323 1968 cir·
1415 1971 1416 1974 ,

244 2012 395 2093 cumagi
439 2011 712 2096 (περιφέρεσθαι)
749 2013 787 2078 iis
824 2013 966 2092 orbibus,
1015 2034 1032 2078 e
1074 2014 1190 2095 quibus
1231 2031 1322 2078 eorum

245 2118 395 2184 flammae
419 2120 595 2203 effulgeant
618 2121 799 2204 quibusque
822 2122 1048 2186 contineantur
1058 2121 1091 2204 ¹).
1125 2123 1193 2187 Hae
1213 2123 1324 2186 circum·

245 2229 390 2294 actiones
434 2237 509 2313 apte
555 2229 677 2313 duplici
717 2237 841 2294 tantum
879 2229 974 2294 modo
1013 2231 1159 2314 intellegi
1200 2233 1323 2312 possunt,

246 2339 383 2420 primum
415 2339 478 2419 ita,
518 2347 553 2402 ut
585 2339 633 2402 illi
662 2341 782 2416 annuli,
819 2340 856 2402 in
887 2340 1001 2404 coelo
1035 2338 1082 2402 ad
1113 2340 1250 2403 libram
1277 2357 1322 2401 su·

246 2448 373 2529 pensi,
405 2447 490 2512 circa
522 2467 615 2512 sunm
648 2449 791 2530 ipsorum
825 2467 920 2512 axem
953 2453 1120 2513 vertentur
1153 2447 1268 2528 hacque
1296 2464 1325 2507 re

246 2557 468 2639 uuusquisque
491 2576 601 2621 eorum
623 2577 696 2622 cum
719 2577 778 2622 sua
801 2559 896 2622 stella
918 2559 1091 2641 apparenti
1117 2559 1148 2621 in
1172 2557 1255 2623 coelo
1275 2554 1325 2619 cir-

245 2666 350 2729 culum
373 2665 545 2747 describat,
566 2667 658 2730 cuius
679 2666 832 2749 planities
853 2666 948 2731 nobis
971 2665 1110 2730 adversa
1133 2668 1190 2745 sit;
1223 2662 1326 2728 deinde
1415 2659 1416 2666 '

243 2775 297 2853 ita,
320 2781 355 2838 ut
377 2775 424 2837 illi
446 2775 566 2851 annuli,
589 2794 657 2857 per
682 2782 806 2840 totum
827 2775 929 2839 coeli
954 2775 1138 2839 ambitum
1161 2777 1327 2840 circume-

243 2890 369 2964 untes,
392 2903 464 2947 cum
486 2903 545 2947 sua
567 2885 703 2965 quisque
726 2884 821 2947 stella
842 2883 929 2948 circa
951 2882 1063 2947 mundi
1086 2903 1181 2948 axem
1195 2882 1327 2962 hancque

243 2991 284 3055 ob
297 3012 444 3056 caussam
467 2993 566 3056 etiam
589 2993 675 3056 circa
697 2999 815 3057 terram
831 2993 1106 3058 circumferantur.
1151 2994 1192 3057 At
1213 3008 1327 3076 prorsus

346 3329 369 3388 l)
389 3326 461 3379 Plut.
481 3326 556 3380 Plac.
576 3326 610 3392 ll,
627 3329 659 3379 16
678 3327 724 3392 (de
736 3327 882 3379 stellarum
894 3331 974 3378 motu
992 3327 1022 3378 iu
1034 3326 1220 3394 uuiversuml:
1241 3321 1329 3392 „'Aro·

244 3424 400 3495 ξίμανδρος,
423 3420 496 3484 (τοὺς
513 3419 640 3490 ἀστέρας)
665 3420 727 3476 ὑπὸ
747 3424 809 3474 τῶν
829 3417 955 3475 κύκλων
982 3426 1027 3474 καὶ
1050 3423 1106 3474 τῶν
1138 3422 1266 3492 σφαιρῶν,
1289 3414 1330 3486 ἐφ’

244 3506 284 3572 ὧν
309 3519 422 3579 ἕκαστος
445 3525 551 3587 βέβηκε,
575 3521 771 3590 φέρεσθαι,“
813 3519 889 3572 Idem
909 3519 1006 3572 iisdem
1027 3518 1120 3572 verbis
1147 3517 1220 3586 apud
1240 3513 1330 3569 Euroo.

244 3617 344 3684 Praep.
363 3616 415 3670 Ev.
435 3616 494 3679 XV,
516 3619 549 3668 47
572 3621 599 3670 et
619 3617 693 3684 apud
713 3615 808 3668 Galen.
828 3615 899 3667 Hist.
911 3615 958 3682 ph.
972 3617 1004 3666 13
1023 3614 1137 3684 legitur.
1176 3613 1262 3668 Verba
1278 3608 1331 3678 ‘tp’

246 3709 285 3765 ὡν
303 3712 417 3770 ἕκαστος
434 3708 560 3778 βέβηκειι’
581 3729 681 3780 parum
700 3716 767 3779 apta
786 3714 851 3762 sunt
870 3711 905 3763 ad
924 3710 1129 3763 Anaximandri
1150 3711 1239 3764 stellas
1257 3723 1331 3775 appa·
1415 3755 1416 3780 3

244 3814 351 3876 rentes;
381 3827 467 3876 quare
486 3827 500 3861 e
520 3808 656 3863 doctrinis
684 3807 887 3876 posterioribus
906 3807 1037 3860 videntur
1067 3807 1103 3860 ad
1125 3825 1188 3860 enm
1206 3804 1331 3858 translata
1415 3847 1416 3852 ,

245 3922 311 3958 esse.
334 3934 362 3942 —
385 3904 461 3957 Stob.
483 3905 541 3959 Ecl.
561 3904 582 3968 l,
603 3907 645 3956 25.
665 3922 692 3972 p.
705 3906 771 3955 524:
792 3900 1034 3973 (Ἀναξίμανδρος)
1054 3899 1172 3972 τὸνμὲν
1191 3898 1260 3967 ἣλιον
1276 3898 1332 3949 ἴσον

247 4001 313 4053 εἶναι
334 4001 364 4072 τῇ
383 4002 433 4072 γῇ·
457 3996 505 4054 τόν
524 4001 554 4052 di
575 3995 682 4068 κύκλον,
701 3997 758 4070 ἀφ’
777 3984 813 4051 οὗ
832 3997 893 4064 τὴν
911 3995 1058 4064 ἐκπνοὴν
1077 3999 1147 4068 ἔχει
1173 4003 1223 4050 καὶ
1240 3993 1286 4064 ὑφ’
1304 3975 1332 4041 θῧ

246 4101 468 4168 περιφέρειαι
496 4100 570 4148 κιλ.“
606 4097 693 4150 Plane
721 4097 794 4150 idem
825 4097 929 4165 legitor
952 4096 1027 4164 apud
1052 4095 1127 4149 Plut.
1152 4097 1224 4149 Plac.
1242 4091 1330 4156 11,21;

246 4194 341 4248 Galen.
364 4195 405 4259 14,
424 4196 621 4260 praeterquam
641 4193 716 4259 quod
741 4192 771 4244 hi
790 4209 884 4244 omues
905 4209 957 4260 pro
978 4194 1154 4259 πιριφέριιαι
1174 4191 1270 4244 habent
1286 4186 1329 4254 φέ·
1415 4225 1416 4284 3

245 4308 327 4358 perce,
347 4294 376 4343 et
394 4289 449 4342 duo
468 4288 577 4356 priores
596 4307 648 4356 pro
666 4286 714 4357 ὑφ’
735 4274 766 4339 οὗ
785 4287 831 4357 ἐφ’
852 4272 892 4340 οὗ.
