2864 4904
759 355 763 364 '
778 376 829 432 mo

260 573 310 636 ea,
329 573 414 637 quae
436 571 455 619 c
470 539 609 636 priorum
622 554 803 620 Aristotelis
816 556 1023 638 interpretum
1036 555 1228 621 testimoniis
1242 571 1340 636 cogno-

259 663 373 743 vimus,
396 663 526 728 omnino
555 661 752 740 confirmant,
783 683 893 730 verum
921 663 1021 729 etiam
1051 683 1171 746 magna
1200 667 1342 747 exparte

259 773 291 835 in
314 771 448 837 clariore
475 773 546 837 luce
574 778 704 852 ponunt.
749 771 865 856 Quare,
901 793 972 839 cum
1004 780 1072 839 tota
1103 775 1172 839 eius
1198 771 1342 838 sententia

260 878 425 962 hueusque
447 901 467 946 a
489 882 617 946 nemine
640 882 800 966 explicata
822 883 865 947 sit
886 889 919 948 et
941 883 1037 967 pauci
1060 888 1184 948 tautum
1203 882 1264 952 loci
1286 882 1342 945 siue

259 989 386 1056 delectu
404 988 548 1067 adhibiti,
571 990 789 1056 necessarium
811 990 946 1071 videtur,
970 1011 1081 1057 omnes
1104 993 1172 1057 eius
1193 993 1278 1056 locos
1296 987 1342 1052 ad-

259 1101 343 1166 ferre
375 1119 415 1165 ex
443 1098 559 1182 hisque
586 1100 771 1165 universam
802 1102 871 1166 eius
894 1101 1085 1166 sententiam
1112 1101 1271 1184 colligere.
1312 1097 1343 1160 ln

259 1229 323 1292 qua
354 1230 388 1275 re
412 1209 563 1275 iacienda
597 1229 669 1275 eum
703 1211 884 1276 necessario
917 1209 1051 1294 accidat,
1086 1217 1121 1275 ut
1153 1210 1261 1276 eodem
1281 1210 1342 1273 loco

258 1319 388 1402 saepius
425 1318 579 1384 utendum
601 1319 653 1399 sit,
685 1338 726 1384 ne
762 1319 899 1384 eundem
932 1322 1062 1403 saepius
1085 1321 1183 1385 etiam
1204 1334 1344 1402 cogamur

257 1426 453 1510 adscribere,
481 1447 522 1492 ex
549 1447 609 1493 usu
639 1427 744 1492 visum
775 1433 832 1507 est,
867 1429 1004 1512 primum
1033 1431 1122 1512 ipsos
1151 1430 1235 1494 locos
1263 1431 1342 1492 certo

257 1521 397 1619 quodam
419 1537 531 1603 ordine
553 1556 741 1622 proponere.
779 1537 954 1603 Dividendi
986 1545 1092 1618 autem
1117 1557 1225 1604 omnes
1246 1535 1342 1602 Philo-

257 1647 334 1732 poui
361 1648 431 1729 loci,
467 1647 589 1730 pariter
622 1652 719 1728 atque
750 1647 917 1730 simplicii,
951 1649 983 1712 in
1017 1646 1098 1714 duas
1127 1654 1233 1732 partes
1265 1649 1340 1716 sunt,

257 1757 390 1822 alteram
406 1775 524 1840 eorum,
547 1757 603 1838 qui
619 1758 677 1823 toti
691 1764 860 1822 versantur
881 1759 913 1822 in
929 1758 1129 1842 explicandis
1152 1759 1264 1823 talibus
1277 1754 1339 1820 Ari-

256 1867 378 1932 stotelis
400 1865 492 1946 locis,
524 1866 640 1949 quibus
664 1867 692 1932 is
713 1861 752 1930 τὸ
775 1860 865 1949 παρὰ
886 1861 1088 1946 τὰστοιχεῖα
1104 1869 1156 1932 vel
1174 1862 1212 1930 τὸ
1233 1855 1339 1946 prauo&

257 1982 368 2060 aperte
387 1982 551 2059 memorat,
572 1977 706 2041 alteram
722 1996 842 2056 eorum,
863 1977 979 2059 quibus
995 1977 1064 2060 ipse
1086 1978 1230 2042 nonulla
1250 1973 1340 2058 expli·

258 2085 351 2151 cundi
379 2087 569 2152 necessitate
602 2084 660 2150 sed
697 2106 757 2152 sue
792 2091 905 2169 sponte
935 2095 1031 2169 atque
1065 2088 1166 2152 solum
1206 2086 1339 2151 historiae

258 2214 372 2260 caussa
394 2194 435 2260 de
456 2193 689 2260 Anaximandri
710 2193 856 2260 doctrina
877 2194 1017 2260 disserit.
1085 2238 1087 2242 -

356 2331 463 2411 Atque
485 2327 698 2411 posteriorum
719 2327 849 2410 quidem
876 2330 1019 2394 locorum
1041 2329 1277 2422 copiosissimus
1296 2331 1340 2392 est

257 2438 294 2520 is,
330 2439 385 2520 qui
406 2435 525 2520 legitur
556 2435 591 2502 in
621 2439 847 2503 commentario
879 2439 912 2503 in
943 2437 1127 2504 Aristotelis
1159 2439 1252 2523 Phys.
1271 2438 1294 2518 1,
1314 2437 1339 2515 2,

257 2566 320 2629 quo
351 2547 422 2612 loco
443 2545 653 2630 Philoponus,
684 2547 805 2635 pariter
835 2553 932 2630 atque
956 2546 1141 2631 Simplicius
1172 2550 1204 2612 in
1230 2565 1283 2612 sno
1311 2545 1339 2607 in
1418 2577 1419 2582 ι

257 2653 394 2721 eundem
426 2656 607 2721 Aristotelis
638 2656 743 2722 locum
777 2657 1019 2738 commentario,
1050 2658 1193 2740 generali
1214 2653 1338 2738 quadam

254 2762 469 2848 disputatione
493 2767 632 2831 omnium
653 2771 798 2832 veterum
821 2765 1086 2850 philosophorum
1118 2765 1274 2850 principia
1293 2783 1339 2828 ex·

238 2875 356 2958 ·ponit;
389 2873 444 2956 qui
468 2880 638 2958 propterea
665 2876 760 2940 etiam
794 2894 872 2957 prae
907 2874 1042 2957 reliquis
1076 2875 1222 2941 omuibus
1243 2873 1339 2957 gravis

247 2989 312 3060 est,
334 2985 410 3066 quia
431 2985 499 3049 sine
519 2983 616 3049 dubio
631 2989 775 3066 tempore
794 3002 922 3065 quoque
945 3003 1000 3048 eos
1015 2984 1190 3068 praecedit,
1232 2983 1338 3046 Locum

253 3093 362 3175 ipsum
384 3093 480 3159 simul
503 3112 573 3158 cum
598 3091 723 3158 duobus
745 3093 825 3158 locis
849 3113 866 3158 e
885 3093 1113 3158 commentario
1136 3095 1168 3159 in
1191 3094 1284 3158 libros
1303 3088 1338 3154 de

254 3200 467 3268 Generatione
480 3208 512 3267 et
524 3201 737 3286 Corruptione
747 3201 962 3294 adnotationis
975 3203 1069 3268 modo
1079 3202 1303 3286 adscripsimus
1309 3199 1338 3278 ¹).

354 3497 380 3564 i)
398 3513 422 3549 a
441 3495 551 3566 Philop.
570 3497 599 3551 iu
618 3497 737 3552 Aristot.
748 3497 830 3565 Phys.
850 3499 871 3566 1,
882 3500 907 3552 2.
929 3499 1002 3551 l84h
1019 3498 1052 3551 lo
1071 3498 1150 3564 (edit.
1160 3497 1257 3554 Venet
1271 3497 1338 3564 1535,

252 3591 281 3644 in
301 3609 356 3660 qua
374 3593 540 3662 paginarum
559 3594 668 3648 numeri
678 3594 801 3663 nesure:
823 3600 908 3665 „puicu
927 3593 958 3647 δὲ
972 3597 1017 3647 καὶ
1029 3599 1195 3666 κινουμένην
1213 3599 1256 3649 καὶ
1273 3588 1338 3648 ἄπει-

252 3706 301 3756 ρον
324 3685 460 3742 ὑπέθεντο
486 3693 515 3742 οἵ
533 3707 562 3742 τε
584 3687 633 3744 τὸν
650 3687 718 3760 ἀέρα
737 3687 933 3761 ὑποτιθέμενοι
951 3693 997 3742 καὶ
1018 3693 1045 3742 οἱ
1062 3689 1093 3744 τὸ
1112 3690 1236 3762 μεταξὺ
1254 3687 1338 3759 ἀέρος

251 3786 304 3836 καὶ.
322 3777 445 3842 ὕδατος
465 3778 480 3851 ἢ
500 3785 675 3854 πυρόςκαὶ
694 3783 804 3856 ἀέρος.
834 3791 968 3856 Διογένης
981 3779 1337 3858 μὲνοῦνὸᾌπολλωναέτης

229 3881 297 3930 ,καὶ
313 3872 501 3950 ’Λναξιμένης
522 3879 571 3937 τὸν
593 3879 660 3953 ἀέρα
682 3879 819 3936 ὑπέθεντο
843 3881 893 3950 τὴν
914 3880 1003 3954 ἀρχὴν
1026 3883 1110 3937 εἶναι·
1134 3924 1140 3937 .
1162 3925 1168 3938 .
1189 3926 1195 3938 .
1217 3881 1336 3941 'Aratu-

250 3974 404 4044 μανδρος
425 3975 461 4029 δὲ
486 3975 523 4030 τὸ
541 3976 668 4049 μεταξὺ
692 3972 826 4050 ἢάέρος
850 3984 907 4032 καὶ
926 3975 1049 4039 ὕδατος
1072 3973 1087 4046 ἢ
1107 3979 1209 4050 πυρὸς
1226 3975 1336 4034 xcidi-

251 4089 317 4138 ρος.
355 4072 417 4139 ἐπεὶ
432 4069 485 4143 γὰρ
504 4074 535 4127 έν
551 4075 584 4148 τῇ
600 4076 739 4150 μεταβολῇ
756 4077 788 4150 τῇ
813 4077 841 4136 ἐξ
858 4071 957 4134 ὕδατος
974 4079 1012 4135 εἰς
1031 4071 1099 4145 ἀέρα
1118 4073 1168 4129 οὐκ
1186 4075 1336 4149 ιἰμέσιοςγέ·

250 4183 323 4220 νεται
345 4160 526 4237 ἣμετοὶβασις
547 4169 628 4240 (haec
652 4170 806 4240 explicatio,
829 4175 871 4225 ost
893 4171 1064 4241 Philopoui)‚
1083 4209 1090 4224 .
1110 4211 1117 4225 .
1138 4211 1144 4226 .
1164 4172 1208 4229 τὸ,
1224 4167 1338 4244 μεταξὺ

250 4263 350 4316 τοῦτο
376 4263 471 4332 ἔλεγεν
499 4265 564 4320 εἶναι
593 4265 642 4332 τὴν
666 4263 762 4338 ἀρχήν,
793 4263 877 4337 ὅπερ
902 4265 1004 4337 ἀέρος
1030 4271 1097 4338 μέν
1122 4269 1194 4322 ἐστι
1226 4261 1336 4322 πυκνό-
