2864 4910
601 386 653 440 397

184 559 254 624 Hos
262 578 411 624 numeros
421 557 463 624 ab
474 577 513 624 eo
522 579 585 624 non
593 563 711 624 temere
722 564 873 643 aooeptos
883 558 942 625 sed
953 559 1190 625 rationeaovia

78 669 236 734 inuentos
246 687 329 749 esse,
339 689 379 734 ex
390 669 540 752 iispatet,
548 669 834 751 quaeaveteribus
844 667 885 734 de
895 649 956 734 hae
965 689 999 734 re
1009 668 1188 734 traduntur.

77 777 170 842 Nam
186 784 412 862 praeterquam
429 777 515 860 quod
530 777 694 844 Eudemus
716 779 758 844 ab
780 798 818 844 eo
841 777 1005 844 inventam
1021 797 1092 844 esse
1109 777 1189 843 dioit

76 889 160 952 rati
169 882 472 970 onemtadvidyov)
480 887 735 970 magnitudinum
746 893 777 952 et
785 887 1009 952 distantiarum
1022 886 1189 952 dimetien-

77 995 209 1074 darum,
233 995 288 1061 alii
301 1016 374 1062 eum
386 1002 519 1062 narrant
533 1015 756 1079 gnomonem
773 997 933 1061 invenisse
947 1015 1049 1078 eoque
1061 994 1104 1060 ad
1116 996 1188 1060 sol-

78 1106 236 1172 stitium
257 1105 504 1187 brumamque
527 1112 564 1170 et
580 1103 835 1187 aequinoctia
855 1103 1079 1188 eognosoenda
1096 1124 1188 1169 usum

79 1235 159 1280 esse
169 1215 203 1296 ¹).
249 1214 291 1282 st
313 1234 509 1297 quamquam
524 1234 635 1280 verum
653 1233 729 1280 esso
745 1213 882 1291 videtur,
907 1213 994 1295 quod
1008 1213 1189 1280 Herodotus

80 1330 207 1406 narrat,
231 1343 423 1408 gnomonem
438 1345 458 1389 a
473 1323 661 1406 Babyloniis
684 1325 849 1390 inventum
860 1325 974 1404 esse2),
996 1329 1103 1388 tamen
1125 1343 1189 1388 non

79 1433 228 1500 dubitari
251 1439 366 1518 potest,
389 1433 469 1516 quin
490 1409 731 1500 Anaximander
754 1452 827 1498 euru
851 1433 883 1514 in
905 1431 1076 1497 Graeciam
1099 1431 1190 1497 inve·

82 1544 174 1607 xerit
195 1542 293 1608 etad
324 1561 375 1608 res
398 1541 554 1608 eoelestes
582 1539 824 1624 oognosoendas
848 1539 1043 1626 adhibuerit.
1088 1540 1189 1606 Immo

82 1653 186 1717 etiarn
210 1651 367 1736 sphaerae
391 1650 585 1733 exoogitatio
608 1651 639 1715 ei
661 1649 856 1729 tribuiturll.

189 1759 254 1826 Sed
277 1781 415 1843 quonam
437 1760 606 1844 gnomonis
638 1778 698 1826 usu
732 1759 809 1826 solis
831 1759 993 1841 lunaeque
1024 1765 1056 1824 et
1076 1758 1189 1824 harum

84 1871 254 1936 stellarum
286 1870 476 1936 annulorum
508 1868 749 1952 magnitudines
777 1869 923 1935 invenire
946 1868 1070 1953 potuit?
1112 1869 1190 1935 Sine

84 1979 190 2044 dubio
212 1979 403 2044 annulorum
425 1977 665 2062 magnitudines
688 1999 706 2044 e
731 1979 894 2044 stellarum
911 1977 1072 2045 distantiis
1094 1979 1188 2044 ratio·

84 2087 229 2154 oinando
251 2087 368 2154 etieoit.
411 2087 450 2152 ln
472 2108 537 2170 qua
561 2107 605 2170 re,
627 2086 715 2170 quod
738 2087 780 2153 ad
801 2088 896 2154 lunae
910 2088 1097 2155 distantiam
1119 2108 1189 2173 per·

83 2197 175 2277 tinet,
199 2194 392 2262 monendum
405 2202 463 2278 est,
486 2195 764 2262 Anaximandrum
778 2195 856 2260 solis
872 2194 1031 2262 desectum
1047 2196 1189 2262 nondum

84 2305 126 2370 ab
152 2306 266 2370 umbra
296 2305 518 2370 subvenientis
541 2304 638 2369 lunae
669 2304 847 2388 repetiisse,
880 2324 1020 2387 ergoque
1043 2311 1189 2389 oportere

84 2414 172 2479 alias
192 2413 292 2480 tuisse
313 2433 456 2487 oaussas.
480 2434 535 2480 our
549 2415 659 2478 lunam
681 2414 749 2478 sole
765 2420 893 2498 putaret
908 2413 1092 2480 interiorem
1108 2435 1188 2480 esse.

85 2523 155 2590 Sed
178 2545 243 2607 qua
274 2523 399 2591 ratione
422 2525 590 2608 gnomonis
621 2543 681 2608 ope
715 2525 790 2589 solis
825 2531 857 2590 et
889 2525 984 2591 lunae
1017 2523 1188 2590 distantias
1281 2567 1283 2570 -

86 2654 283 2718 oognosoere
306 2633 435 2718 potuit?
467 2633 553 2699 'Num
576 2634 658 2699 torte
681 2640 886 2718 cognoverat,
910 2633 1022 2700 eodem
1045 2640 1189 2717 tempore

86 2741 235 2809 eiusdem
258 2745 428 2827 gnomonis
448 2744 594 2809 umbram
616 2749 672 2808 aut
693 2743 848 2808 maiorem
867 2749 923 2809 aut
937 2743 1093 2808 minorem
1107 2763 1189 2826 esse,

88 2858 187 2936 prout
210 2859 265 2918 aut
288 2854 320 2920 in
343 2853 476 2937 regione
498 2853 603 2936 magis
626 2848 869 2938 septentrionali
892 2859 947 2918 aut
969 2853 1073 2936 magis
1097 2853 1188 2918 meri-

192 3123 219 3193 1)
237 3123 271 3178 D.
290 3123 385 3178 Laert.
403 3123 438 3189 ΙΙ,
460 3127 487 3178 1:
512 3107 589 3194 „udos
618 3123 649 3176 δὲ
677 3125 723 3176 καὶ
740 3117 872 3194 γνώμονα
896 3123 1002 3193 πρῶτος
1024 3126 1068 3178 καὶ
1093 3124 1190 3190 ἔστησε

87 3221 134 3274 ἐπὶ
151 3219 208 3274 τῶν
226 3214 383 3290 σκιοθήρων
409 3220 440 3274 ἐν
459 3220 661 3291 Λακεδαίμονι,
680 3214 754 3272 καθά
774 3236 846 3292 φησι
863 3225 1018 3289 Φαβορῖνος
1041 3221 1071 3274 ἒν
1089 3237 1189 3274 παντο·

86 3317 162 3390 daupi
182 3319 297 3386 ἱστορίᾳ,
316 3311 418 3387 τροπάς
443 3334 471 3370 τε
496 3319 542 3368 καὶ
566 3319 709 3388 ἰσημερίας
729 3317 925 3386 σημαίνονταιι.
964 3315 1065 3372 Euseb.
1090 3315 1188 3386 Praep.

86 3413 138 3468 Ev.
159 3413 194 3481 X,
218 3415 258 3474 14,
280 3415 324 3466 ll:
346 3399 440 3482 „uiuos
458 3408 640 3483 (ὁ’Λναξίμ.)
659 3408 842 3482 γνώμονας
860 3409 1085 3468 κατεσκεύασε
1104 3410 1190 3484 πρὸς

87 3506 283 3578 διάγνωσιν
309 3510 447 3579 τροπῶν
467 3527 501 3562 τε
520 3509 613 3579 ἡλίου
636 3514 682 3563 καὶ
702 3503 814 3581 χρόνων
837 3515 882 3563 καὶ
907 3509 986 3581 ώρῶν
1010 3513 1054 3564 καὶ
1075 3513 1190 3581 ἰσημε-

86 3606 192 3674 ρίας“.
229 3605 334 3662 Eadem
353 3606 535 3662 inveniuntur
554 3607 629 3676 apud
648 3606 762 3662 Suidam
781 3625 801 3662 s.
822 3626 849 3662 u,
866 3603 1099 3680 Ἀναξίμανδρος,
1119 3601 1189 3676 γνώ-

86 3721 158 3772 μων,
176 3697 357 3774 ἡλιοτρόπιον.
394 3703 511 3768 Plinius,
531 3705 579 3772 qui
599 3703 634 3772 11,
655 3705 698 3772 76,
719 3721 789 3773 quae
809 3704 948 3774 Diogenes
967 3704 1001 3758 de
1019 3704 1188 3758 Anaximan-

87 3797 139 3853 dro
159 3797 256 3870 refert,
276 3799 310 3854 de
328 3801 503 3854 Anaximene
521 3800 599 3869 dicit,
618 3799 677 3855 sine
695 3800 781 3854 dubio
800 3805 884 3854 errat.

196 3896 223 3964 2)
240 3895 343 3950 Herod.
362 3897 397 3966 11,
416 3899 478 3951 109:
511 3891 615 3966 „rudior
637 3893 765 3967 μὲνγὰρ
787 3900 832 3950 καὶ
854 3891 1013 3969 γνώμονα.
1034 3937 1040 3952 .
1063 3938 1068 3951 .
1088 3939 1094 3952 .
1115 3894 1190 3968 παρὰ

90 3993 273 4060 Βαβυλωνίων
291 3993 402 4063 ἔμαθον
421 3995 447 4046 οἱ
459 3987 611 4059 Ἕλληνες.“

189 4088 306 4156 s)P1in.
341 4089 402 4159 VII,
432 4093 476 4144 16:
519 4089 688 4160 „Sphaeram
722 4090 752 4144 in
788 4108 821 4144 ea
854 4090 1031 4161 (astrologia)
1061 4091 1187 4146 Milesius

88 4185 299 4240 Anaximander
317 4186 471 4256 (invenit).“
509 4185 585 4240 Idem
604 4186 640 4254 11,
658 4189 675 4240 2
694 4187 754 4240 init.
774 4187 908 4256 sphaerae
927 4187 1116 4244 inventionem
1130 4191 1185 4240 At-

89 4282 162 4338 lanti
180 4282 290 4336 tribuit.
