2882 4902
812 374 847 428 34

274 549 354 616 tatio
377 549 508 631 quosvis
530 546 763 630 magnitudinis
784 546 864 613 fines
886 549 1143 632 transgrediatur
1164 556 1196 616 et
1211 569 1367 632 nunquam

273 657 315 723 ad
338 656 520 740 quidquam
537 657 684 722 ultimum
703 655 879 738 perveniat,
907 663 1077 740 propterea
1098 658 1227 743 reipsa
1248 678 1366 741 qnoque

274 766 363 833 credi
381 765 539 830 infinitam
561 772 653 830 extra
676 763 827 829 mundum
845 765 1064 830 extensionem
1087 784 1157 832 esse
1179 773 1211 830 et
1234 786 1366 850 corpus

273 873 475 940 infinitum
497 879 529 939 et
548 871 859 938 innumerabiles·
877 871 1075 952 mundos1).
1111 873 1216 951 Quam
1239 875 1364 958 quidem

273 984 430 1050 rationem
443 981 487 1048 ad
502 980 777 1048 Anaximandrum
800 1001 925 1065 quoque
948 983 1117 1066 pertinere,
1138 983 1278 1066 primum
1296 983 1364 1046 inde

272 1093 421 1158 concludi
446 1098 581 1176 oportet,
615 1091 701 1174 quod
715 1091 913 1158 Aristoteles
939 1112 1010 1158 eam
1032 1090 1113 1158 dicit
1135 1092 1277 1160 omnium
1297 1112 1364 1176 gra-

274 1203 442 1269 vissimam
464 1220 535 1268 esse
559 1207 591 1266 et
608 1201 756 1267 omnibus
781 1200 984 1286 philosophis
999 1221 1211 1284 communem,
1234 1221 1363 1284 namque

274 1312 403 1378 omnino
427 1309 617 1377 incredibile
641 1318 699 1391 est,
722 1310 929 1376 Aristotelem
951 1310 991 1376 de
1013 1310 1137 1378 infinito
1153 1311 1362 1397 disputantem

273 1422 456 1508 opinionem
478 1420 640 1503 quandam
663 1418 822 1485 dicturum
846 1419 946 1486 l'uisse
971 1421 1118 1490 omnibus
1139 1439 1210 1487 esse
1232 1439 1362 1486 eommu-

272 1550 353 1604 nem‚
388 1531 452 1596 nisi
474 1551 545 1596 eam
571 1529 613 1595 ad
642 1530 733 1594 illum
767 1548 892 1612 quoque
930 1531 1090 1614 pertinere
1124 1531 1281 1609 scivisset,
1312 1531 1360 1612 qui

271 1642 393 1724 primus
418 1640 535 1706 infiniti
559 1641 720 1704 notionem
744 1639 939 1719 induxisset;
973 1647 1040 1705 tum
1062 1639 1147 1723 inde,
1170 1639 1265 1723 quod,
1286 1659 1360 1722 quse

272 1750 314 1815 ab
329 1750 501 1816 Aristotele
519 1748 561 1814 ad
577 1748 661 1815 hanc
675 1751 831 1816 rationem
846 1749 1072 1832 adiunguntur,
1096 1748 1222 1814 infinita
1236 1755 1360 1814 naturae

272 1878 444 1944 corporeae
469 1863 562 1924 extra
582 1859 735 1924 mundum
755 1858 901 1924 extensio
924 1865 955 1923 et
978 1858 1230 1924 innumerabiles
1249 1844 1359 1936 mnndi,

234 2018 240 2030 .
272 1988 343 2033 cum
364 1968 599 2034 Anaximandri
621 1968 777 2046 doctrina,
802 1974 836 2032 ut
856 1967 1009 2052 deinceps
1024 1966 1217 2052 ostendetur,
1239 1966 1359 2034 omnino

272 2079 474 2144 conveniunt.
518 2078 602 2143 Num
626 2099 697 2144 eam
720 2097 845 2160 qnoque
867 2077 1025 2143 rationem
1048 2076 1250 2160 adhibuerit,
1272 2095 1359 2158 quam

271 2186 462 2254 Aristoteles
478 2187 591 2254 eodem
606 2188 676 2252 loeo
692 2188 739 2253 sie
752 2187 862 2252 refert:
885 2207 978 2252 omne
993 2206 1118 2271 eorpus,
1141 2185 1228 2268 quod
1244 2165 1358 2250 linitum

271 2296 323 2372 sit,
345 2296 430 2362 finiri
453 2296 494 2362 ab
518 2296 582 2362 alio
605 2295 718 2362 et'hoo
741 2279 850 2361 rursus
872 2296 913 2362 ah
936 2297 1014 2379 alio,
1047 2304 1079 2360 et
1111 2295 1186 2360 hinc
1209 2294 1302 2376 effici,
1328 2299 1358 2358 ut

270 2412 370 2472 totum
392 2414 539 2490 oporteat
560 2425 632 2472 esse
653 2405 828 2482 infinitum,
853 2425 911 2470 neo
931 2404 1167 2471 adfirmaverim
1192 2425 1250 2470 nec
1269 2422 1358 2485 noga-

270 2517 381 2596 verim‚
405 2517 556 2599 quoniam
572 2517 701 2580 omnino
717 2514 842 2598 desunt,
865 2516 980 2598 quibus
993 2514 1088 2580 huius
1108 2515 1156 2580 rei
1178 2511 1357 2578 diiudicatio

271 2627 403 2692 nitatur·
1087 2704 1093 2708 „

370 2739 439 2802 Iam
461 2756 537 2801 vero
560 2734 644 2800 obici
666 2734 785 2819 possit,
808 2735 842 2799 in
864 2741 932 2799 tota
957 2733 1019 2798 han
1043 2732 1082 2798 de
1110 2731 1237 2798 infinito
1258 2731 1355 2813 dispu-

269 2846 390 2911 tatione
413 2846 567 2910 maiorem
589 2845 677 2912 cerni
698 2851 799 2910 artem
822 2842 1012 2918 disserendi,
1035 2862 1131 2925 quem
1150 2861 1233 2924 quae
1247 2838 1354 2906 Anaxi·

270 2956 412 3039 mandre,
435 2956 555 3038 quippe
575 2953 608 3018 in
630 2951 855 3037 philosophiae
879 2953 980 3018 initiis
996 2954 1178 3035 constituto,
1203 2969 1293 3036 posse
1312 2948 1353 3012 vi·

269 3066 383 3132 deatnr
404 3065 510 3130 tribui.
534 3062 624 3140 Quae
646 3063 806 3130 sententia
828 3083 899 3128 curn
920 3062 1000 3128 duas
1024 3062 1187 3128 contineat
1208 3059 1353 3144 quaestio-

270 3195 337 3252 nes,
361 3194 495 3258 querum
510 3174 612 3238 altera
627 3171 670 3238 ad
687 3173 789 3238 solum
809 3171 1082 3237 Anaximandrum
1096 3171 1243 3257 pertinet,
1264 3169 1353 3233 altera

269 3285 430 3366 generalis
453 3289 510 3361 est,
535 3282 574 3348 de
598 3289 732 3364 utraque
755 3301 897 3346 seorsum
920 3280 1089 3346 dicendum
1113 3287 1170 3346 est.
1292 3268 1298 3286 '

370 3395 474 3474 Atque
497 3393 538 3458 de
554 3389 796 3456 Anaximandro
816 3390 945 3473 quidem
969 3389 1048 3455 satis
1070 3390 1172 3456 multa
1193 3396 1274 3471 sunt,
1294 3384 1351 3468 qui-

234 3571 239 3581 ,
270 3501 339 3575 bus,
363 3503 523 3584 insignem
546 3501 707 3583 quandam
730 3501 763 3564 in
785 3500 845 3565 hoo
859 3501 929 3565 viro
951 3500 1050 3564 fuisse
1073 3498 1277 3582 cogitationis
1298 3495 1351 3558 vim

268 3608 308 3676 ac
329 3610 557 3693 subtilitatem,
593 3610 770 3676 luculenter
793 3609 987 3675 ostendatur.
1032 3608 1094 3686 Qui
1117 3608 1240 3692 primus
1267 3623 1350 3672 amus

271 3719 313 3783 sit
327 3726 444 3783 terram
466 3718 568 3784 fulcro
591 3719 704 3783 orbare
725 3737 866 3799 eamque
883 3718 916 3790 in
940 3717 1045 3782 medio
1069 3717 1188 3782 mundo
1211 3715 1350 3800 pensilem
1426 3735 1427 3744 ¹

370 3887 396 3957 l)
415 3888 533 3942 Aristoh.
546 3886 628 3955 Phys.
643 3887 691 3948 ΙΙΙ,
703 3889 727 3940 4,
738 3884 807 3940 203Ῐ)
821 3888 868 3938 22:
888 3880 1023 3956 „palluere
1038 3885 1070 3938 δὲ
1083 3889 1127 3938 καὶ
1146 3878 1350 3955 κυριώτατον,
1426 3877 1427 3952 ζ

266 3979 349 4052 hulpa
369 3982 487 4051 κοινὴν
510 3990 586 4037 ποιεῖ
604 3979 724 4052 ἀπορίαν
741 3983 863 4036 πᾶσιν·
892 3980 937 4034 dni
966 3983 1019 4051 γὰρ
1044 3979 1075 4035 τὸ
1105 3982 1135 4035 ἐν
1152 3983 1185 4054 τῇ
1211 3975 1298 4048 νοήσει
1319 3971 1350 4048 μὴ
1426 3981 1427 4032 3

266 4083 424 4138 ὑπολείπειν
442 4088 488 4136 καὶ
506 4082 521 4137 ὁ
540 4080 661 4154 ἀριθμὸς
679 4082 756 4135 δοκεῖ
771 4077 883 4150 ἄπειρος
902 4081 970 4134 εἶναι
995 4085 1040 4134 καὶ
1060 4081 1092 4134 τὰ
1111 4078 1292 4152 μαθηματικὰ
1313 4093 1351 4147 με·
1426 4115 1427 4188 p

266 4185 338 4249 ys‘ttq
357 4185 402 4233 καὶ
427 4179 464 4234 τὸ
485 4182 547 4240 ἔξω
566 4181 622 4234 τοῦ
641 4176 805 4250 οὐρανοῦ*
825 4176 969 4249 ἀπείρου
989 4178 1027 4230 dt
1046 4172 1141 4236 ὄντος
1158 4179 1219 4230 τοῦ
1238 4179 1292 4236 ἔξω
1308 4174 1349 4229 tel

268 4277 365 4346 σῶμα
386 4270 527 4346 ἄπειρον
545 4277 610 4330 εἶναι
632 4278 805 4329 δοκεῖκαὶ
823 4271 973 4346 κόσμοι“.
