2882 4902
544 395 670 458 ‚61

68 587 123 633 un
134 587 206 635 um
236 569 348 636 solum
378 568 421 636 sit
450 571 591 636 omnium
621 589 788 656 aorporum
811 573 1003 640 elementum
1026 595 1068 640 an
1090 575 1201 660 plura3

68 683 145 743 tum
182 680 226 744 in
262 679 484 764 disputatione
506 680 547 746 de
570 680 747 764 materia,
775 701 814 747 ea
840 690 940 766 parte,
974 703 1038 766 qua
1066 687 1203 768 quaerit,

71 797 196 855 utrum
225 811 309 856 una
330 791 433 856 solum
455 797 487 855 et
508 790 651 874 ipsorum
674 796 825 873 quattuor
851 792 1078 860 elementorum
1101 803 1133 861 et
1154 816 1203 862 re-

70 899 264 981 liquorum
287 919 455 982 corporum
471 899 608 964 materia
630 899 673 964 sit
687 919 729 964 au
742 899 867 983 plures3
891 900 1031 985 denique
1043 903 1078 968 in
1093 904 1202 989 dispu-

71 1009 220 1074 tatione
239 1009 284 1074 de
306 1009 482 1090 infinito,
505 1028 545 1073 ea
561 1014 661 1092 parte,
684 1028 759 1091 qua,
782 1009 899 1092 quibus
911 1013 1007 1078 rebus
1029 1014 1202 1097 asingulis

73 1117 308 1202 pbilosophis
329 1117 473 1183 infinitas
494 1118 662 1195 tribuatur,
687 1121 829 1204 exponit.
873 1120 976 1205 Unde,
996 1128 1032 1187 ut
1052 1121 1112 1188 boo
1133 1124 1203 1189 bre·
1228 1149 1231 1155 ·

74 1227 171 1293 viter
198 1227 350 1304 inioiam,
373 1227 438 1292 iam
461 1233 567 1310 potest
589 1229 741 1313 prospici,
774 1219 924 1294 naturam
954 1229 1044 1296 illam
1067 1231 1108 1296 ab
1137 1233 1223 1298 ele-‘

75 1338 214 1402 mentis
240 1335 406 1401 diversam
430 1337 471 1401 ab
494 1337 545 1414 iis,
568 1337 624 1419 qui
646 1357 716 1402 eam
732 1342 884 1420 statuant,
910 1337 1056 1423 intellegi
1079 1341 1201 1424 ipsum

75 1447 121 1512 id
147 1445 268 1530 quod
289 1451 349 1511 est
381 1447 432 1510 vel
465 1463 577 1511 uuum
609 1448 774 1512 omnium
808 1467 930 1513 rerum
959 1449 1201 1534 principium,

77 1556 226 1640 hocque
251 1575 349 1620 uuum
372 1555 567 1639 prineipium
589 1555 717 1622 illorum
737 1557 898 1623 sententia
918 1558 960 1623 ad
985 1558 1130 1642 singulas
1150 1580 1202 1627 res

79 1670 132 1734 ita
157 1689 203 1734 se
227 1667 361 1750 habere,
392 1673 427 1732 ut
460 1687 557 1732 unum
590 1669 732 1734 omnium
755 1671 983 1736 elementum
1002 1671 1054 1747 sit,
1086 1671 1121 1736 id
1144 1681 1202 1756 est,

78 1788 129 1857 ut,
155 1776 440 1861 quemadmodum
464 1783 614 1860 quattuor
636 1779 694 1843 illa
722 1797 806 1861 quae
835 1780 933 1863 vulgo
962 1780 1113 1848 dicuutur
1139 1783 1201 1848 ele·

80 1894 219 1971 menta,
255 1886 477 1953 substantia
504 1886 693 1971 quaedam
726 1888 776 1953 sit
806 1899 1000 1974 corporea,
1029 1911 1047 1956 e
1073 1911 1138 1974 qua
1171 1901 1203 1960 et

83 1997 170 2080 ipsa
196 1997 259 2062 illa
280 2003 431 2080 quattuor
452 1999 611 2062 elementa
642 2003 674 2063 et
707 1999 833 2080 reliqua
859 2018 994 2083 corpora
1021 2008 1202 2085 nascautur,

83 2113 199 2189 utque
222 2104 308 2172 bauo
330 2107 371 2172 ob
394 2127 543 2173 caussam
571 2107 696 2173 ratione
725 2108 852 2174 illorum
875 2109 1105 2176 elementorum
1128 2114 1202 2178 reli-

86 2236 303 2299 quorumque
324 2236 494 2300 corporum
519 2223 668 2283 naturam
697 2217 814 2284 habeat
839 2220 1027 2286 materiae
1054 2221 1201 2288 omnibus

86 2325 287 2402 subiectae,
311 2325 435 2409 hosque
459 2346 555 2392 uuum
571 2328 713 2393 omnium
735 2347 840 2394 rerum
859 2328 1052 2413 principium
1076 2331 1116 2396 ab
1135 2330 1202 2396 illis

89 2436 201 2533 statui
225 2453 297 2500 esse
321 2434 530 2500 infinitum.
576 2434 641 2501 Sed
671 2436 736 2501 iam
769 2437 832 2520 ipsi
854 2436 1038 2504 Aristotelis
1061 2439 1124 2504 loei
1146 2439 1202 2505 ad-

88 2543 228 2609 serendi
253 2550 336 2620 suut,
360 2563 440 2626 quos
463 2544 509 2609 ita
531 2544 758 2624 indicabimus,
781 2551 816 2610 ut
838 2545 943 2628 simul,
968 2565 1050 2629 quae
1072 2567 1201 2632 quoque

88 2654 170 2718 loeo
194 2653 427 2718 sententiarum
451 2653 493 2718 sit
514 2655 625 2733 series,
650 2661 817 2740 appareat.

201 2761 316 2845 ltaque
328 2763 477 2845 primum,
499 2769 534 2827 ¹ut
550 2783 572 2842 a
587 2763 657 2828 loeo
672 2783 750 2848 prae
762 2764 879 2830 ueteris
890 2765 984 2848 gravi
996 2765 1202 2849 incipiamus,

92 2872 131 2937 in
158 2871 264 2954 primo
279 2870 494 2956 Physieorum
514 2873 608 2955 libro,
632 2873 688 2955 ibi,
711 2872 766 2938 ubi
789 2872 830 2938 de
856 2873 897 2940 iis
913 2873 1068 2958 disputat,
1091 2876 1148 2957 qui
1167 2874 1201 2939 id

92 2979 190 3064 quod
211 2986 260 3045 est
282 3001 381 3046 unum
403 3000 475 3046 esse
496 2981 607 3065 velint,
629 2981 784 3066 physicos
806 3003 935 3066 quoque
958 2991 1201 3066 memoratam,

95 3088 159 3171 qui
183 3088 215 3154 id
238 3090 326 3172 quod
357 3097 406 3156 est
436 3111 533 3157 unum
553 3091 665 3157 dicant
693 3112 775 3175 esse,
808 3113 867 3158 ueo
899 3113 976 3159 vero
1009 3093 1112 3159 iorma
1132 3095 1203 3160 sive

93 3199 241 3281 notione,
264 3199 534 3281 quemadmodum
556 3201 702 3283 Eleatae,
726 3201 784 3267 sed
806 3202 998 3282 subiecto,
1021 3201 1056 3267 id
1071 3208 1130 3284 est,
1153 3223 1202 3286 eo,

95 3307 190 3391 quod
211 3327 308 3372 uuum
334 3307 481 3374 omuibus
510 3309 606 3374 rebus
628 3309 825 3393 principium
853 3309 951 3392 idque
980 3309 1111 3393 quidem
1134 3331 1202 3378 eor·

96 3433 234 3501 poreum
257 3416 439 3482 subiectum
461 3417 512 3495 sit,
537 3418 658 3501 bosque
681 3438 720 3484 so
741 3418 776 3483 in
798 3417 880 3484 duas
902 3427 1010 3503 partes
1026 3420 1201 3507 distribuit,

98 3523 188 3608 quod
210 3525 305 3591 alteri
320 3545 419 3590 uuum
434 3545 453 3590 e
468 3526 570 3592 tribus
583 3527 762 3609 elementis,
785 3529 880 3593 alteri
896 3535 1070 3594 naturam
1091 3549 1202 3613 quan·

100 3635 189 3700 dam
212 3637 258 3701 ab
281 3635 342 3700 his
365 3635 573 3718 diversam,
595 3638 818 3705 densiorem
836 3638 965 3721 quidem
987 3640 1089 3724 igue,
1110 3660 1202 3707 aere

101 3749 228 3811 autem
255 3745 507 3812 subtiliorem
539 3746 620 3812 illud
649 3746 845 3831 principium
877 3755 1022 3815 statuant
1033 3753 1065 3829 ¹).
1119 3750 1204 3816 Huic

205 4007 232 4075 l)
250 4007 331 4077 Phys.
351 4008 373 4076 I,
398 4010 424 4063 4.
450 4011 577 4064 187012:
607 4008 661 4079 „uic
684 4010 716 4064 δὲ
739 4013 766 4064 οἱ
788 4015 902 4084 φυσικοὶ
924 4015 1034 4082 λέγουσι
1055 4010 1096 4083 (τὸ
1117 4005 1150 4068 ὃν
1173 4012 1204 4068 ἓν

105 4100 194 4171 εἶναι),
212 4098 261 4156 uto
279 4099 377 4176 τρόποι
397 4108 478 4159 εἰσιν·
508 4109 535 4159 οἱ
561 4101 625 4179 μὲν
639 4103 693 4177 γὰρ
716 4107 748 4162 ἓν
772 4104 936 4176 ποιήσαντες
958 4106 989 4162 τὸ
1013 4103 1047 4163 ὂν
1071 4109 1153 4181 σῶμα
1171 4104 1202 4164 τὸ

109 4196 330 4271 ὑποκείμενον,ἢ
354 4206 409 4258 τῶν
426 4205 510 4274 τριῶν
536 4225 562 4257 τι
585 4199 601 4271 ἢ
625 4198 704 4258 ἄλλο
729 4201 745 4258 ὅ
771 4207 842 4259 ἔστι
868 4204 971 4276 πυρὸς
997 4207 1063 4277 μὲν
1085 4203 1202 4262 πυκνό-

108 4310 203 4362 τερον
222 4293 322 4367 ἀέρος
340 4300 358 4352 d
364 4300 376 4352 ὲ
396 4297 607 4371 λεπτότερον,
627 4293 709 4354 τᾶλλα
721 4303 839 4373 γεννῶσι
851 4298 995 4370 πυκνότητι
1015 4307 1060 4356 καὶ
1071 4299 1204 4375 μανότητι
