2860 4906
633 377 685 433 225

92 549 330 617 elementorum
353 570 436 633 esse,
470 558 535 633 aut,
569 553 599 617 si
622 559 771 618 neutram
802 552 916 619 barum
945 557 1136 638 qualitatum
1157 556 1212 624 ha·

94 658 200 742 beret,
223 679 335 725 rursus
358 666 520 744 oporteret
542 669 598 727 aut
627 660 740 728 borum
768 664 998 731 elementorum
1022 666 1209 733 mixtionem

90 787 166 833 esse
201 775 257 835 aut
296 771 463 835 materiam
486 771 602 852 quavis
637 773 796 854 qualitate
834 772 968 839 definita
1005 782 1168 842 carentem
1179 780 1209 856 ¹).

90 879 184 962 Ergo
209 881 243 944 in
270 879 336 945 illis
357 880 543 947 Aristotelis
568 880 677 948 verbis
714 881 796 947 nihil
831 889 888 961 est,
922 883 1007 966 quod
1042 905 1105 950 non
1136 905 1208 952 oum

88 989 266 1072 proposita
287 989 352 1054 looi
374 990 592 1073 explicatione
615 991 745 1056 omnino
768 991 960 1058 consentiat.

197 1097 317 1164 Verum
339 1118 404 1164 una
427 1100 524 1165 etiam
548 1098 709 1165 dubitatio
736 1106 849 1167 restat.
893 1101 1087 1168 Aristoteles
1122 1103 1207 1168 enim

91 1215 124 1273 et
147 1207 213 1274 boo
235 1215 268 1273 et
289 1208 365 1273 aliis
388 1208 476 1287 loeis,
506 1209 625 1291 quibus
655 1217 802 1276 naturam
836 1212 920 1276 inter
953 1210 1018 1277 duo
1050 1212 1210 1277 elementa

91 1319 240 1384 mediam
262 1325 428 1400 memorat,
456 1318 539 1385 hane
561 1321 664 1386 altero
700 1321 859 1386 elemento
890 1320 1073 1387 densiorem
1107 1323 1208 1388 altero

90 1435 204 1494 autem
228 1427 429 1494 subtiliorem
451 1429 541 1495 dicit.
587 1430 702 1513 Itaque
726 1429 807 1496 haee
829 1436 945 1496 natura
967 1435 1052 1496 oerte
1067 1431 1208 1513 quadam

91 1537 270 1604 densitatis
293 1545 325 1603 et
347 1538 537 1604 subtilitatis
563 1539 861 1606 rationedelinitur.
900 1539 980 1605 Cum
1003 1546 1111 1606 autem
1127 1539 1208 1606 haee

89 1654 213 1714 natura
235 1648 291 1712 illa
313 1649 484 1731 elementa,
508 1648 625 1731 quibus
651 1655 707 1715 ant
731 1647 864 1714 densior
885 1654 940 1714 aut
963 1648 1113 1714 subtilior
1135 1657 1207 1715 esse

92 1757 224 1841 dieitur,
249 1777 290 1822 ex
312 1776 384 1822 sese
399 1758 581 1842 progignat,
604 1756 685 1822 haee
698 1757 866 1840 generatio
892 1764 978 1824 oerte
999 1778 1062 1823 non
1086 1757 1122 1823 lit
1136 1758 1207 1824 sine

91 1867 238 1950 quadam
254 1867 358 1951 ipsius
381 1867 630 1933 condensatione
655 1874 687 1932 et
703 1868 932 1942 rarefaotione;
954 1873 1053 1950 atque
1076 1887 1148 1933 eum
1164 1869 1206 1934 ab

91 1978 266 2043 elementis
290 1994 330 2042 ex
351 1977 425 2060 ipsa
447 1978 527 2042 ortis
546 1976 687 2041 maxime
711 1997 770 2042 suo
787 1976 958 2043 densitatis
974 1977 1207 2044 subtilitatisve

92 2087 200 2168 gradu
223 2085 449 2170 distinguatur,
477 2085 573 2152 laoile
597 2086 761 2168 quispiam
790 2087 950 2170 suspirari
972 2088 1084 2172 possit,
1107 2087 1207 2152 etiam

91 2215 202 2262 rerum
219 2196 461 2279 generationem
476 2196 608 2280 proprie
623 2215 688 2260 non
705 2197 765 2261 nisi
781 2197 814 2260 in
833 2195 1086 2262 condensatione
1110 2201 1142 2262 et
1157 2217 1206 2262 ra·

91 2307 275 2372 refaotione
308 2307 494 2371 eonsistere.
538 2305 589 2382 Ad
616 2323 720 2387 ,quam
754 2304 990 2371 dubitationem
1016 2306 1206 2372 solvendam

93 2415 154 2481 boe
177 2417 250 2481 loeo
273 2415 306 2482 id
329 2417 432 2481 solum
454 2415 645 2499 respondeo,
668 2414 862 2499 aliudesse,
891 2435 1124 2482 cumrerum
1148 2436 1206 2499 ge-

93 2526 303 2590 neratione
337 2525 684 2591 condensationem
715 2531 752 2590 et
787 2525 1098 2591 rarefaotionem
1121 2545 1207 2590 oon-

93 2636 284 2715 iunetam,
306 2653 401 2716 esse,
434 2633 534 2717 aliud,
568 2635 696 2718 ipsam
725 2635 1020 2716 generationem
1054 2636 1207 2701 insola

93 2744 412 2811 condensatione
445 2751 484 2810 et
505 2744 783 2829 rarefaotione
811 2743 1044 2810 consistere.
1089 2743 1124 2810 Si
1145 2744 1206 2810 hoo

94 2856 238 2938 ponitur,
265 2852 415 2919 diversae
442 2873 547 2918 rerum
570 2853 744 2936 qualitates
771 2853 852 2919 nihil
885 2860 961 2919 sunt
994 2853 1060 2919 nisi
1084 2853 1205 2919 diversi

95 2963 270 3030 densitatis
294 2970 326 3028 et
343 2964 484 3028 raritatis
505 2962 644 3046 gradus;
667 2963 695 3028 si
719 2962 799 3028 illud
823 2965 960 3048 ponitur,
984 2965 1074 3048 ipsae
1101 2962 1206 3028 diver-

95 3095 151 3140 sae
178 3091 286 3139 rerum
322 3073 492 3154 qualitates
525 3073 656 3137 notione
689 3079 776 3138 certe
809 3074 932 3156 priores
966 3079 1048 3155 sunt,
1082 3075 1127 3138 ita
1160 3079 1206 3148 ut,

95 3183 246 3266 quamvis
269 3203 340 3248 oum
365 3183 491 3247 illarum
515 3189 586 3247 ortu
608 3182 703 3247 simul
719 3184 863 3247 oriantur
878 3183 974 3247 etiam
991 3182 1112 3248 diversi
1128 3181 1205 3248 den·

96 3293 205 3360 sitatis
231 3299 263 3358 et
285 3293 428 3358 raritatis
455 3291 585 3375 gradm,
609 3290 721 3356 horum
752 3298 859 3357 tamen
882 3298 970 3356 ortus
1002 3291 1044 3357 ab
1077 3291 1205 3357 illarum

95 3411 168 3470 ortu
200 3401 351 3486 pendeat.
394 3402 499 3482 Atque
522 3399 602 3465 haee
625 3403 783 3484 posterior
804 3402 885 3466 ratio
907 3420 947 3466 ea
969 3406 1026 3484 est,
1058 3419 1140 3483 quae
1163 3399 1206 3466 ad

95 3510 375 3578 Anaximandrum
401 3508 554 3594 pertinet3
589 3507 622 3574 id
647 3507 732 3592 quod
762 3516 875 3591 postea
898 3510 1077 3574 aoouratius
1100 3515 1205 3575 osten-

96 3621 201 3687 detur.

197 3730 311 3812 Itaque
346 3728 476 3796 tandem
515 3729 645 3794 omnino
673 3728 928 3794 demonstratum
960 3745 1032 3794 esse
1067 3726 1203 3812 videtur,

96 3846 196 3922 atque
224 3838 477 3904 demonstratum
510 3837 641 3921 quidem
676 3855 717 3902 ex
749 3839 850 3921 ipsius
884 3837 1068 3903 Aristotelis
1101 3837 1205 3913 libris,

201 4168 227 4238 1)
245 4167 312 4223 Gen.
338 4168 415 4222 Corr.
434 4167 470 4233 ΙΙ,
495 4171 519 4222 1.
544 4169 645 4220 32958
669 4170 697 4220 et
717 4169 742 4221 5.
766 4167 898 4220 332220.
926 4166 990 4221 vid.
1017 4183 1101 4235 supra
1122 4183 1149 4234 p.
1170 4165 1206 4219 dt

97 4269 156 4319 not.
180 4267 193 4316 l
215 4269 243 4319 et
262 4281 289 4334 p.
308 4267 343 4318 66
362 4269 419 4319 not.
441 4268 466 4318 l.

971 4362 1003 4414 15
