2862 4910
612 405 663 458 ³41

70 578 108 636 ut
140 579 266 638 natura
296 569 430 635 humida
460 570 601 635 medium
637 569 742 635 locum
766 577 910 653 occupet,
945 575 1060 635 natura
1090 569 1189 652 ignea

69 681 171 746 illam
194 683 355 766 sphaerae
382 679 478 746 modo
507 679 652 761 undique
674 681 794 763 cingat.
839 680 981 758 Quarum
1000 686 1186 744 naturarum

70 791 262 857 efficientia
283 790 436 874 iam-ipsi
460 788 571 854 mundi
594 809 781 872 omnesque,
803 810 888 872 quac
910 790 944 853 in
967 790 1009 855 iis
1032 795 1115 871 sunt,
1134 808 1188 854 res

70 901 266 984 singulares
290 900 449 975 criuntur3
472 910 586 963 natura
608 873 739 962 humida
761 905 811 963 est
833 898 876 979 id,
902 919 920 963 e
947 918 1020 980 quo
1051 899 1188 980 omnia,

12 1047 16 1056 ·
69 1016 200 1074 natura
221 1011 319 1093 ignca
341 1010 385 1091 id,
407 1028 479 1089 quc
505 1007 715 1073 efficiente
740 1026 782 1072 ex
803 1007 860 1072 illa
876 1009 982 1072 omnia
1000 1007 1186 1090 gignuntur.

185 1137 254 1202 lam
277 1135 471 1218 principium
493 1133 653 1198 infinitum
677 1133 929 1198 innumerabiles
952 1135 1026 1198 illos
1044 1133 1186 1198 mundes

72 1265 116 1310 ex
140 1249 217 1330 ipso
251 1251 337 1310 ortes
368 1244 402 1309 in
434 1265 536 1327 coque
560 1244 691 1328 paribus
725 1243 904 1308 intervallis
947 1243 1106 1308 distantes
1141 1243 1187 1306 ita

73 1358 234 1437 continet,
266 1361 302 1420 ut
332 1361 364 1419 et
396 1355 581 1438 singillatim
610 1355 869 1434 unumquemque
898 1371 1007 1416 eorum
1032 1359 1065 1419 et
1093 1354 1187 1417 simul

75 1485 196 1530 omnes
218 1465 259 1529 ab
284 1463 429 1530 omnibus
453 1464 599 1546 partibus
622 1463 832 1545 amplectatur
855 1459 1011 1544 (περιέχει
1032 1456 1185 1544 ἅπαντα),

74 1573 292 1657 Amplectens
314 1579 422 1638 autem
438 1592 493 1638 eos
516 1580 548 1637 et
569 1578 677 1656 partes
691 1591 801 1636 eorum
813 1571 968 1654 deinceps
990 1571 1185 1635 intercuntes

75 1683 111 1748 in
135 1703 212 1749 sese
234 1684 352 1767 recipit
379 1689 411 1747 ct
437 1703 478 1748 ex
501 1701 572 1747 sese
598 1701 726 1764 semper
747 1701 849 1745 novas
872 1686 981 1764 partes
1004 1681 1036 1744 in
1059 1699 1114 1745 eos
1136 1698 1183 1744 se·

76 1796 193 1874 cernit,
227 1792 350 1875 hacque
381 1812 414 1857 re
437 1813 493 1859 eos
515 1799 670 1876 perpetuo
698 1793 758 1856 alit
787 1797 885 1872 atque
908 1796 1086 1871 conservat,
1109 1788 1184 1856 dum

77 1907 205 1966 statuta
238 1908 382 1984 tempore
421 1903 551 1984 peracto
587 1907 671 1965 totos
695 1900 728 1963 in
761 1919 835 1964 sese
869 1901 1007 1982 recipiat
1040 1897 1186 1980 aliosque

76 2011 229 2076 vicissim
253 2031 294 2075 ex
316 2030 388 2076 sese
410 2018 552 2093 generet.
590 2010 902 2092 Hincantempatct‚
926 2008 1082 2072 infinitum
1099 2007 1185 2090 prin·
1271 2015 1274 2028 '

78 2120 203 2202 cipium
233 2120 356 2202 duplici
386 2120 551 2184 intellectu
586 2138 658 2184 esse
691 2114 729 2178 cd
753 2115 967 2198 ὑποκείμενον
978 2120 1013 2199 ²),
1047 2117 1184 2200 primum

79 2247 128 2309 eo,
153 2227 243 2310 quod
266 2248 443 2294 omnesres
467 2249 513 2293 ex
533 2248 601 2294 sua
624 2227 848 2293 substantia
869 2224 1184 2310 generatetalit,

78 2336 201 2402 deinde
226 2357 274 2419 eo,
298 2337 384 2420 quod
406 2338 541 2402 mundes
564 2338 747 2420 amplexu
771 2356 838 2401 sue
864 2337 981 2418 quasi
1004 2335 1183 2400 fulcitae

80 2447 279 2513 sustinet.

181 2573 359 2652 Postremo,
383 2575 419 2648 si,
450 2592 531 2654 quae
561 2571 810 2656 disputavimus,
846 2571 878 2636 in
911 2593 975 2637 unc
1009 2579 1183 2654 conspectu

81 2685 240 2764 ponimus
261 2688 406 2766 apparet,
431 2681 669 2746 Anaximandri
693 2683 853 2746 sententia
874 2681 1062 2748 mundorum
1086 2702 1182 2764 gene·

79 2794 238 2858 rationem
268 2793 365 2857 talem
401 2811 483 2871 esse,
519 2811 629 2873 quam
667 2798 773 2856 recte
799 2791 993 2873 quandam
1025 2812 1182 2874 gemma·

81 2904 225 2967 tionem
248 2900 379 2966 dicere
400 2902 593 2984 pessimus
616 2901 653 2964 in
679 2902 768 2984 ipsc
791 2900 984 2983 principie
1006 2901 1183 2967 evenien-

58 3021 171 3078 tem.
217 3013 255 3075 In
289 3030 368 3092 qua·
387 3030 421 3075 re
454 3012 508 3074 vix
531 3031 612 3094 opus
649 3017 697 3074 cst
730 3010 860 3087 addere,
895 3029 946 3074 me
975 3008 1035 3074 hcc
1057 3031 1122 3076 non
1144 3031 1182 3076 ec

82 3121 249 3187 intellectu
271 3120 387 3197 dicere,
410 3120 497 3203 qucd
520 3119 761 3184 Anaximander
784 3121 855 3202 ipse
878 3120 1125 3203 gemmaticnem
1141 3120 1183 3184 ab

83 3233 156 3298 aliis
187 3231 408 3314 generationis
440 3229 541 3295 modis
569 3237 720 3295 accurata
747 3231 877 3294 ncticnc
900 3230 1096 3312 distinxerit,
1124 3228 1182 3294 sed

83 3359 119 3405 eo
143 3342 259 3419 solum,
295 3340 380 3422 quod
403 3339 592 3405 mundorum
626 3339 793 3422 generatio
821 3340 862 3404 ab
892 3359 930 3403 ec
958 3341 1125 3423 proposita
1148 3359 1182 3404 re

84 3450 154 3528 ipsa
177 3451 275 3534 plane
287 3452 459 3516 conveniat
481 3470 552 3515 eum
576 3470 625 3531 ea,
648 3471 743 3533 quam
766 3455 1070 3534 gemmaticnem
1094 3456 1182 3537 apel·

82 3559 148 3625 lare
174 3561 324 3626 solemus.
606 3549 609 3556 ¹

182 3686 271 3750 Haec
305 3685 345 3749 de
372 3681 559 3750 mundorum
596 3687 722 3768 origine
750 3706 924 3768 corumque
952 3687 995 3752 ad
1023 3709 1181 3754 summum

85 3796 279 3878 principium
303 3793 426 3860 ratione
450 3795 597 3860 doctrina
620 3796 750 3861 omnine
774 3797 950 3880 singularis
973 3804 1022 3863 est
1044 3804 1076 3862 et
1097 3798 1181 3863 Ana-

84 3903 243 3969 ximandri
267 3903 508 3987 p1·0pria,hanc
532 3914 639 3971 autem
662 3907 766 3988 ipsam
790 3906 829 3969 cb
846 3925 993 3971 caussam
1017 3907 1182 3990 inprimis

85 4012 245 4078 notabilis.
290 4013 413 4091 Quodsi
440 4018 548 4078 autem
577 4012 738 4096 quispiam
760 4011 888 4094 dixerit,
916 4033 997 4094 eam,
1021 4034 1117 4096 quam
1141 4014 1182 4080 de

84 4185 282 4194 W

183 4303 210 4371 l)
232 4301 274 4356 Cf.
294 4317 380 4370 supra
398 4316 425 4369 p.
443 4299 487 4352 21.
