2882 4902
658 359 711 414 Vll

122 530 275 595 locorum
308 536 424 597 natura
458 531 621 598 subtilitas
659 535 757 600 etiam
792 535 1005 617 grammatica
1037 533 1237 615 adhibeatur,

123 657 243 704 omnes
260 637 399 722 denique
412 639 662 724 diligentissime
675 642 759 708 inter
771 663 808 708 se
822 641 1043 726 comparandi.
1074 642 1166 720 Quod
1182 645 1238 726 qui

123 747 257 830 fecerit,
292 747 470 832 intelleget,
504 770 763 834 unumquemque
793 752 920 818 illorum
952 751 1093 818 virorum
1116 759 1235 818 certam

126 856 369 922 Anaximandri
393 857 561 932 doctrinae
583 860 747 926 notionem
770 860 804 925 in
826 861 934 925 animo
956 857 1160 926 informatam
1182 858 1237 927 ba-

124 965 254 1048 buisse,
277 986 373 1048 quam
395 987 459 1032 non
483 988 525 1033 ex
545 969 721 1036 Aristotele
748 969 876 1036 demum
899 967 1076 1034 effinxisset
1098 969 1157 1035 sed
1178 969 1236 1034 ali-

124 1073 218 1138 unde
257 1081 442 1158 susceptam
477 1075 521 1140 ad
560 1077 785 1166 explicandum
820 1077 1025 1144 Aristotelem
1063 1076 1237 1161 attulisset,

125 1201 295 1265 quamque
315 1201 444 1266 semper
465 1192 662 1269 sequeretur,
689 1195 721 1251 et
741 1205 853 1252 omnes
869 1187 901 1250 in
916 1185 977 1251 bac
992 1187 1123 1252 notione
1139 1188 1236 1271 plane

126 1291 327 1358 consentire.
372 1292 452 1358 Inde
475 1300 582 1359 autem
606 1295 761 1377 sequitur,
795 1301 883 1360 utet
908 1293 991 1360 banc
1018 1295 1181 1360 notionem
1205 1301 1238 1360 et

126 1420 217 1483 quae
238 1408 409 1484 praeterea
425 1401 466 1468 de
478 1403 679 1469 Animandro
695 1404 848 1480 referunt,
872 1423 889 1468 e
912 1403 1055 1470 lontibus
1071 1403 1237 1469 hauserint

126 1510 381 1593 antiquioribus,
406 1511 447 1577 de
469 1532 605 1594 quorum
627 1511 690 1578 tide
712 1533 776 1578 non
798 1512 1009 1578 dubitaretur.
1044 1511 1108 1590 Qui
1130 1513 1236 1578 fontes

128 1618 188 1702 qui
212 1619 383 1700 videantur
404 1641 487 1704 esse,
509 1640 551 1686 ex
573 1621 646 1706 ipso
668 1620 751 1687 libro
774 1621 908 1706 patebit.

234 1729 307 1794 Non
330 1729 363 1794 in
386 1729 494 1796 animo
510 1736 568 1811 est,
592 1730 702 1796 omnia
716 1730 903 1797 testimonia
918 1729 1109 1813 singillatim
1124 1749 1237 1797 recen-

128 1857 213 1904 scre.
260 1837 324 1904 Sed
354 1841 612 1922 praetermittere
645 1861 709 1906 non
739 1860 869 1924 possum
893 1838 1111 1921 Plutarchum,
1148 1840 1235 1924 apud

128 1966 228 2029 quern
253 1947 413 2029 quaedam
435 1954 519 2029 sunt,
543 1967 625 2030 quae
648 1949 717 2015 sola
738 1949 831 2032 gravi
854 1948 985 2014 cuidam
998 1948 1235 2014 Anaximandri

127 2055 301 2121 doctrinae
331 2058 416 2139 parti
437 2058 540 2130 lucem
575 2056 733 2140 adferant,
764 2063 795 2123 et
822 2057 1020 2123 Placitorum
1049 2057 1235 2141 scriptores,

129 2185 268 2248 quorum
290 2167 403 2234 breves
425 2169 627 2236 narrationes
651 2190 723 2235 cum
746 2170 819 2235 aliis
835 2169 1029 2234 testimoniis
1044 2167 1235 2235 coniunctae

130 2277 245 2359 magui
267 2278 420 2344 momenti
445 2278 584 2343 suntad
614 2277 841 2361 cognoscenda
868 2298 915 2355 ea,
951 2298 1034 2361 quae
1058 2279 1091 2342 in
1113 2277 1236 2343 Anaxi·

131 2385 261 2452 mandri
283 2387 431 2454 doctrina
453 2387 496 2453 ad
519 2389 614 2454 buius
641 2388 753 2454 mundi
783 2388 1035 2470 descriptionem
1063 2387 1235 2470 pertinent.

234 2495 382 2578 Denique
404 2495 500 2577 addo,
523 2496 715 2578 testimonia,
737 2515 821 2577 quae
842 2494 883 2560 de
899 2494 1145 2560 Anaximandro
1169 2513 1234 2559 ser-

131 2608 209 2667 vata
231 2609 314 2678 sunt,
337 2622 402 2667 non
426 2602 586 2668 eiusmodi
614 2623 694 2686 esse,
727 2610 763 2668 ut
791 2623 907 2686 perse
939 2604 1010 2670 sola
1036 2609 1136 2668 totam
1165 2603 1235 2668 eius

133 2710 313 2779 doctrinam
337 2713 493 2789 referaut3
529 2711 564 2778 id
594 2713 680 2794 quod
710 2713 766 2777 vix
791 2713 962 2794 quisquam
989 2712 1233 2796 exspectaverit.

133 2822 199 2888 Sed
222 2829 392 2905 postquam
415 2815 524 2887 omnia
547 2821 731 2886 testimonia
753 2821 888 2886 collecta
910 2828 985 2887 sunt
1008 2827 1040 2887 et
1062 2820 1236 2904 diligenter

134 2932 308 3016 explicata,
331 2951 379 3013 ea,
402 2951 485 3014 quae
505 2931 546 2996 iis
562 2932 774 3009 continentur,
799 2931 833 2995 in
848 2951 911 2996 uno
927 2931 1044 2996 mentis
1060 2937 1236 3014 conspectu

134 3041 284 3126 ponenda
306 3046 389 3121 sunt,
412 3041 457 3105 ita
479 3046 514 3105 ut
536 3046 645 3105 mutuo
669 3059 739 3104 sese
769 3041 963 3123 collustrent,
985 3038 1235 3121 videndumque,

134 3171 262 3216 nonne
284 3149 511 3218 necessario
534 3149 651 3216 exiis
674 3151 868 3233 cogitatio
890 3150 1044 3215 oriatur
1065 3149 1235 3215 alicuius

134 3261 265 3344 totius,
288 3261 399 3326 cuius
423 3261 509 3344 ipsa
532 3267 666 3343 partes
689 3259 771 3326 sint
793 3265 832 3324 et
855 3261 1026 3342 sinequo
1049 3258 1234 3343 intellegi

135 3393 209 3438 non
232 3372 397 3455 possint.

234 3481 304 3546 Hac
333 3479 431 3562 igitur
459 3482 510 3544 via
537 3480 704 3563 ingressus
731 3499 814 3562 quae
844 3480 1030 3561 invenerim,
1063 3479 1124 3544 boc
1146 3479 1234 3544 libro

135 3589 279 3672 exposui.
321 3587 556 3654 Anaximandri
578 3588 736 3670 doctrina,
768 3591 895 3670 qualem
919 3587 1122 3667 adumbravi,
1152 3590 1235 3652 uui-

135 3717 286 3764 versam
302 3698 494 3780 quandam
510 3718 633 3763 rerum
652 3695 949 3780 conceptionem
965 3698 1118 3774 continet,
1139 3718 1235 3781 gran·

136 3808 207 3874 dem
231 3827 309 3872 saue
331 3816 429 3890 atque
451 3807 686 3881 admirabilem,
712 3828 796 3890 quae
809 3808 947 3873 veritate
968 3806 1110 3890 quidem,
1132 3826 1236 3888 neque

135 3937 211 3983 vero
243 3936 293 3995 ea,
333 3937 431 3999 quam
465 3917 617 3994 ostendit,
652 3917 776 3999 ingenii
803 3917 837 3982 vi
864 3924 962 3998 atquc
995 3915 1136 3981 audacia
1169 3917 1237 3980 ulla
1301 4004 1304 4009 Ι

80 4100 83 4105 ,
137 4028 200 4092 alia
221 4026 354 4093 inferior
376 4033 434 4092 est.
471 4026 522 4091 Ad
544 4027 753 4092 illustrandas
777 4027 905 4110 aliquas
921 4026 991 4092 eius
1006 4032 1127 4110 partes,
1149 4026 1237 4090 velut

137 4157 217 4214 cam,
252 4156 336 4220 quae
366 4142 415 4202 est
445 4135 486 4202 de
515 4137 679 4202 stellarum
709 4136 838 4201 annulis
871 4155 1044 4218 eorumque
1079 4137 1112 4199 in
1145 4136 1235 4200 coelo

137 4246 362 4330 dispositione,
403 4251 435 4310 et
473 4265 559 4328 carn,
604 4263 688 4326 quae
726 4250 776 4310 est
814 4245 855 4311 de
893 4245 1056 4310 stellarum
1095 4237 1236 4308 motibus
