2850 4904
631 371 682 424 19⁷

204 541 329 620 Quarta
350 542 491 624 denique
514 549 605 627 parte
621 563 764 610 seorsum
787 542 828 609 de
840 545 949 610 alteris
974 543 1043 627 agit
1058 542 1211 628 physicis,

98 846 150 914 qui
172 845 202 898 id
228 845 304 914 quod
324 848 366 898 est
392 862 477 898 uuum
501 850 530 899 et
554 863 640 899 unum
665 845 776 914 quidem
803 863 903 915 corpus
928 850 1046 915 ponant,
1073 847 1144 900 dicit
1162 854 1211 900 aut

98 961 190 996 unum
220 959 254 995 ex
273 941 418 996 elementis
447 945 497 996 aut
525 945 656 995 naturam
685 941 825 1010 quandam
852 941 970 996 mediam
989 960 1105 1012 ponerc;
1134 942 1211 997 etin

97 1039 178 1093 hisce
197 1038 327 1092 omuibus
345 1038 466 1107 physicis
486 1038 572 1092 tertia
595 1043 623 1092 et
641 1042 743 1107 quarta
761 1039 960 1108 disputationis
980 1043 1060 1108 parto
1082 1045 1212 1094 numerat

98 1135 188 1189 etiam
206 1133 458 1190 Anaximandrum.
497 1134 557 1189 lam
580 1152 649 1190 vero
668 1134 910 1190 Anaximandrum
933 1135 986 1190 hoc
1011 1135 1070 1205 ipso
1090 1136 1151 1189 loco
1171 1137 1212 1191 ait

97 1232 135 1286 ab
157 1231 311 1286 Aristotele
328 1231 444 1301 reliquis
454 1232 578 1302 physicis
593 1251 625 1286 eo
636 1231 749 1301 opponi,
770 1232 845 1301 quod
867 1251 911 1286 res
930 1250 985 1285 non
997 1233 1211 1287 condensatione

97 1333 128 1382 et
148 1327 346 1398 rarefactionc,
367 1328 415 1384 sed
437 1329 643 1384 contrariorum
667 1329 819 1385 secretione
846 1331 976 1398 generari
994 1329 1077 1397 velit;
1101 1329 1142 1384 ait
1161 1330 1211 1399 igi·

98 1430 158 1492 tur,
182 1425 219 1480 ab
238 1424 391 1480 Aristotele
410 1444 476 1481 non
502 1427 542 1480 de
560 1427 719 1481 omnibus
738 1426 860 1496 physicis
888 1427 917 1480 in
940 1426 1009 1480 duas
1031 1426 1093 1480 illas
1117 1431 1212 1496 partes

98 1521 200 1576 divisis
226 1522 304 1576 illam
328 1521 518 1591 generationis
543 1520 664 1575 formam
690 1519 855 1590 praedicari.
897 1519 974 1590 Ergo
995 1519 1163 1590 Simplicius,
1188 1520 1211 1573 si

97 1619 189 1674 verba
208 1619 258 1672 illa
278 1636 320 1680 ee,
346 1635 427 1687 quem
447 1617 577 1686 diximus,
602 1617 686 1672 modo
710 1616 894 1686 explicantur,
928 1617 1025 1672 eodem
1052 1617 1112 1672 loco
1137 1617 1211 1672 idem

99 1722 129 1772 et
152 1717 193 1772 ait
212 1721 241 1772 et
260 1720 353 1786 negat.

206 1838 314 1893 Deinde
341 1841 435 1892 autem
460 1838 558 1892 eadem
585 1838 679 1901 verba,
708 1838 731 1892 si
759 1841 957 1906 comparantur
985 1853 1050 1891 cum
1082 1837 1209 1891 oratione

102 1935 293 2004 antecedenti,
311 1953 407 1989 rursus
426 1935 581 1990 necessario
601 1933 659 1990 fere
679 1935 720 1989 ita
733 1935 919 2004 explicantur,
937 1939 970 1989 ut
980 1933 1141 2003 Simplicius
1154 1952 1209 2001 eos,

99 2035 136 2088 de
150 2033 253 2102 quibus
265 2033 300 2086 ab
312 2033 465 2087 Aristotele
477 2031 623 2102 generatio
632 2050 682 2102 per
692 2031 938 2086 condennationem
950 2036 978 2086 et
990 2031 1208 2086 rarefaotiouem

100 2129 294 2200 praedicetur,
323 2147 380 2184 nou
408 2133 542 2198 utrosque
569 2129 632 2183 illos
659 2129 801 2199 physicos,
831 2146 928 2183 verum
950 2129 1074 2198 priorem
1097 2132 1210 2182 tantum

101 2244 203 2280 eorum
223 2231 341 2296 partem,
361 2243 425 2294 eos,
448 2227 505 2294 qui
524 2244 622 2280 unum
646 2244 660 2280 e
680 2227 793 2280 tribus
813 2227 992 2280 elementis
1010 2231 1149 2295 ponant,
1169 2227 1209 2280 vi·

99 2324 204 2378 deutur
223 2323 394 2392 intellegere.
432 2323 511 2390 Quod
537 2327 568 2377 ut
586 2327 732 2392 appareat,
755 2323 826 2377 duae
850 2323 971 2378 maxime
990 2322 1128 2392 Simplicii
1148 2340 1207 2376 sen·

100 2419 210 2474 tentiae
236 2419 413 2475 antecedenti
438 2420 567 2476 oratione
594 2419 755 2489 propositae
780 2420 947 2488 spectandae
971 2423 1045 2488 suut,
1074 2419 1207 2488 primum,

101 2516 178 2585 quod
198 2515 269 2570 dicit
288 2517 323 2571 ab
336 2517 490 2571 Aristotele
508 2533 604 2570 omnes
617 2516 744 2586 physicos
757 2533 798 2584 ea,
818 2535 874 2586 qua
887 2519 1005 2570 utantur
1016 2514 1206 2586 generationis

100 2614 202 2678 forma,
220 2611 251 2666 in
269 2612 338 2666 duas
356 2618 452 2682 partes
470 2611 569 2681 dividi,
589 2612 698 2681 deinde,
724 2613 800 2682 quod
824 2631 841 2666 a
859 2612 1052 2682 Theophrasto
1075 2611 1145 2666 dicit
1164 2612 1203 2665 al·

100 2715 192 2764 teram
211 2709 404 2780 generationis
422 2710 552 2769 formam,
577 2727 648 2779 quae
674 2709 704 2762 in
727 2709 944 2764 condensatione
969 2713 998 2763 et
1021 2708 1208 2763 rarefaetione

100 2807 247 2874 consistat,
272 2823 328 2860 non
347 2806 437 2860 tribui
459 2805 514 2860 uisi
536 2807 585 2860 uni
604 2806 786 2875 Anaximeni3
814 2823 934 2876 namque
956 2806 1017 2875 ipsa
1051 2805 1085 2858 de
1108 2805 1209 2873 quibus

101 2904 211 2974 agimus
229 2904 325 2973 verba,
344 2903 440 2970 ‘dirior‘
466 2903 496 2956 n
520 2899 556 2962 ὥς
574 2907 620 2955 καὶ
638 2907 668 2955 ot
687 2895 779 2956 iilius
797 2899 862 2956 art?
888 2908 917 2960 et
940 2904 998 2955 ‘aul
1027 2899 1083 2972 γὰρ
1099 2898 1209 2971 'Apron

102 3004 165 3068 περὶ
183 2994 298 3053 πάντων
315 2994 417 3054 τούτων
429 2995 506 3062 κτλ.’,
525 3017 557 3055 eo
578 3001 668 3054 solum
686 3000 815 3068 tendunt,
834 3004 867 3054 ut
885 2999 928 3053 illi
938 2999 1125 3068 Theophrasti
1145 3015 1206 3052 nar-

102 3096 207 3150 rationi
220 3096 383 3151 Aristotelis
396 3099 556 3166 opponatur
577 3097 738 3152 auctoritas.
770 3097 846 3151 Haec
856 3097 944 3168 igitur
957 3097 981 3150 si
991 3096 1207 3164 consideramus,

102 3192 183 3248 hasce
202 3192 263 3246 fere
282 3209 478 3263 cognoscemus
496 3193 526 3246 in
540 3192 678 3262 Simplicii
697 3197 790 3248 mente
808 3209 869 3262 esse
888 3193 1039 3248 sententias
1058 3191 1144 3246 hoece
1162 3209 1206 3246 or-

103 3288 166 3342 dine
185 3305 245 3344 sese
263 3289 447 3358 excipientes:
476 3292 587 3345 ‘omnes
613 3291 720 3360 physici
746 3291 782 3344 ab
800 3291 952 3345 Aristotele
977 3291 1007 3343 iu
1026 3289 1094 3344 duas
1113 3289 1207 3343 distri·

102 3385 228 3440 bnuntur
255 3390 359 3455 partes,
388 3388 506 3442 alteram
532 3403 636 3456 eorum,
665 3388 712 3456 qui
737 3404 830 3442 rerum
859 3387 1068 3458 generationem
1089 3385 1207 3440 conden-

104 3483 210 3538 satione
229 3487 259 3538 et
277 3483 473 3553 rarefaetione,
493 3485 611 3539 alteram
631 3501 735 3547 eorum,
759 3485 807 3553 qui
826 3484 1031 3539 contrariorum
1057 3483 1210 3538 secretione

103 3579 165 3635 fieri
187 3583 327 3650 statuant3
352 3581 382 3635 in
405 3581 458 3638 hac
483 3582 639 3651 posteriore
661 3586 743 3651 parte
769 3582 805 3636 ab
824 3582 978 3636 Aristotele
1004 3597 1075 3635 unua
1094 3581 1209 3650 ponitur

104 3675 320 3746 Anaximander,
345 3682 433 3747 atque
458 3679 524 3733 inde
548 3680 683 3749 sequitur,
713 3682 746 3732 ut
770 3695 865 3732 omnes
892 3677 994 3746 reliqui
1019 3681 1161 3746 ponantur
1179 3677 1209 3730 in

104 3775 209 3843 priore;
237 3773 446 3843 Theophrastus
468 3776 580 3844 quidem
606 3775 851 3831 condensationem
871 3779 900 3829 et
920 3772 1136 3828 rarefactionem
1155 3774 1207 3828 soli

105 3871 204 3930 tribuit
222 3873 401 3937 Anaximeni,
425 3873 473 3928 sed
497 3873 655 3928 Aristotelis
682 3872 844 3926 testimonio
870 3875 998 3941 apertum
1017 3875 1067 3940 est,
1085 3870 1206 3939 reliquos

106 3989 212 4041 quoque
232 3969 361 4039 physicos
379 3986 473 4024 omnes
497 3973 610 4039 praeter
635 3987 720 4022 uuum
740 3967 984 4023 Anaximandrum
1005 3967 1101 4024 eadem
1126 3985 1207 4039 geue·

107 4069 189 4124 tionis
206 4067 298 4122 forma
317 4084 381 4121 usos
400 4085 474 4136 esse;
491 4067 515 4121 is
534 4067 607 4122 enim
626 4067 702 4136 ’περὶ
720 4061 832 4120 πάντων
849 4059 971 4129 τούτων’,
995 4065 1025 4120 id
1044 4069 1085 4120 est
1103 4065 1142 4120 de
1161 4083 1207 4121 re-

107 4165 216 4235 liquis
243 4151 399 4234 physieis
426 4169 566 4234 praeter
586 4181 687 4217 unum
710 4163 1016 4234 Anaximandrum,
1037 4163 1109 4218 hanc
1127 4180 1209 4234 gene·

107 4262 221 4317 rationis
239 4262 358 4317 formam
376 4262 557 4331 praedicavit.
601 4263 648 4331 At,
668 4260 750 4327 dices,
779 4261 851 4315 hane
873 4260 1062 4329 generationis
1088 4260 1208 4316 formam
