2864 4904
594 381 629 436 98

67 556 242 632 referuntur
262 553 497 640 philosophos?
518 554 662 622 Primum
678 561 846 641 utrumque
869 561 955 624 uerte
975 555 1089 624 eodem
1106 555 1160 623 de·

68 665 173 732 finitur
197 665 332 753 insigni3
354 685 493 760 namque
515 666 674 734 voeabula
692 659 967 748 ίσιιμιιτικὸννιινὶ
981 660 1159 748 χωριστὸν

68 796 193 859 prorsus
214 775 299 842 idem
323 775 508 859 significant
528 783 626 859 atque
645 769 885 859 ‘novatiana
908 775 960 858 At,
980 776 1079 860 diaes,
1102 776 1162 843 hoo

70 885 190 969 insigne
211 886 368 952 ambobus
392 891 499 970 potest
521 905 689 952 oommuue
714 906 786 954 esse
814 887 906 969 quasi
928 885 1086 969 quaedam
1109 905 1162 968 gea

69 994 153 1060 neris
174 1001 257 1078 nota,
276 996 354 1061 talis
369 1001 476 1062 autem
500 997 835 1064 notaeoommnuitate
855 1017 919 1064 non
934 993 1162 1078 impediuntur,

70 1089 232 1186 quominus
255 1106 328 1189 ipsa
346 1104 507 1188 poeuliari
529 1121 589 1172 sua
612 1112 730 1173 natura
749 1107 877 1172 omniuo
892 1105 1053 1172 differant.
1076 1104 1163 1172 Sane

71 1211 208 1294 quidem;
231 1211 290 1278 sed
313 1210 355 1276 ad
374 1210 505 1278 eosdem
521 1213 619 1278 etiam
634 1212 814 1280 referuntur
824 1212 1045 1298 philosophos.
1066 1216 1163 1282 Nam-

72 1341 132 1403 que
151 1322 254 1404 priore
275 1321 347 1388 looo
369 1321 560 1388 Aristoteles
585 1317 623 1386 ad
647 1319 738 1404 παρὰ
763 1316 803 1386 τὰ
830 1326 985 1406 στοιχεῖα,
1013 1325 1099 1408 quod
1121 1327 1165 1392 sit

72 1425 252 1513 σωματικόν
273 1428 327 1494 καὶ
349 1427 520 1512 χωριστὸν,
549 1430 739 1515 simplieiter
762 1451 870 1498 eorum
893 1452 965 1500 esse
986 1432 1075 1518 dieit,
1108 1436 1163 1517 qui

70 1533 127 1603 ‘ad
147 1538 282 1626 ἄπειρον
303 1541 419 1605 τοῦτο’
449 1540 643 1626 principium
665 1547 801 1625 ponant;
830 1547 936 1626 atque,
966 1542 1041 1610 inde
1065 1550 1164 1628 patet,

74 1668 140 1716 eum
159 1651 315 1718 vocabulo
346 1644 399 1716 ‘oi
425 1649 464 1716 ud
491 1639 631 1734 ιἰἰιειρον
658 1653 756 1716 τοῦτο
789 1645 972 1738 τὴνάρχὴν
998 1643 1165 1738 asyam&

75 1761 116 1824 ita
135 1763 187 1843 uti,
216 1769 251 1829 ut
273 1763 436 1828 nominis
459 1762 612 1847 proprii
635 1763 699 1828 vim
728 1762 854 1828 habeat.
898 1763 950 1829 Ita
971 1769 1078 1830 autem
1103 1763 1165 1830 hoe

74 1872 223 1938 vocabulo
252 1873 383 1938 utinen
413 1872 528 1957 potuit,
560 1873 621 1938 uisi
644 1872 686 1938 de
720 1875 759 1939 iis
783 1871 996 1958 philosophie,
1030 1892 1165 1956 quorum

75 1977 172 2062 ipsum
191 1980 329 2066 insigne,
347 1983 420 2065 ipsa
436 1982 618 2066 proprietas
641 1982 675 2048 in
702 2002 740 2048 eo
760 1981 868 2066 posita
894 1988 990 2065 esset,
1016 1982 1105 2067 quod
1126 1977 1164 2047 ud

75 2075 204 2171 ἄπειρον
226 2092 369 2158 omnium
390 2111 498 2158 rerum
513 2093 708 2177 principium
731 2099 897 2178 ponerent,
919 2093 989 2158 sive
1011 2093 1073 2159 soli
1095 2093 1164 2159 sive

77 2199 163 2281 primi
185 2199 233 2266 ita
257 2207 444 2268 statuerant.
488 2201 527 2267 Id
547 2222 624 2269 vero
652 2202 808 2286 nonnisi
834 2203 868 2268 iu
889 2202 1165 2270 Anaximandrum

78 2307 192 2385 eadere,
214 2316 330 2394 postea
352 2309 543 2394 singillatim
565 2309 870 2378 demonstrabimus.
907 2310 1018 2378 Altero
1040 2313 1110 2378 looo
1132 2307 1165 2376 ιό

78 2413 159 2500 παρὰ
179 2415 219 2482 τὰ
241 2423 388 2501 στοιχεῖα
412 2421 508 2488 modo
528 2419 805 2488 illedisiunetivo
828 2421 1023 2507 explicatum
1045 2419 1088 2486 ad
1109 2420 1167 2486 ali-

79 2547 151 2610 quos
171 2530 269 2596 refert
292 2529 510 2615 philosophos
533 2533 589 2614 qui
615 2525 676 2596 ‘ed
698 2519 839 2613 ἔπειρον
864 2529 918 2595 καὶ
939 2525 976 2596 τὸ
996 2527 1165 2612 περιέχον*

79 2637 445 2725 prineipiumponaut1),
468 2640 566 2724 hique
589 2647 676 2707 oerte
697 2640 739 2707 ab
762 2661 800 2726 eo
815 2642 1045 2724 intelleguntur
1067 2639 1167 2706 iidem

79 2753 168 2832 atque
190 2750 246 2826 illi,
270 2749 325 2833 qui
348 2751 455 2834 priore
477 2751 547 2818 loeo
575 2750 768 2838 simplieiter
791 2743 822 2814 oi
844 2748 883 2815 ad
906 2739 1045 2831 ἄπειρον
1068 2751 1166 2814 τοῦτο

79 2857 131 2944 νῆν
150 2849 248 2943 ἀρχὴν
269 2857 416 2942 λέγοντες
436 2858 515 2926 dieti
539 2865 620 2926 sunt.
665 2859 758 2926 Lioet
788 2860 873 2925 enirn
901 2857 1049 2924 additum
1073 2878 1167 2924 voea-

80 2966 181 3034 bulum
200 2963 258 3032 ‘ud
281 2959 452 3050 περιέχον’
474 2968 637 3053 quandam
661 2969 702 3035 ab
726 2968 792 3035 illis
808 2967 1023 3035 differentiam
1045 2967 1168 3052 signifi-

81 3095 148 3144 oare
168 3079 282 3162 possit,
305 3083 403 3160 atque
425 3078 554 3161 quidem
575 3077 731 3145 orationis
746 3079 852 3163 magis
874 3098 970 3162 quam
993 3077 1169 3159 doetrinae,
1216 3089 1218 3094 ’

80 3221 112 3232 -
127 3206 262 3270 namque
285 3186 455 3268 infinitum,
478 3188 507 3253 si
523 3193 653 3271 praeter
667 3186 775 3271 ipsum
790 3187 858 3254 alia
873 3206 1001 3270 quoque
1017 3194 1091 3254 sunt
1106 3207 1170 3253 uon

81 3296 207 3373 infinita,
230 3296 312 3364 haee
334 3316 396 3364 uon
417 3302 524 3381 potest
544 3316 609 3362 uon
633 3296 785 3381 ampleoti
808 3331 844 3344 -
869 3302 977 3362 tamen
999 3316 1040 3362 ex
1062 3298 1170 3380 aliquo

80 3405 178 3488 ipsius
201 3405 386 3473 Aristotelis
408 3407 487 3489 loeo,
516 3425 579 3489 quo
602 3407 845 3474 accuratissime
862 3406 1096 3473 Anaximandri
1130 3408 1170 3473 de

81 3514 198 3582 infinito
220 3517 415 3582 sententiam
437 3515 580 3600 exponit,
600 3513 659 3580 ‘ad
681 3514 799 3598 περιέ
804 3516 901 3596 χειν
937 3522 1072 3601 apparet
1099 3535 1170 3584 esse

81 3626 274 3710 voeabulum,
296 3645 359 3709 quo
381 3625 521 3691 maxime
544 3625 614 3709 ipse
641 3624 883 3691 Anaximander
904 3624 1021 3690 infiniti
1042 3625 1109 3691 vim
1132 3645 1171 3692 ao

81 3742 220 3804 naturam
256 3733 482 3817 definiverite).
535 3735 662 3802 Revera
690 3740 799 3801 autem
822 3733 882 3800 hoe
912 3735 1014 3801 altero
1043 3753 1172 3818 quoqne

177 4010 201 4072 1)
219 4005 277 4061 Hos
296 4005 404 4075 aliquos
431 4005 559 4076 intellegi
583 4022 696 4059 omnes
716 4022 772 4074 eos,
800 4005 848 4074 qui
876 4002 907 4058 τὸ
926 3999 1043 4076 ἄπειρον
1069 4007 1115 4059 καὶ
1140 4004 1171 4060 τὸ

84 4106 207 4174 περιέχον
224 4102 395 4173 principium
413 4104 528 4171 ponant,
550 4101 606 4155 alio
625 4100 686 4156 loeo
705 4101 874 4156 ostendetur.

175 4200 204 4271 2)
223 4200 304 4270 Phys.
324 4199 373 4264 ΠΙ,
390 4200 416 4254 4.
437 4199 510 4280 2031)
527 4201 573 4252 llr
594 4227 645 4268 „-
665 4194 732 4266 αὕτη
750 4196 778 4268 (ἡ
797 4193 870 4269 ιἰρχὴ
889 4196 978 4267 δοκεῖ)
1000 4199 1174 4269 περιέχειν

87 4289 186 4351 ἅπαντα
205 4301 251 4351 καὶ
269 4291 359 4352 πάντα
379 4294 512 4366 κυβερνᾶν
531 4336 537 4348 .
558 4336 564 4350 .
585 4335 591 4348 .
611 4295 752 4348 καὶτοῦτο
772 4295 838 4348 εἲνιιι
862 4291 893 4347 τὸ
913 4300 1005 4348 θεῖον·
1033 4288 1174 4350 ἀθάνατον
