2864 4904
605 347 768 416 roe'

75 531 170 615 ἀέρος
188 530 242 596 καὶ
264 523 391 614 πυρός’
408 533 534 622 ¹dieunt
565 532 621 614 (de
652 554 691 600 eo
713 554 777 600 nno
809 535 881 600 loeo
909 536 943 601 in
968 534 1110 602 seeundo
1131 534 1172 600 de
1225 621 1228 626 Ι

77 643 156 708 Gen.
178 650 210 709 ot
229 642 320 710 Oorr.
340 644 434 727 libro,
467 664 530 728 quo
553 641 657 711 videri
679 645 784 728 possit
805 665 908 727 genus
939 645 972 710 in
995 645 1076 711 duas
1098 665 1174 728 spe·

77 750 143 818 eies
163 751 307 818 dividere
330 751 453 836 hasque
475 753 587 836 generi
608 753 810 838 subiungere,
841 759 938 820 antea
960 773 1104 820 seorsum
1126 753 1173 819 di-

76 861 180 928 ximus
188 863 221 944 ¹),
254 881 359 944 neque
383 860 438 945 ita,
459 869 495 930 ut
523 881 642 945 genere
665 862 786 932 omisso
813 865 923 928 statim
951 862 1098 946 singulas
1118 883 1174 946 ge·

77 971 159 1038 neris
180 971 307 1056 speeies
329 978 498 1056 proponat,
530 972 630 1038 veluti
659 991 715 1038 eos
738 971 859 1049 disens,
893 975 946 1056 qni
976 971 1119 1054 ’μεταξύ
1142 995 1174 1036 οι

79 1070 96 1164 ἢ
116 1071 208 1162 ἀέρος
226 1078 282 1144 καὶ
303 1074 422 1158 ὕδατος
444 1073 468 1164 ἢ
487 1079 585 1163 ἀέρος
605 1080 657 1146 καὶ
679 1078 804 1163 πυρός’
828 1081 948 1160 dieunt,
972 1081 1031 1149 sed
1052 1081 1174 1164 ubique

77 1188 180 1274 ipsum
204 1210 310 1274 genus
342 1210 425 1257 nno
457 1192 561 1258 solorn
588 1191 717 1258 illorum
746 1187 976 1258 vooahnloiunr
1010 1191 1174 1275 signifieat

78 1304 170 1381 aune
190 1299 238 1364 ita
248 1297 391 1382 quidem,
413 1305 448 1365 nt
463 1301 532 1366 sine
548 1301 614 1367 ullo
636 1298 763 1368 deleotu
784 1305 853 1366 tum
873 1293 963 1376 ‘rede
976 1294 1015 1366 τὸ
1032 1296 1123 1384 παρὰ
1133 1295 1174 1364 τὰ

77 1410 216 1488 στοιχεῖα
227 1399 404 1492 λέγοπας’,
426 1415 494 1476 tum
513 1403 666 1485 ‘vods-‘od
689 1404 813 1492 μεταξύ
835 1400 936 1491 α’έρος
950 1408 1004 1474 καὶ
1026 1400 1172 1488 tomog’,

78 1522 140 1582 turn
158 1515 245 1594 ‘vods
267 1511 306 1581 τὸ
322 1511 443 1600 uoragi)
465 1507 630 1601 depositori
651 1509 768 1600 πυρός’
789 1518 887 1601 dieat,
908 1524 1003 1603 prout
1024 1519 1174 1602 quodque

78 1628 263 1694 vooahnlurn
284 1629 383 1694 menti
406 1628 490 1694 forte
513 1634 688 1711 sueonrrat,
709 1634 743 1696 et
763 1629 809 1695 ita
830 1630 1010 1712 promiscue
1032 1629 1100 1696 sive
1115 1627 1175 1696 hoe

81 1737 143 1803 sive
165 1738 217 1804 illo
240 1738 396 1804 vocabulo
424 1737 637 1821 significatum
666 1738 713 1804 illi
739 1738 837 1823 priori
863 1739 975 1822 generi
1000 1743 1033 1804 et
1055 1740 1113 1804 toti
1142 1745 1176 1805 et

79 1845 108 1909 in
128 1847 251 1929 speeies
274 1866 349 1914 suas
371 1845 473 1914 diviso
496 1847 672 1931 oppositu.
717 1848 786 1914 Iam
808 1866 885 1914 uero
909 1848 1055 1931 protinus
1075 1853 1174 1931 patet,

79 1956 130 2020 tali
150 1955 276 2024 dioendi
305 1958 429 2024 ratione
460 1976 524 2022 non
545 1959 592 2022 nti
620 1958 764 2041 potuisse
786 1976 869 2038 eum,
899 1956 955 2039 qni
993 1957 1056 2024 illis
1080 1975 1174 2024 voea-

80 2064 158 2132 bnlis
178 2067 276 2132 seiret
297 2085 349 2132 res
372 2065 549 2149 signifioeri
576 2065 732 2134 diversas.
776 2065 862 2149 Ergo
890 2065 961 2132 illa
982 2065 1175 2132 voeabula

79 2173 174 2257 apud
195 2173 452 2242 Aristotelem
482 2174 772 2254 nondiversas
804 2173 873 2240 red
899 2173 1064 2242 eandem
1093 2193 1174 2240 rem

81 2284 318 2366 significant.
1134 2295 1136 2300 '

173 2394 242 2460 lam
264 2395 361 2478 igitur
383 2395 511 2460 omnino
533 2393 663 2460 videtur
691 2393 945 2460 demonstratum
968 2411 1050 2475 esse,
1078 2412 1172 2460 voea-

82 2501 149 2568 bula
164 2497 222 2566 ‘vd
244 2499 336 2585 παρὰ
357 2496 567 2586 τὰστοιχεῖα,
588 2497 628 2566 τὸ
647 2496 768 2584 μεταξύ
790 2492 888 2584 ἀέρος
909 2501 962 2568 καὶ
984 2496 1114 2584 ὕδατος,
1134 2497 1174 2568 τὸ

80 2606 190 2692 peanis)
213 2603 311 2693 ἀέρος
332 2609 386 2675 καὶ
408 2606 532 2693 πυρός’
557 2612 599 2678 ab
611 2613 783 2678 Aristotele
798 2611 948 2679 adhiberi
970 2612 1020 2678 ad·
1035 2612 1171 2679 eandem

81 2720 315 2804 significandam
329 2741 407 2803 rem,
428 2740 525 2804 quam
540 2721 670 2810 quidem
686 2741 753 2788 rem
772 2727 862 2806 patet
876 2722 974 2788 talem
988 2741 1060 2788 esse
1076 2741 1170 2805 opor-

81 2834 207 2912 terent
229 2832 299 2914 pari
324 2831 392 2898 iure
419 2839 452 2896 et
473 2829 534 2898 hoo
563 2831 595 2897 et
616 2831 671 2896 illo
699 2831 855 2926 vocabulo
876 2829 1035 2914 appellari
1057 2831 1173 2913 possit3

81 2935 323 3008 demonstratum
357 2941 452 3024 igitur
489 2943 585 3008 etiam
609 2946 677 3023 est,
712 2942 819 3007 omnia
850 2940 906 3006 illa
938 2939 1097 3006 voeabula
1131 2938 1173 3005 ad

81 3049 207 3116 eandem
241 3049 387 3116 eiusdem
417 3049 602 3142 philosophi
635 3049 812 3116 doctrinam
844 3049 1013 3132 pertinere.
1066 3046 1174 3126 Quare

81 3177 156 3224 nuno
177 3161 241 3226 iam
263 3158 494 3226 transeundum
517 3164 566 3226 est
588 3158 630 3225 ad
653 3178 724 3225 eam
756 3158 986 3241 quaestionem,
1010 3175 1107 3239 quarn
1128 3158 1173 3224 nl-

82 3272 174 3334 teram
195 3271 370 3352 posuimus,
392 3271 557 3336 cuiusnam
579 3267 762 3353 philosophi
784 3269 841 3335 illa
863 3267 1012 3334 doetrina
1033 3268 1084 3332 sit.

173 3379 202 3442 6.
229 3377 310 3444 Cum
346 3379 445 3462 igitur
481 3385 663 3461 quaeratur,
698 3378 864 3444 cuiusnam
898 3373 1083 3460 philosophi
1119 3376 1175 3441 illa

82 3485 219 3554 doctrine
245 3489 296 3570 sit,
331 3485 414 3553 huno
440 3485 666 3572 philosophum
689 3486 761 3554 dieo
793 3487 915 3554 nullum
949 3505 1020 3552 esee
1044 3491 1174 3569 praeter

82 3615 183 3662 unum
204 3579 539 3678 Anaximandrum,
560 3603 596 3663 ut
607 3597 730 3681 passim
742 3597 805 3662 iarn
817 3595 1009 3680 significavi,
1031 3593 1173 3676 illudque

82 3706 278 3791 principium,
301 3705 388 3789 quod
411 3714 477 3771 tum
498 3704 531 3770 τὶ
553 3699 643 3788 παρὰ
664 3700 706 3769 τὰ
728 3707 883 3784 στοιχεῖα,
906 3711 973 3770 tum
994 3696 1116 3785 μεταξύ
1141 3725 1171 3765 τι

82 3812 168 3896 ἀέρος
188 3813 242 3879 καὶ
266 3808 393 3894 ὕδατος,
421 3821 487 3881 turn
509 3810 630 3898 μεταξύ
652 3837 684 3879 τι
711 3813 807 3896 ἀέρος
827 3811 881 3878 καὶ
905 3807 1011 3895 πυρὸς
1032 3817 1173 3892 venatur,

87 3975 269 3984 ————.--

175 4083 202 4153 1)
220 4082 283 4139 Vid.
303 4099 389 4153 supro
407 4101 434 4152 p.
455 4085 490 4138 87
509 4101 550 4153 sq.

173 4181 200 4244 2)
219 4179 274 4235 Res
303 4180 417 4234 omnino
447 4185 566 4250 apparet
590 4199 624 4235 ex
655 4181 753 4235 iisdem
776 4181 854 4244 loeis,
882 4197 951 4250 qnos
974 4179 1098 4250 quinque
1126 4179 1173 4234 ad·

85 4275 266 4331 notationibus
285 4277 517 4349 praecedentibus
535 4277 718 4334 laudavimus.
