2850 4904
78 532 199 596 stotcle
210 531 491 598 Anaximandrum
512 553 576 598 non
599 532 744 616 intellegi
766 551 849 613 eum,
872 531 927 613 qui
943 532 1031 596 illam
1044 536 1191 595 naturam

78 639 223 706 mediam
247 648 356 726 ponat,
385 648 451 724 ant,
475 644 501 706 si
524 641 559 706 id
571 651 702 726 propter
724 661 772 720 ea,
794 660 879 724 quae
900 639 941 705 de
954 639 1014 705 hac
1035 639 1192 722 redispu-

78 755 147 814 tata
170 757 257 834 sunt,
280 750 414 816 concedi
445 752 567 834 nequit,
598 751 763 817 Aristoteli
786 749 936 818 inaudita
968 769 1072 834 paene
1105 746 1190 830 cogi-

78 857 170 923 tandi
195 867 229 924 et
251 859 383 926 dicendi
405 860 614 944 neglegentia
636 858 810 926 tribuenda
832 866 889 925 est.
933 859 976 924 At
1000 858 1190 924 Aristoteles

80 966 140 1032 hoc
163 970 239 1034 loco
262 991 326 1035 non
348 969 429 1036 dicit
451 990 516 1047 eos,
540 970 595 1054 qui
617 977 765 1036 naturam
788 971 873 1036 inter
893 989 1013 1052 aquarn
1036 975 1068 1034 et
1083 987 1190 1034 aerem

79 1077 221 1144 mediam
245 1085 376 1162 ponant,
398 1079 441 1146 ad
464 1099 517 1145 res
543 1079 749 1163 generandas
770 1078 1024 1145 condensatione
1052 1084 1084 1144 et
1097 1079 1189 1144 'rare-

79 1186 220 1254 facticnc
245 1188 308 1271 nti;
342 1187 376 1254 id
404 1187 492 1271 quod
521 1209 562 1254 ex
584 1189 658 1273 ipsa
688 1187 754 1254 loci
777 1188 1044 1272 interpretatione
1065 1187 1189 1252 intelle·

79 1295 177 1378 gitur.
1129 1304 1131 1308 ’

180 1407 325 1473 Primum
349 1408 450 1491 igitur
472 1407 505 1472 in
528 1407 633 1473 verbis
653 1400 744 1472 ’ὅσοι
764 1407 919 1472 ποιοῦσιν
941 1397 1013 1472 εἶτα
1027 1393 1191 1490 γεννῶσιν

81 1513 321 1581 consideranda
354 1522 404 1580 est
426 1514 587 1598 particula
610 1503 690 1579 εἶτα.
735 1513 862 1580 Etenim
886 1515 982 1581 huius
1012 1515 1190 1599 particulae

80 1644 119 1689 ea
141 1631 194 1691 est
217 1624 279 1702 vis,
302 1630 338 1691 nt
358 1623 402 1690 ad
424 1643 491 1690 rem
520 1623 684 1706 quandam
717 1631 928 1690 memoratam
956 1623 1082 1706 aliquid
1112 1622 1190 1689 addi

81 1733 252 1818 significet,
276 1732 361 1816 qnod
384 1735 457 1817 ipsa
479 1733 536 1798 illa
560 1752 595 1799 re
623 1732 766 1800 nondum
793 1734 996 1800 contineatur
1018 1735 1069 1799 vel
1092 1732 1190 1798 etiarn

83 1863 153 1908 curn
179 1863 219 1909 ea
242 1843 392 1909 videatur
413 1843 605 1928 pugnare1l.
648 1843 763 1925 Itaque
785 1843 884 1909 verbu
902 1833 995 1906 ‘clau
1014 1879 1055 1888 -
1075 1843 1191 1925 γεννῶ-
1262 1866 1266 1874 ·

79 1953 146 2015 Ἶσιν·
172 1952 216 2018 ad
236 1952 335 2018 verba
354 1945 449 2016 ‘licor
472 1987 513 1998 —
535 1942 707 2016 noraturv‘
728 1951 853 2018 addunt
867 1951 1002 2035 aliquid,
1025 1952 1114 2035 quod
1138 1950 1189 2017 his

83 2061 162 2144 ipsis
187 2081 246 2146 per
276 2081 311 2127 se
334 2082 398 2127 non
421 2060 635 2144 contincatur,
670 2060 857 2145 habentque
890 2061 956 2127 virn
979 2061 1191 2140 condicionis,

82 2190 144 2252 qua
171 2171 328 2237 adiuncta
350 2170 480 2237 demum
508 2170 549 2236 de
573 2170 624 2236 his
647 2170 757 2237 valeat
778 2170 822 2248 id,
854 2171 941 2254 quod
963 2171 1004 2236 de
1027 2171 1067 2237 iis
1098 2190 1190 2254 prae·

82 2278 217 2344 (licetur.
261 2277 370 2356 Quare
391 2279 492 2345 verba
512 2271 604 2342 ‘licor
628 2315 668 2344 -,
691 2280 856 2361 ποιοῦσιν,
879 2269 951 2342 εἶτα
969 2313 1007 2324 -
1023 2271 1191 2362 γεννῶσιν

84 2408 144 2452 non
159 2386 358 2472 significant:
382 2387 439 2471 qui
453 2423 492 2434 -
508 2394 633 2471 ponunt
649 2387 797 2471 quique
821 2409 950 2455 omnes
966 2425 1002 2434 —-
1016 2389 1192 2482 generant,

83 2497 140 2563 sed
163 2504 233 2563 tcta
254 2498 424 2564 verborum
448 2499 611 2563 sententia
632 2496 712 2564 lraec
734 2503 800 2563 est:
821 2498 899 2581 ‘qui
923 2493 1114 2581 autequam
1136 2504 1192 2564 aut

83 2625 190 2672 aerem
212 2617 269 2673 aut
290 2614 437 2672 naturam
472 2608 555 2672 inter
577 2605 659 2672 haec
682 2606 823 2672 mediam
854 2626 952 2673 unum
987 2627 1094 2673 rerum
1128 2609 1192 2672 ele-

86 2722 228 2781 mentum
251 2724 384 2801 ponunt,
407 2717 443 2782 si
465 2715 506 2780 hi
531 2715 650 2782 iidem
682 2736 733 2782 res
756 2715 1009 2782 condensatione
1041 2723 1074 2782 et
1105 2737 1192 2782 rare-

85 2825 227 2892 factione
257 2833 422 2908 generant,
455 2826 629 2892 inscientes
664 2825 729 2910 ipsi
760 2825 823 2892 sibi
855 2826 1065 2910 repugnant'.
1111 2826 1191 2892 Inde

84 2941 191 3000 autern
214 2940 314 3018 patet,
338 2934 421 3018 ipsis
443 2933 628 3000 Aristotelis
653 2935 763 3001 verbis
777 2937 905 3001 omnino
925 2955 990 3000 non
1005 2934 1194 3018 significari,

85 3065 195 3109 omnes
218 3044 291 3108 illos
314 3042 525 3128 philosophos
547 3063 661 3109 revera
689 3042 750 3108 hoc
772 3043 992 3126 generationis
1015 3044 1110 3110 modo
1133 3045 1190 3126 uti,

86 3152 144 3216 sed
168 3172 299 3235 prorsus
324 3152 481 3218 incertum
503 3152 651 3234 relinqui,
676 3172 751 3217 num
775 3172 897 3234 ornnes,
919 3171 960 3216 an
983 3153 1108 3235 aliquos
1123 3158 1192 3218 tan-

85 3266 163 3344 tum,
187 3281 230 3326 an
250 3261 348 3326 etiarn
371 3261 475 3325 nullos
498 3267 589 3344 putat
610 3259 671 3326 hcc
694 3260 789 3326 modo
804 3281 857 3326 res
873 3280 1040 3344 generare.
1064 3261 1192 3327 Deinde

87 3370 288 3447 Aristoteles,
308 3375 343 3434 ut
366 3389 406 3434 ex
430 3369 503 3453 ipsa
526 3369 681 3435 orationis
704 3369 840 3449 formal)
862 3376 1008 3454 apparet,
1041 3368 1192 3436 hocloco

190 3672 215 3742 l)
234 3671 409 3727 Vocabulum
428 3675 485 3728 stru
508 3674 566 3730 eive
589 3676 683 3728 ἔπειτα
702 3674 871 3729 naturaliter
895 3672 1037 3742 quandam
1056 3669 1192 3740 temporis

88 3769 225 3822 rationem
244 3768 394 3838 significat,
413 3787 484 3838 earn,
502 3788 557 3839 qua
575 3771 715 3839 posterius
734 3770 842 3840 aliquid
860 3786 889 3823 ee
908 3768 995 3824 habet
1013 3767 1097 3835 adid,
1117 3766 1192 3836 qnod

89 3865 166 3932 prius
184 3870 242 3933 θεὶς
273 3869 357 3934 atque
387 3864 452 3919 hinc
472 3884 513 3928 ea,
542 3884 627 3934 quam
646 3867 839 3934 indicavimus,
870 3865 1041 3935 significatio
1068 3861 1192 3932 proficis·

90 3961 169 4016 citur.
197 3961 237 4016 cf.
269 3962 303 4016 de
327 3962 380 4016 hoc
400 3963 536 4017 vocabulo
565 3964 633 4019 acite
662 3964 854 4032 disputantem
881 3961 1037 4016 Stallbanm
1065 3959 1101 4013 ad
1119 3957 1192 4011 Plat.

89 4056 190 4112 Phaed.
210 4060 244 4111 70
264 4058 288 4111 Ε
307 4063 336 4112 et
354 4058 429 4113 locos
447 4059 488 4113 ibi
507 4059 646 4114 laudatos.

188 4157 216 4225 2)
235 4155 329 4210 Verba
348 4156 411 4211 dico
436 4153 530 4211 ‘trare
558 4157 599 4218 (id
623 4161 674 4224 eat,
702 4156 903 4225 quicunque
930 4155 989 4210 sive
1008 4153 1193 4224 quotquot)

91 4252 214 4308 ποιοῦσιν
236 4283 264 4292 -
287 4253 342 4306 εἶτα
361 4245 515 4321 pronora!
