2862 4910
785 376 837 441 oss

358 548 453 632 Quod
475 573 515 618 ex
537 553 617 636 ipsis
639 553 877 618 Anaximandri
899 554 1008 619 verbis
1031 549 1257 630 conclusimus,
1281 567 1345 618 non·

257 663 339 728 nibil
363 663 545 729 confirmari
567 661 696 726 videtur
718 681 769 744 ec,
792 661 879 744 quod
895 665 1129 728 contrariorum
1153 665 1344 728 secretionem

256 773 397 838 vidimus
409 771 602 837 arcteribus
614 769 813 854 principii
834 771 1038 836 mutationi
1053 762 1260 855 (villermum),
1272 773 1344 836 velut

256 881 501 950 condensationi
514 879 775 961 ctrarefactioni,
797 882 917 962 opponi
944 887 977 946 et
999 880 1060 945 bac
1083 883 1156 965 ipsa
1173 901 1207 948 re
1227 901 1343 946 veram

256 991 557 1077 generationem
580 985 730 1070 (γένεσιν)
754 988 828 1052 dici.
852 987 887 1053 Si
908 989 1141 1054 contrariorum
1163 992 1291 1054 secretio
1303 996 1344 1053 est

255 1119 333 1164 vera
345 1099 521 1182 generatio,
535 1095 774 1161 Anaximander
790 1095 1024 1162 existimandus
1047 1105 1096 1163 est
1110 1101 1280 1182 putavisse,
1297 1100 1343 1180 ip

255 1227 335 1272 sam
363 1205 638 1290 generationis
658 1212 836 1270 naturam
859 1205 897 1270 in
921 1208 1212 1274 contrariorum
1234 1226 1343 1273 secre-

255 1319 365 1382 tione
378 1316 610 1396 consistere,
624 1319 656 1380 et
668 1334 739 1378 eam
754 1314 1005 1396 generationem,
1019 1335 1083 1397 qua
1095 1336 1113 1380 e
1127 1317 1281 1400 principio
1292 1317 1342 1378 ori·

254 1434 363 1492 rentur
375 1424 494 1500 mundi,
508 1423 648 1488 similem
660 1442 732 1488 esse
748 1421 789 1503 ei,
812 1424 942 1504 quaein
959 1424 1153 1489 animalibus
1163 1431 1340 1490 cerneretur.

254 1534 293 1600 Id
305 1534 389 1617 quod
402 1553 440 1598 eo
458 1532 585 1597 videtur
605 1531 746 1615 probari,
770 1530 942 1612 quodcum
957 1533 1097 1599 vidimus
1111 1535 1342 1610 statuere,ciroa

256 1643 509 1724 uniuscuiusque
543 1640 656 1706 mundi
688 1641 813 1705 initium
847 1661 888 1706 cx
918 1643 990 1724 ipso
1018 1644 1177 1726 principio
1207 1641 1341 1708 nonnisi

256 1753 460 1835 quoddam
486 1749 616 1815 mundi
640 1749 1340 1832 semencontrariorumfecundumtrd

258 1859 293 1926 ἐκ
314 1861 372 1925 τοῦ
395 1851 502 1924 ἀϊδίου
534 1859 669 1942 γόνιμον
692 1862 822 1940 θερμοῦ
853 1858 907 1922 καὶ
931 1859 1075 1940 ψυχροῦ)
1107 1864 1231 1926 secerni
1257 1868 1340 1941 atque

255 1990 296 2035 ex
319 1969 380 2035 hoc
402 1968 527 2035 demum
550 1969 623 2051 ipsa
646 1969 807 2033 contraria
829 1987 887 2052 per
905 1967 1049 2051 haecque
1060 1969 1215 2035 mundum
1232 1971 1298 2034 oriri
1311 1965 1339 2047 ¹).

257 2077 381 2158 Quodsi
404 2084 511 2142 autem
523 2077 713 2141 mundorum
733 2078 973 2160 generationem
995 2077 1132 2142 similem
1147 2098 1219 2144 osse
1231 2077 1339 2162 putavit

255 2188 293 2269 ei,
312 2208 395 2270 quae
418 2186 451 2251 in
474 2186 668 2251 animalibus
697 2191 888 2262 cameretur‚
920 2192 1169 2252 consentaneum
1192 2194 1248 2267 est,
1276 2206 1338 2251 eum

257 2297 386 2380 inipso
412 2297 569 2380 principio
603 2295 740 2360 similem
769 2296 867 2359 etiam
898 2295 1117 2378 generationis
1140 2316 1289 2375 caussam,
1309 2293 1339 2356 id

255 2409 313 2476 cst,
347 2408 552 2468 aeternam
582 2399 784 2483 quandam
817 2400 1030 2484 generandi
1066 2402 1338 2487 adpetitionem

254 2511 413 2595 posuisse.
458 2510 547 2588 Quae
581 2529 632 2575 res
666 2511 763 2593 plane
786 2510 945 2574 consentit
978 2530 1050 2575 cum
1072 2532 1122 2596 eo,
1155 2513 1239 2596 quod
1269 2511 1338 2576 baec

254 2619 431 2686 communis
454 2620 522 2683 fere
545 2624 593 2682 cst
615 2616 703 2700 apud
725 2619 922 2700 antiquiores
946 2620 1067 2702 opinio,
1092 2623 1225 2704 primam
1246 2640 1337 2686 rerum

254 2939 292 2976 ex
317 2939 389 2975 sese
413 2927 610 2977 secerneret
634 2924 818 2977 contraria.
856 2924 927 2978 Nam
956 2942 1019 2978 curn
1048 2925 1120 2980 banc
1149 2924 1335 2979 contrariorum

254 3017 438 3072 secretionem
456 3024 537 3088 putet
555 3019 687 3073 iniuriam
707 3037 774 3087 esse,
795 3020 825 3072 in
844 3038 899 3089 qna
918 3021 1145 3090 reEmpcdocles
1156 3039 1217 3075 curn
1235 3037 1263 3074 eo
1280 3035 1334 3072 con-

254 3115 349 3184 sentit,
368 3114 451 3169 facile
470 3114 652 3185 intellegitur,
678 3116 726 3184 qui
743 3115 805 3170 fieri
823 3117 956 3184 potuerit,
981 3120 1013 3170 ut
1030 3117 1211 3185 Empedocles
1233 3133 1279 3185 pro
1295 3129 1333 3183 gs·
1407 3151 1408 3176 r

253 3212 370 3266 nerandi
399 3211 572 3280 adpetitione
597 3210 802 3266 Discordiae
834 3212 901 3264 vim
934 3216 1051 3280 poneret
1082 3213 1200 3281 huicque
1230 3213 1333 3266 alterum

252 3307 442 3378 generationis
460 3306 630 3375 principium
649 3311 804 3376 opponeret
821 3307 1027 3362 Amicitiam.
1065 3307 1158 3376 Quare
1171 3327 1220 3380 ego
1237 3306 1333 3376 qnidam

255 3422 311 3459 non
334 3403 521 3473 improbabile
537 3421 595 3456 esse
609 3406 688 3473 puto,
708 3405 863 3473 expositam
882 3405 1060 3473 Empedoclis
1080 3406 1234 3460 doctrinam
1253 3404 1333 3470 aliquo

252 3501 335 3555 modo
355 3519 389 3556 ex
403 3499 607 3555 Anaximandri
618 3501 858 3555 doctrinanexam
877 3517 943 3556 esse.
981 3501 1035 3556 Sed
1046 3507 1149 3571 tamen,
1169 3504 1333 3571 cumpracter

252 3597 331 3652 illam
349 3596 468 3651 Diodori
487 3595 603 3665 Ephesii
622 3597 813 3652 narrationem
831 3598 902 3651 nihil
923 3597 958 3652 de
976 3599 1182 3654 necessitudine
1200 3601 1267 3652 inter
1277 3596 1331 3650 Em·

252 3693 396 3762 pedoclem
414 3696 443 3747 et
454 3692 694 3746 Anaximandrum
713 3693 787 3748 forte
807 3695 991 3750 intercedenti
1009 3696 1130 3750 relatum
1151 3697 1196 3758 sit,
1215 3713 1266 3749 non
1277 3693 1332 3744 licet

251 3790 286 3843 de
304 3789 386 3843 huius
404 3789 532 3844 doctrina
550 3807 584 3844 ex
602 3790 780 3859 Empedoclis
799 3791 928 3845 doctrina
948 3792 1129 3858 concludere3
1153 3798 1181 3847 ct
1198 3795 1331 3861 propterea

252 3885 373 3938 maxime
392 3884 464 3939 hanc
482 3886 702 3956 disputationem
722 3887 751 3940 in
770 3887 952 3942 adnotatione
971 3887 1077 3958 addidi,
1101 3907 1137 3943 ne
1156 3889 1221 3958 quid
1237 3886 1332 3939 viderer
1407 3935 1408 3956 ,

252 3979 387 4034 omisisse.
1407 4047 1408 4050 Ἴ

361 4077 387 4142 l)
409 4077 505 4132 Simile
524 4084 575 4146 est,
594 4078 668 4148 quod
689 4079 850 4135 Damascius
874 4080 919 4148 (de
937 4079 1060 4150 Princip.
1083 4099 1109 4150 p.
1130 4081 1193 4148 384)
1215 4079 1328 4139 Pherecy·
1407 4071 1408 4134 ἶ

252 4173 316 4227 dem
334 4173 422 4228 refert
443 4174 579 4243 docuisse,
609 4171 676 4244 ,ndu
695 4171 804 4246 Κρόνον
828 4177 942 4244 ποιῆσαι
964 4178 1000 4229 ἐκ
1021 4179 1078 4230 τοῦ
1100 4173 1207 4247 γόνου
1229 4161 1328 4228 ἑαυτοῦ

253 4271 307 4339 πῦρ
326 4274 372 4322 καὶ
391 4271 501 4340 πνεῦμα
520 4275 565 4322 καὶ
583 4267 684 4340 ὕδωρ.“
