2864 4904
778 299 830 356 128

256 475 330 544 dem
351 463 570 544 commentarii
593 480 695 559 parte,
718 494 801 558 quae
825 473 965 559 pertinet
986 471 1029 536 ad
1038 471 1223 538 Aristotelis
1246 467 1340 552 dispr-

255 588 407 653 tationem
430 585 470 652 de
501 583 634 659 infinito,
667 585 700 648 in
729 604 794 666 qua
825 583 863 666 is,
897 581 937 646 de
968 581 1113 665 physicis
1146 580 1266 660 dicens,
1296 577 1342 660 qni

257 715 372 780 corpus
395 695 543 761 omnibus
566 695 662 760 rebus
685 694 864 760 subiectum
886 693 984 758 velint
1006 690 1163 777 infinitum
1179 709 1260 770 esse,
1282 707 1341 753 sae-

256 807 327 891 pius
351 823 461 870 corum
484 804 678 870 mentionem
699 802 788 884 facit,
806 803 872 884 ¹qui
892 794 931 865 τὸ
953 793 1045 883 παρὰ
1071 794 1112 862 τὰ
1134 801 1280 879 στοιχεῖα
1300 796 1343 862 vel

256 909 294 980 ci
324 907 444 998 μεταξύ
476 904 574 996 ἀέρος
608 910 663 977 καὶ
693 905 813 988 ὕδατος
842 910 1001 977 infinitum
1032 918 1162 994 ponent.
1203 908 1343 991 Singulos

256 1027 343 1092 locos
376 1042 486 1091 rursus
518 1022 629 1090 ordine
662 1011 837 1105 dispositos
869 1021 1095 1087 adnotavimus
1104 1020 1137 1100 ¹).
1181 1019 1281 1084 Tertii
1306 1017 1343 1080 le·
1403 1109 1404 1132 ¹

257 1229 454 1237 ————

356 1354 383 1408 b.
402 1351 533 1423 Triginta
551 1351 817 1422 quinqueremibus
836 1350 990 1406 interiectis
1004 1350 1176 1422 Philoponus
1195 1351 1232 1404 sic
1243 1349 1343 1419 pergit:

258 1447 309 1522 ,ὃν
325 1446 430 1520 τρόπον
449 1441 505 1518 οὖν,
524 1454 620 1520 φησίν,
639 1451 665 1501 οἱ
682 1447 745 1519 περὶ
760 1444 957 1518 Ἀναξαγόραν
974 1452 1020 1502 καὶ
1037 1445 1223 1519 Ἐμπεδοκλέα
1235 1449 1343 1516 ἐκκρίσει
1403 1447 1404 1460 ³

256 1545 306 1615 τὴν
327 1550 438 1617 γένεσιν
454 1553 582 1616 γίνεσθαι
601 1549 736 1615 λέγουσιν,
762 1541 832 1600 οὕτω
855 1549 900 1598 καὶ
917 1543 1193 1618 Ἀναξίμανδρος
1210 1542 1296 1614 [λέγει]
1313 1543 1344 1595 ἐκ
1403 1535 1404 1586 T

257 1644 399 1698 τοῦκατ’
428 1639 531 1697 αὐτὸν
558 1647 740 1715 στοιχείου,
766 1638 850 1712 ὅπερ
877 1643 953 1696 ἐστὶ
973 1640 1008 1695 τὸ
1036 1639 1160 1714 μεταξὺ
1182 1637 1276 1711 πυρὸς
1294 1641 1343 1692 καί
1403 1685 1404 1688 ,

257 1737 354 1809 ἀέρος
372 1732 388 1807 ἣ
407 1736 506 1811 ἀέρος
524 1743 577 1792 καὶ
597 1734 725 1808 ὕδατος,
744 1738 883 1809 ἀπείρου
900 1733 998 1798 ἀντος
1015 1734 1188 1793 καὶπάντα
1206 1736 1343 1806 {visuro}
1403 1753 1404 1756 ’

258 1841 486 1908 περιέχοντος,
504 1835 537 1889 τὰ
556 1830 623 1889 ἀλλα
641 1842 779 1906 γίνεσθαι,
798 1837 905 1908 μᾶλλον
925 1837 956 1890 δὲ
976 1835 1161 1906 έκκρίνεσδαι,
1182 1833 1229 1902 τὴν
1244 1839 1343 1904 γένεσιν

257 1931 343 1996 οὐδὲν1
357 1933 426 1988 εἶναι
446 1932 553 2003 [λέγων]
574 1927 641 1986 ἀλλο
660 1931 675 2001 ἢ
694 1935 816 2003 ἔκκρισιν
834 1938 880 1987 καὶ
899 1936 1046 2006 ἔκφανσιν·
1068 1937 1114 1986 καὶ
1130 1933 1213 2000 δῆλον
1222 1927 1259 1984 ὅτι
1269 1929 1343 1984 ταῦτα

256 2027 376 2100 tepent
400 2031 620 2102 Ἀναξίμανδρος
642 2027 722 2090 αὐτὸς
746 2028 794 2090 τὰς
820 2031 915 2084 ἑαυτοῦ
939 2034 1032 2090 θέσεις
1056 2023 1162 2105 ἀνῄρει·
1188 2025 1287 2099 οὐγὰρ
1308 2027 1341 2079 ἔτι

256 2131 309 2199 μίτι
328 2123 344 2193 ἡ
362 2123 439 2192 κοινὴ
457 2127 513 2180 τῶν
530 2121 642 2182 πάντων
660 2123 731 2199 ἀρχὴ
749 2125 779 2182 τὸ
798 2122 899 2200 μεταξύ
918 2168 924 2182 .
945 2166 951 2180 .
972 2133 996 2180 .“
1403 2107 1404 2112 ¹

357 2241 380 2277 c.
399 2221 470 2277 Tum
490 2241 585 2277 rursus
604 2224 732 2279 inferius:
754 2227 802 2294 ,οἱ
819 2225 883 2296 μὲν
901 2226 955 2278 τῶν
974 2225 1100 2296 φυσικῶν
1115 2217 1280 2290 ποιήσαντες,
1296 2240 1342 2292 ιρρ

258 2325 312 2389 σίν,
336 2319 366 2374 έν
382 2320 413 2373 τὸ
432 2321 498 2388 πάν,
521 2313 649 2390 rocroort,
668 2326 738 2388 μίαν
756 2318 844 2392 ἀρχὴν
862 2316 973 2375 πάντων
991 2324 1037 2374 καὶ
1056 2320 1110 2390 [ἓν]
1129 2318 1160 2374 τὸ
1178 2319 1344 2390 ἀποκείμενον

258 2408 428 2483 ποιήσαντες,
448 2416 584 2469 καὶτοῦτο
602 2413 650 2470 οὐκ
669 2411 819 2489 ἀσώματόν
837 2437 859 2470 τι
880 2413 947 2469 ἀλλὰ
967 2417 1049 2488 σῶμα
1067 2418 1126 2470 κατ’
1146 2418 1287 2488 ἐνέργειαν,
1304 2417 1344 2467 καί

258 2514 341 2585 σῶμα
359 2507 375 2580 ἢ
394 2513 425 2567 ἓν
442 2513 497 2566 τῶν
509 2515 590 2582 τριῶν
603 2519 755 2584 στοιχείων,
774 2511 859 2582 πυρὸς
875 2510 956 2584 ἀέρος
970 2509 1076 2582 ὕδατος,
1094 2507 1202 2580 iiiito
1220 2533 1245 2566 τι
1264 2505 1342 2580 παρὰ

258 2609 356 2662 ταῦτα
376 2607 497 2680 μεταξὺ
515 2606 645 2679 τούτων,
665 2607 739 2665 οἷον
763 2605 909 2666 ἀπέδετο
928 2613 1208 2683 Ἀναξίμανδρος,
1234 2608 1264 2664 τὰ
1285 2603 1342 2661 citio
1403 2615 1404 2678 t

259 2702 373 2776 σώματα
391 2706 527 2775 γεννῶσιν
545 2706 575 2758 έν
595 2706 642 2758 τοῦ
661 2702 743 2758 αὐτοῦ
760 2683 896 2776 στοιγείου
914 2709 1104 2776 πυκνουμένου
1122 2698 1138 2771 ἢ
1156 2699 1342 2776 μανουμένου.“

359 2800 385 2855 d.
405 2801 532 2870 Denique
557 2801 587 2854 in
607 2784 677 2854 187·
692 2802 738 2856 20:
769 2805 812 2872 ,οί
831 2801 857 2854 δ’
876 2803 907 2856 ix
924 2803 974 2855 τοῦ
996 2800 1058 2862 ἑνὸς
1084 2797 1200 2862 ἐνούσας
1216 2799 1261 2862 τὰς
1280 2801 1343 2854 trav-

257 2893 379 2964 τιότητας
391 2898 568 2965 ἐκκρίνουσιν,
588 2892 645 2956 οἷος
661 2888 695 2963 ἦν
712 2897 997 2969 Ἀναξίμανδρος·
1018 2894 1184 2970 ίνυπάρχειν
1203 2896 1255 2971 γὰρ
1267 2899 1345 2966 ἔλεγεν

259 2996 294 3048 έν
312 2995 354 3048 τῶ
371 2988 504 3066 μεταξύ,
524 2989 608 3064 ὅπερ
627 2985 667 3061 ἦν
689 2996 756 3048 κατ’
781 2991 882 3050 αὐτὸν
900 3003 1086 3069 στοιχεῖον,
1110 2993 1144 3050 τά
1169 2998 1275 3051 ἐναντία
1297 2991 1344 3046 κατ’

259 3089 431 3163 ένέργειαν.“

363 3205 388 3272 1)
408 3202 431 3256 Ε
450 3203 649 3258 commentario
669 3205 698 3258 in
717 3205 799 3274 Phys.
816 3206 896 3275 111‚t
914 3210 971 3262 et5
992 3207 1022 3262 hi
1042 3207 1189 3262 adferendi
1208 3211 1272 3262 sunt
1290 3202 1345 3258 loci:

359 3317 384 3353 a.
403 3299 436 3352 In
455 3299 504 3368 III,
516 3301 539 3354 4.
560 3299 633 3354 2021>
649 3303 692 3364 30,
712 3303 761 3356 ubi
784 3303 953 3357 Aristoteles
967 3300 1187 3372 disputationem
1208 3299 1346 3358 deinfinito

261 3397 370 3466 incipit,
390 3396 570 3467 Philoponus,
588 3400 737 3466 postquam
758 3397 827 3452 duas
847 3417 905 3453 esse
923 3398 997 3452 dixit
1020 3398 1054 3452 de
1072 3398 1184 3454 infinito
1203 3396 1347 3456 sententias,

261 3494 379 3550 alteram
393 3510 496 3548 eorum.
516 3493 564 3562 qui
585 3489 766 3562 ,,αιἰτοουσίαν
778 3491 837 3546 τινὰ
850 3495 897 3548 τοῦ
915 3489 1049 3564 ἀπείροο“
1061 3499 1228 3565 statuerent,
1245 3497 1349 3551 alterum

261 3607 366 3655 eorum,
385 3589 433 3657 qui
452 3587 586 3643 infinitati
605 3591 689 3644 aliern
708 3590 848 3662 quendam
867 3595 999 3646 naturam
1018 3592 1184 3658 subicerent,
1210 3610 1280 3662 quae
1300 3590 1348 3660 qui·

261 3687 324 3740 dem
345 3685 524 3756 physicorum
544 3690 615 3740 esset
628 3687 775 3752 sententia,
796 3687 921 3742 dehisce
940 3688 995 3742 ait:
1016 3681 1099 3758 ,ἀλλο
1111 3688 1168 3760 μὲν
1179 3683 1234 3760 γάρ
1253 3709 1274 3742 τι
1293 3688 1351 3740 εἶναι’

261 3799 332 3854 φασι
351 3779 401 3849 τὴν
419 3783 483 3835 καθ’
502 3776 585 3850 αὑτὴν
595 3777 691 3854 ἀρχήν,
710 3779 770 3837 οἷον
787 3779 854 3854 ἀέρα
876 3777 890 3848 ἢ
910 3785 965 3855 πῦρ
983 3777 998 3851 ἢ
1015 3774 1070 3839 τῶν
1082 3778 1173 3838 ἀλλων
1191 3806 1225 3856 τι,
1244 3779 1349 3853 ἢπάντα

261 3879 352 3944 ταῦτα,
372 3873 388 3945 ἦ
407 3897 475 3947 τινα,
494 3873 510 3945 ἢ
528 3875 559 3932 τὸ
577 3876 702 3952 μεταξὺ
720 3875 869 3936 τοὺτων.“
907 3881 1040 3935 Auctoris
1053 3899 1154 3936 nomen
1168 3899 1225 3936 non
1242 3881 1349 3936 additur.

361 3993 388 4046 b.
408 3992 441 4045 In
461 3993 590 4062 203216,
618 3993 667 4048 ubi
684 3994 853 4050 Aristoteles
875 3995 1004 4064 physicos
1022 3995 1091 4052 dicit
1109 3993 1221 4050 infinito
1240 3995 1349 4050 subicere

263 4090 312 4140 eut
330 4105 416 4140 unum
435 4106 470 4142 ex
490 4090 644 4154 elementis,
663 4107 764 4158 equom
786 4091 918 4146 videlicet
937 4093 982 4146 vel
1001 4109 1102 4155 aerem,
1122 4097 1173 4146 aut
1192 4090 1227 4146 τὸ
1244 4079 1348 4164 μεταξὺ

263 4177 395 4251 τούτων,
419 4184 472 4238 aii:
505 4181 591 4256 ,ἀρχὴ
618 4183 672 4256 γὰρ
699 4181 804 4256 ἑκάστῳ
827 4188 891 4240 καθ’
916 4185 981 4242 αὑτὸ
1003 4182 1077 4257 ἀλλο,
1100 4182 1157 4255 ἦτοι
1180 4188 1195 4242 ὁ
1219 4185 1269 4259 ἀὴρ
1289 4181 1303 4252 ἢ
1322 4181 1345 4237 τὸ
