2850 4904
954 277 959 308 t

778 335 827 388 168

245 511 352 578 tione
375 514 524 595 generari
542 512 653 590 velint,
676 530 759 592 quae
775 508 904 592 quidem
921 508 1102 575 differentia
1120 509 1275 592 perspicue
1285 510 1327 572 in-

244 620 369 685 dieatnr
401 621 479 704 ipsis
510 620 630 702 verbis,
664 639 748 702 quae
780 621 826 684 ita
861 619 1059 685 scribuntur:
1094 611 1146 701 „oi
1167 615 1223 699 μὲν
1240 667 1247 681 .
1267 667 1273 681 .
1293 666 1327 681 ..

243 715 345 792 τᾶλλα
365 730 501 812 γεννῶσι
523 727 737 812 πυκνότητι
758 721 1025 812 καὶμανότητι
1048 727 1175 791 πολλὰ
1188 729 1327 792 ποιοῦν-

244 862 317 922 τες,
351 832 382 903 οἳ
415 836 452 903 δὲ
488 837 523 903 ἐκ
554 839 627 921 τοῦ,
660 833 732 914 ἑνὸς
768 831 937 914 ἐνούσας
968 837 1035 914 τὰς
1070 835 1329 921 ἐναντιότητας

246 945 502 1034 ε’κκρίνεσθαί
524 943 682 1035 [φασιν]“.
728 948 794 1014 Iam
828 966 903 1014 vero
931 947 974 1013 ad
993 941 1044 1012 ‘oi
1065 937 1149 1030 μέν’,
1171 947 1204 1012 id
1224 954 1276 1028 est,
1294 945 1330 1011 nd

245 1061 383 1144 priorem
419 1057 630 1143 physicorum
666 1063 801 1140 partem,
835 1055 948 1121 addite
969 1063 1043 1122 sunt
1066 1057 1175 1135 verba,
1198 1050 1232 1120 ἓν
1250 1049 1330 1141 nors}-

245 1190 360 1245 σαντες
391 1161 430 1230 τὸ
462 1161 501 1231 ὂν
533 1167 629 1247 σῶμα
664 1160 702 1228 τὸ
735 1159 970 1249 ὑποκείμενον,
1002 1157 1024 1248 ἢ
1055 1164 1124 1228 τῶν
1152 1165 1250 1246 τριῶν
1268 1157 1331 1248 trip*

244 1268 335 1360 dito,
368 1271 388 1340 ὅ
420 1274 491 1341 ἐστι
516 1268 622 1356 πυρὸς
643 1272 703 1357 μὲν
727 1268 931 1357 πυκνότερον
951 1265 1050 1356 ἀέρος
1071 1271 1108 1339 δὲ
1129 1273 1331 1356 λεπτότερον,

246 1403 329 1471 qnae
352 1385 451 1452 verba
472 1392 583 1470 aperte
607 1392 680 1452 sunt
701 1384 875 1469 adpositio,
898 1404 962 1469 que
984 1386 1032 1450 ilii
1051 1377 1102 1448 ‘oi
1122 1376 1206 1469 μέν’,
1239 1385 1332 1468 aliquo

245 1497 341 1562 modo
365 1495 576 1579 definiuntur;
597 1495 640 1563 ad
659 1490 709 1560 ‘oi
732 1493 780 1560 δὲ’
805 1501 911 1562 autom
932 1497 1020 1561 nulla
1042 1494 1200 1561 eiusmodi
1220 1492 1332 1578 adposi-

246 1609 290 1672 tio
313 1604 427 1670 addita
448 1611 506 1680 est,
530 1604 588 1671 sed
611 1604 687 1672 nodi
718 1607 811 1688 quasi
837 1625 908 1671 oum
931 1625 989 1672 suo
1012 1599 1201 1688 praedicato
1223 1606 1334 1670 eonion·

246 1722 373 1799 guntur.
417 1713 507 1791 Quae
530 1734 602 1779 enm
624 1716 670 1780 ita
687 1716 760 1795 sint,
783 1715 965 1781 necessario
988 1716 1068 1780 haee
1089 1717 1232 1780 exoritur
1253 1732 1334 1797 qnae-

246 1828 316 1909 stio,
349 1826 405 1891 iila
437 1824 537 1889 verba
571 1823 614 1888 ad
641 1817 691 1888 ‘oi
713 1821 786 1906 μέν’
816 1823 968 1909 adposita
989 1831 1096 1891 utrum
1118 1824 1161 1890 ad
1183 1823 1241 1890 hos
1262 1823 1334 1890 solos

246 1936 438 2020 pertineant,
463 1953 504 1998 arr
528 1933 572 1998 ad
591 1927 640 1996 ‘oi
661 1925 716 1998 δὲ’
739 1953 878 2018 quoque,
912 1933 944 1999 id
967 1940 1024 2017 est,
1047 1934 1091 2000 ad
1112 1937 1247 2001 alteram
1267 1933 1334 2017 phy·

245 2048 384 2112 sicerum
415 2050 551 2128 partem,
583 2043 754 2110 referenda
780 2043 853 2111 sint.
898 2044 987 2110 Haeo
1010 2050 1118 2110 antem
1140 2046 1281 2129 quaestio
1299 2040 1335 2105 ad

244 2155 308 2221 loei
332 2155 530 2220 intellectum
553 2154 746 2238 gravissima
768 2149 832 2237 est,
862 2173 1001 2237 nemque
1021 2155 1051 2220 si
1069 2154 1113 2220 ad
1132 2147 1182 2216 ‘oi
1203 2145 1275 2236 μέν’
1294 2173 1335 2218 so·

184 2293 192 2312 ·
244 2267 311 2330 lum
336 2263 507 2346 pertinent,
527 2264 688 2347 quandam
712 2263 896 2348 significant
917 2264 1213 2347 differentiam,
1236 2260 1335 2347 quahi

245 2375 286 2441 eb
313 2376 416 2441 altera
439 2374 646 2458 physicorum
668 2380 760 2458 perte
784 2373 944 2453 differant,
980 2394 1077 2457 quam
1108 2374 1238 2458 quidem
1259 2371 1336 2439 diffe-

249 2485 387 2550 rentiam
406 2484 464 2549 illa
485 2503 609 2549 summa
631 2483 824 2565 differentia,
848 2504 944 2568 quam
968 2486 1000 2550 in
1024 2484 1156 2551 diverse
1181 2485 1222 2551 de
1244 2501 1336 2549 rerum

243 2594 452 2677 generatione
474 2591 621 2658 doctrine
655 2595 731 2677 poni
751 2593 904 2677 vidimus,
940 2595 1081 2677 priorem
1103 2614 1176 2661 esse
1200 2595 1337 2674 illiusque

245 2704 402 2769 rationem
431 2701 596 2769 eontinere
627 2709 787 2787 oporteat3
821 2705 1001 2770 sinautem
1024 2702 1148 2787 pariter
1170 2703 1212 2770 ad
1227 2695 1273 2764 ‘oi
1293 2697 1337 2763 δὲ’

243 2831 371 2895 quoque
407 2811 577 2877 referenda
615 2818 706 2896 sunt,
744 2813 925 2897 significant
961 2813 1157 2879 rationem
1192 2812 1338 2894 utrique

244 2922 350 3006 parti
373 2920 459 2987 sive
480 2921 666 2987 omnibus
689 2920 874 3006 physicis
896 2943 1146 2989 eommonem.
1191 2921 1241 2987 Ad
1254 2938 1338 3004 quam

243 3031 465 3112 quaestionem
499 3049 693 3113 quamquam
730 3038 828 3098 antea
864 3033 929 3098 iam
968 3034 1014 3098 ita
1051 3031 1283 3116 respondimus,
1310 3035 1339 3095 ut

243 3139 343 3206 verba
382 3131 439 3203 illa
466 3139 589 3223 pariter
621 3139 663 3204 ad
697 3133 745 3202 ‘oi
767 3130 841 3220 μέν’
864 3146 896 3206 et
917 3139 960 3205 ad
983 3133 1033 3203 ‘oi
1054 3131 1114 3224 δὲ’,
1152 3141 1188 3206 id
1224 3145 1271 3207 est
1301 3136 1339 3204 ad
1407 3183 1408 3198 t

247 3254 415 3330 utramque
448 3248 649 3332 physieorum
683 3254 805 3333 partem
841 3251 1000 3334 pertinere
1034 3249 1222 3333 diceremus,
1244 3257 1338 3315 tamen

245 3375 387 3440 eaussas,
426 3357 467 3422 ob
502 3345 582 3439 qaas
618 3358 663 3423 ita
697 3358 958 3443 respondendnm
989 3378 1061 3425 esse
1083 3358 1255 3441 videretur,
1283 3377 1338 3422 non

246 3467 425 3543 attulimus3
448 3465 510 3533 hae
531 3467 630 3550 igitur
651 3488 737 3533 none
757 3467 822 3532 iam
846 3467 1042 3537 indieandas
1065 3475 1148 3536 sunt.

344 3575 486 3641 Primum
522 3576 620 3660 igitur
652 3597 716 3642 non
747 3577 876 3643 obstare
909 3579 1068 3645 rationem
1099 3578 1340 3661 grammatieam,

244 3686 413 3767 quominus
434 3686 490 3750 illa
509 3685 609 3750 verba
630 3683 673 3751 ad
692 3678 741 3749 ‘oi
756 3681 827 3767 μέν’
854 3687 1006 3772 adposite
1026 3687 1069 3755 ad
1089 3680 1138 3750 ‘ot
1153 3685 1201 3752 δὲ’
1226 3702 1339 3771 quoqne

244 3794 437 3878 referantur,
457 3793 546 3861 facili
570 3815 668 3879 opere
686 3797 892 3880 intellegitur.
939 3796 1093 3876 Quamvis
1116 3799 1200 3864 enim
1223 3799 1338 3880 elegan-
1406 3795 1407 3812 ¹

244 3904 308 3969 tius
331 3911 363 3969 et
385 3902 428 3972 ad
450 3923 587 3988 graecae
608 3907 740 3989 linguae
762 3926 853 3972 usum
876 3905 1152 3974 accommodatius
1176 3910 1226 3990 sit,
1247 3908 1273 3972 si
1294 3923 1339 3988 ge-

226 4007 304 4078 'nus
319 4012 452 4095 aliquod
466 4016 634 4081 vocabulis
658 4013 675 4079 ὃ
697 4013 757 4098 μὲν
778 4051 820 4063 -
843 4013 914 4080 dds*
929 4018 981 4083 vel
1004 4010 1035 4081 oi
1057 4015 1117 4099 μὲν
1140 4053 1181 4064 -
1205 4009 1237 4080 oi
1257 4013 1291 4079 δὲ
1311 4014 1338 4077 in

245 4126 353 4207 partes
375 4120 541 4203 dividitur,
582 4126 688 4208 ipsum
721 4145 822 4210 genus
854 4127 986 4209 eiusque
1015 4127 1239 4193 attributiones
1263 4128 1339 4189 ante-

245 4249 363 4314 ponere
395 4250 433 4297 ao
468 4239 536 4298 tum
569 4234 697 4301 demum
728 4256 830 4320 genos
863 4238 894 4302 in
926 4244 1037 4321 partes
1067 4234 1222 4320 dividere,
1244 4242 1339 4302 tamen
