2882 4902
795 395 830 449 54

261 568 337 634 telis
359 567 613 654 disputationem
634 566 755 632 iontem
776 585 857 649 esse,
882 586 900 632 e
922 585 986 649 qno
1008 564 1259 651 Theophrastus
1283 566 1371 632 illam
1433 623 1434 644 ,

261 698 353 744 suam
375 677 416 744 do
433 676 666 744 Anaximandri
682 677 841 762 prinoipio
857 675 1049 743 sententiam
1071 676 1224 743 hauserit.
1263 678 1372 760 Atque

262 788 344 856 haee
365 795 415 855 ost
436 787 540 874 prima
561 787 716 873 principii
739 787 827 854 illius
849 786 1080 872 interpretatio.

361 896 503 964 Sedent
531 903 700 980 praeterea
727 896 794 961 alia
820 895 980 979 quandam
1013 895 1254 980 interpretatio,
1291 917 1373 979 qnae

262 1005 446 1073 neeessario
470 1005 538 1071 fere
564 1007 709 1089 seqnitur
737 1026 778 1072 ex
805 1005 990 1074 Aristotelis
1019 1004 1167 1078 doctrina
1197 1004 1238 1070 de
1284 1025 1371 1070 oon-

261 1115 469 1183 trariorum
491 1106 682 1182 mixtione
703 1121 740 1181 et
762 1115 908 1180 orienti
930 1135 976 1180 ex
997 1115 1070 1180 huo
1089 1114 1294 1182 mixtione
1318 1135 1372 1197 eo,

262 1224 367 1308 quod
388 1223 502 1290 inter
524 1225 718 1291 contraria
740 1224 910 1291 medium
932 1225 993 1291 sit.
1034 1225 1093 1290 Est
1114 1223 1216 1306 onim,
1237 1229 1282 1288 ut
1306 1243 1372 1288 rem

262 1353 357 1417 quam
389 1333 595 1418 pannissimis
625 1333 808 1412 absolvam,
834 1333 962 1418 insigne
991 1332 1155 1417 quoddam
1176 1331 1371 1399 Aristotelis
1435 1345 1436 1358 ¹

261 1443 431 1529 placitum,
453 1443 487 1508 in
509 1457 700 1526 unoquoque
722 1461 840 1526 genere
862 1442 925 1508 duo
946 1463 1019 1509 esso
1041 1443 1146 1528 prima
1167 1443 1340 1508 contraria
1351 1441 1372 1522 ¹)

263 1587 303 1598 -
319 1551 399 1618 haee
420 1552 582 1618 contraria
604 1560 710 1619 autem
732 1560 807 1619 sunt
826 1539 963 1637 primum
976 1551 1149 1635 qualitates
1170 1552 1371 1625 contrariae,

262 1679 344 1743 qnae
365 1667 439 1728 sunt
454 1661 581 1746 generis
592 1662 716 1746 primae
739 1662 1019 1740 differentiae,
1043 1668 1109 1728 tum
1125 1681 1175 1728 res
1189 1661 1371 1728 contrariis
1436 1717 1437 1740 ,

263 1767 313 1836 his
334 1770 544 1853 qualitatibus
567 1771 767 1851 informatae,
790 1791 873 1856 quae
888 1779 962 1838 snut
974 1773 1102 1856 generis
1123 1771 1247 1856 primae
1268 1789 1371 1858 spe·

262 1877 384 1960 oies²)
398 1915 451 1960 -,
475 1899 620 1964 quaeqae
642 1882 677 1946 in
699 1901 825 1965 quoqne
846 1901 964 1967 genere
991 1881 1077 1948 inter
1099 1881 1178 1947 haee
1199 1882 1370 1948 contraria

262 1987 431 2054 interieota
460 1989 526 2056 sint
555 1990 680 2066 media,
712 1991 781 2056 sive
811 2010 908 2057 unum
922 1979 925 1987 ’
938 1997 1061 2057 tantum
1089 1991 1132 2056 sit
1162 1991 1231 2056 sive
1258 1993 1369 2075 plura,

261 2099 492 2166 eontrariorum
512 2099 669 2166 mixtione
689 2099 768 2165 oriri
777 2103 803 2180 ³)
825 2102 901 2177 (non
924 2099 1052 2166 misceri
1076 2100 1165 2184 ipsas
1188 2100 1368 2183 qualitates
1437 2085 1438 2122 ³

263 2209 441 2276 contrarias
464 2209 522 2276 sed
543 2231 594 2276 res
616 2211 685 2278 sive
707 2210 866 2276 elementa
887 2209 1058 2276 contrariis
1080 2210 1293 2294 qualitatibus
1319 2211 1368 2276 in-

262 2317 408 2395 formata,
431 2317 488 2384 vix
510 2338 591 2402 opus
614 2325 662 2384 est
684 2319 962 2400 commemorare),
991 2319 1092 2386 veluti
1113 2319 1148 2384 in
1171 2339 1289 2404 genere
1313 2341 1366 2386 oo·

261 2427 339 2494 loris
362 2427 468 2512 prima
490 2427 652 2494 eontraria
674 2427 739 2493 sint
760 2427 868 2494 album
891 2435 923 2494 et
945 2428 1089 2512 nigrum,
1120 2449 1162 2494 ox
1187 2427 1367 2514 horumque
1438 2457 1439 2528 p

363 2715 389 2780 l)
408 2714 542 2784 Sufficiet,
561 2733 664 2786 pannos
677 2721 788 2771 tuntum
803 2717 880 2772 ineos
894 2717 1028 2774 attulisse.
1050 2717 1133 2789 Phys.
1147 2718 1169 2787 1,
1182 2720 1207 2772 6.
1228 2719 1302 2776 189¹)
1316 2722 1365 2773 25:

261 2806 323 2875 „cist
344 2807 397 2880 γὰρ
417 2811 454 2864 ἐν
483 2811 534 2866 ἑνὶ
558 2816 651 2881 γένει
672 2818 739 2884 pta
767 2815 973 2874 ἐναντίωσίς
999 2815 1100 2871 ἐστιν.“
1136 2815 1260 2885 Metaph.
1283 2817 1319 2884 X,
1339 2821 1364 2871 4.

263 2908 349 2960 1055·
364 2909 394 2962 4:
419 2907 494 2976 ,ἐστι
510 2925 550 2966 τίς
566 2914 684 2980 μεγίστη
703 2905 833 2982 διαφορά,
850 2914 896 2963 καλ
913 2905 1012 2978 ταύτην
1034 2913 1106 2981 λέγω
1131 2911 1364 2967 ἐναντίων.“

261 3003 341 3071 Quod
358 3008 503 3073 postquam
523 3003 744 3060 demonstratum
761 3012 813 3076 est,
831 3007 946 3062 additur
965 3026 990 3062 v.
1011 3009 1058 3062 19:
1082 3008 1203 3076 ,,τούτων
1223 3009 1256 3063 δὲ
1276 3003 1366 3064 ὄντων

261 3094 392 3173 φανερόν,
408 3096 516 3182 iuuenix
534 3101 674 3172 ἐνδέχεται
693 3102 745 3158 ἑνὶ
764 3106 870 3157 πλείω
889 3105 1027 3159 ἐναντία
1048 3105 1143 3160 είνατ.“

360 3214 389 3285 2)
407 3213 530 3284 Metaph.
549 3215 583 3284 X,
602 3217 628 3270 7.
648 3217 766 3271 1057b4
784 3235 824 3287 sq.

360 3327 389 3399 3)
408 3327 478 3384 lbid.
498 3329 592 3384 1057·
607 3332 652 3384 18:
690 3332 769 3400 „inst
795 3332 827 3386 δὲ
852 3333 907 3387 τῶν
930 3333 1061 3387 ἐναντίων
1079 3333 1220 3405 ἐνδέχεται
1248 3335 1323 3388 εἶναί
1340 3355 1363 3389 τι

261 3422 362 3496 μεταξὺ
381 3427 427 3478 καὶ
445 3425 525 3479 ἐνίων
543 3427 628 3492 ἐστιν,
651 3421 782 3497 ἀνάγκη
807 3429 842 3482 ἐκ
864 3429 927 3484 τῶν
943 3429 1112 3484 ἐναντίων
1127 3430 1221 3484 εἶναι
1238 3427 1278 3484 τὰ
1298 3449 1363 3503 με·

260 3515 365 3581 ταξὺ.“
400 3519 471 3576 ibid.
492 3523 625 3578 105⁷b3:
653 3519 776 3594 „rivdyxp
802 3522 869 3578 αὐτὰ
898 3522 941 3590 (τὰ
958 3522 1069 3599 μεταξὺ)
1089 3531 1308 3596 συγκεῖσθαι
1328 3529 1365 3582 ἐν

260 3613 391 3674 τούτων
424 3619 489 3674 τῶν
520 3621 717 3676 ἐναντίων.“
754 3621 868 3678 ibidv.
889 3625 937 3676 23:
980 3623 1029 3689 ,,ἐκ
1054 3623 1086 3677 δέ
1110 3624 1364 3679 τῶνέναντίων

259 3719 395 3785 γίνεταί
412 3737 450 3783 τι,
469 3711 533 3770 ὥστ’
550 3717 624 3771 ἔσται
643 3715 781 3789 μεταβολὴ
799 3720 934 3778 sicandro
954 3724 1021 3790 πρὶν
1037 3712 1053 3787 ἢ
1071 3723 1108 3780 εἰς
1125 3713 1211 3774 αὐτά·
1231 3719 1363 3792 ἑκατέρου

259 3807 315 3882 γὰρ’
342 3814 388 3864 καὶ
414 3795 496 3880 ἦττον
519 3814 666 3872 innatant
691 3816 818 3886 μᾶλλον·
841 3811 942 3888 μεταξὺ
965 3809 1019 3887 ἄρα
1042 3817 1118 3870 ἔσται
1141 3820 1187 3870 καὶ
1210 3816 1291 3870 τοῦτο
1307 3817 1363 3872 τῶν

261 3909 477 3965 ἐναντίών.καλ
500 3901 583 3963 τᾶλλα
613 3905 666 3981 ἄρα
687 3905 800 3967 πάντα
824 3907 971 3968 σύνθετα
998 3910 1037 3967 τὰ
1066 3907 1200 3985 μεταξύ
1219 3953 1226 3969 .
1246 3954 1253 3968 .
1273 3953 1281 3967 .
1300 3915 1362 3968 ἐπεὶ

260 4005 286 4058 d’
305 4001 353 4058 οὖν
372 4003 447 4060 ἐστὶν
469 4004 547 4077 ἕτερα
576 4000 695 4078 πρότερα
719 4005 842 4080 ὁμογενῆ
864 4009 919 4063 τῶν
947 4009 1085 4073 ἐναντίων,
1109 4004 1231 4064 ἅπαντ’
1262 4003 1303 4065 ἂν
1326 4011 1362 4066 ἐν

259 4103 327 4156 τῶν
352 4101 524 4158 ἐναντίων
547 4107 599 4170 εἴη
616 4100 654 4157 τὰ
673 4097 798 4176 μεταξῦ“.
834 4105 916 4176 Phys.
936 4105 956 4170 1,
977 4107 1002 4161 5.
1023 4105 1153 4160 188b23:
1178 4103 1228 4176 „uir
1250 4105 1282 4162 δὲ
1300 4125 1361 4175 με·

259 4195 335 4259 ταξὺ
356 4198 370 4253 ἐ
376 4218 392 4251 κ
414 4199 478 4256 τῶν
495 4199 657 4255 ἐναντίων
675 4202 758 4267 ἐστίν,
777 4195 837 4257 οἷον
851 4196 987 4274 χρώματα
1006 4203 1037 4258 ἐκ
1055 4203 1150 4257 λευκοῦ
1168 4207 1214 4257 καὶ
1231 4205 1360 4275 μέλανος·

261 4291 330 4350 ὥστε
349 4289 429 4351 πάντ’
447 4291 482 4351 ἂν
499 4303 539 4364 εἴη
559 4294 592 4350 τὰ
611 4291 694 4369 φύσει,
711 4294 847 4370 γινόμενα
865 4291 881 4366 ἢ
901 4299 1010 4354 ἐναντία
1028 4294 1045 4366 ἢ
1063 4299 1092 4361 ἐξ
1106 4301 1262 4356 ἐναντίων.“
