2850 4904
622 365 674 419 177

78 553 161 616 mus,
190 536 256 602 iam
282 534 326 602 ud
348 541 475 602 veteres
498 536 693 620 interpretes
718 539 943 605 convertimur.
986 539 1190 624 Quamquam

79 644 166 710 enim
183 646 481 731 interpretationem
496 648 696 731 propositam
721 648 767 714 ita
789 655 908 714 certam
925 669 997 715 esse
1012 670 1191 729 censemus,

79 760 113 818 nt
135 775 197 820 neo
220 757 432 822 consensione
449 757 658 840 interpretum
678 756 828 823 videatur
843 779 961 842 magno
981 777 1080 842 opere
1096 779 1193 844 posse

79 862 203 929 firmari
236 884 296 930 nec
329 864 531 932 dissensione
564 865 763 944 labefactari,
795 873 903 933 tamen
926 867 1100 934 iucundum
1123 869 1194 951 erit,

79 973 106 1038 si
121 975 314 1058 interpretes
335 975 409 1039 illos
430 973 649 1040 invenerimus
665 974 913 1060 consentientes,
936 995 995 1042 nec
1010 978 1191 1056 molestum,

81 1083 109 1146 si
143 1101 240 1165 quem
272 1083 355 1150 forte
388 1082 632 1150 dissentientem
666 1083 985 1170 deprehenderimus.
1030 1084 1097 1152 Sed
1127 1085 1192 1152 iam

82 1190 143 1257 hoc
166 1192 236 1257 loco
258 1192 333 1258 lieet
354 1191 561 1276 contendere,
583 1194 777 1278 interpretes
800 1195 873 1261 illos
896 1195 939 1260 ad
961 1215 1059 1262 unum
1081 1214 1192 1260 omnes

82 1299 122 1365 dc
147 1320 187 1365 ea
208 1299 272 1366 loci
290 1303 422 1379 ratione,
448 1322 466 1367 e
489 1321 554 1385 qua
575 1303 699 1384 reliqua
719 1303 955 1370 necessitudine
977 1303 1119 1387 quadam
1142 1323 1190 1370 se-

83 1417 232 1493 quuntur,
268 1428 352 1493 quae
377 1411 484 1494 posita
519 1416 568 1476 est
606 1411 639 1476 in
662 1431 702 1477 ca
730 1413 931 1495 quaestione,
964 1421 1070 1478 utrum
1092 1413 1193 1479 verba

78 1515 125 1582 “dv
148 1512 349 1605 ποιήσαντες
380 1514 419 1582 τὸ
452 1511 490 1583 dv
517 1516 590 1583 urt‘
616 1518 660 1585 ad
680 1513 730 1583 ‘oi
752 1511 825 1602 μέν’
858 1523 961 1587 solum
995 1543 1038 1588 an
1073 1524 1193 1606 pariter

83 1632 178 1695 etiam
200 1627 244 1694 ad
262 1624 314 1692 ‘oi
336 1626 385 1694 δὲ’
409 1629 601 1714 pertineant,
625 1631 753 1695 omnino
776 1650 847 1696 eam
871 1633 962 1713 sequi
985 1631 1189 1712 sententiam,

85 1759 180 1822 quam
202 1739 268 1824 ipsi
293 1739 537 1824 probavimus
559 1737 757 1805 Ordiendum
784 1745 894 1806 autem
921 1739 1047 1807 videtur
1075 1760 1147 1806 csse
1173 1761 1194 1806 a

85 1848 326 1933 Porphyrio,
346 1847 403 1930 qui
425 1849 564 1912 omnium
581 1849 731 1927 maxime,
754 1847 907 1915 seductus
930 1848 1050 1933 partim
1072 1856 1159 1915 certe
1173 1871 1194 1914 a

84 1957 219 2024 Nicolao
241 1957 455 2040 Damascene,
481 1956 543 2022 loci
568 1959 829 2042 perspicuitatem
852 1958 1036 2025 obscuravit
1060 1965 1192 2024 certam-

85 2085 146 2147 que
167 2066 238 2133 eius
258 2066 514 2149 intellegentiam
537 2065 715 2150 impedivit.

182 2175 232 2241 De
256 2175 438 2260 Porphyrio
470 2175 568 2258 igitur
599 2173 783 2259 Simplicius
817 2174 850 2240 in
885 2175 982 2242 huius
1008 2177 1072 2242 loci
1095 2176 1191 2243 inter-

86 2285 274 2366 pretatione,
309 2290 481 2368 postquam
515 2291 664 2350 naturam
697 2283 781 2350 inter
811 2304 917 2350 aerem
941 2291 974 2350 ct
995 2285 1103 2370 ignem
1126 2306 1191 2350 rne-

87 2393 172 2458 diam
194 2395 236 2460 ab
260 2393 448 2460 Alexandro
478 2393 594 2459 referri
628 2392 711 2460 dixit
734 2391 777 2459 ad
799 2393 1088 2473 Anaximandrum,
1110 2393 1192 2460 haec

88 2502 245 2584 scribitU:
270 2501 308 2586 „d
330 2498 442 2586 μέντοι
465 2495 668 2586 Πορφύριος,
691 2499 735 2579 οἷς
756 2504 821 2567 τοῦ
837 2493 1086 2584 Ἀριστοτέλους
1107 2494 1191 2566 ἄντι-

87 2609 287 2694 διαιροῦντος
318 2605 396 2688 τούς
427 2612 538 2694 σῶμα
568 2607 612 2676 τὸ
643 2605 924 2694 ὑποκείμενον
955 2606 1190 2694 ἀδιόριστον

87 2714 283 2806 ποιήσαντας
314 2714 402 2802 πρὸς
433 2714 514 2798 τούς
549 2713 570 2808 ἢ
601 2721 680 2784 τῶν
711 2721 836 2804 τριῶν
867 2719 1075 2802 στοιχείων
1101 2716 1144 2784 ἓν
1171 2713 1192 2809 ἢ

88 2815 177 2892 tillo
198 2851 235 2893 τι
256 2822 457 2911 τὸμεταξύ
482 2823 688 2912 πυρόςκαὶ
707 2821 835 2910 ἀέρος,
858 2829 955 2911 σῶμα
976 2826 1036 2912 μὲν
1052 2825 1091 2894 τὸ
1108 2828 1187 2894 ὑπο-

87 2935 231 3018 κείμενον
252 2923 450 3020 ἀδιορίστως
471 2929 727 3020 Ἀναξίμανδρον
752 2936 855 3022 λέγειν
882 2937 979 3024 φησὶν
1003 2927 1189 3022 ductores),

90 3045 131 3108 ori
152 3046 338 3130 δισρίσαντα
360 3041 398 3112 τὸ
421 3037 519 3126 εἶδος,
553 3039 620 3110 εἴτε
656 3048 724 3131 πῦρ
757 3040 824 3111 εἴτε
851 3041 940 3130 ὕδωρ
964 3041 1030 3112 εἴτε
1054 3042 1128 3135 ἀήρ·
1152 3044 1190 3112 τὸ

89 3154 125 3218 δὲ
143 3153 260 3238 μεταξὺ
282 3154 337 3220 καὶ
359 3149 466 3234 αὐτὸς,
501 3151 616 3239 ὥσπερ
640 3150 803 3234 Νικόλαος
835 3153 854 3221 ὁ
884 3152 1111 3242 Δαμασκηνός,
1143 3153 1191 3235 εἷς

90 3264 239 3350 Διογένην
275 3259 335 3329 τὸν
366 3262 637 3350 Ἀπολλωνιάδην
672 3257 894 3349 ἄνὲπεμψον.“
959 3266 1126 3333 Sententia
1157 3268 1191 3332 in

171 3587 213 3658 ·1)
231 3587 314 3657 Phys.
333 3587 354 3641 f.
374 3588 409 3641 32
427 3605 445 3642 a
464 3605 490 3655 p.
508 3587 580 3642 med.

184 3686 211 3752 2)
228 3684 310 3754 Quod
328 3685 364 3740 ad
383 3686 524 3740 rationem
543 3683 757 3755 grammaticam
782 3683 910 3738 vocabuli
938 3677 1053 3753 ἄπειρον
1078 3683 1189 3752 attinet,

91 3778 155 3833 haec
179 3781 330 3853 dupliciter
352 3781 441 3850 accipi
471 3781 570 3851 possit,
589 3781 713 3851 primum
733 3780 782 3842 ita,
805 3783 838 3834 ut
857 3772 972 3848 ἄπειρον
993 3778 1031 3833 sit
1048 3778 1189 3833 obiectum

93 3875 164 3930 verbi
182 3880 278 3948 λέγειν,
299 3877 382 3949 σῶμα
400 3875 525 3932 triduoue.
545 3881 639 3931 autern
657 3877 800 3946 pertineat
820 3875 856 3930 ad
865 3873 1067 3944 praedicatum,
1088 3875 1189 3929 deinde

92 3971 137 4040 ita,
154 3979 185 4028 ut
203 3977 286 4047 σῶμα
304 3972 336 4028 τὸ
355 3973 437 4030 onon.
457 3975 495 4029 sit
507 3975 647 4030 obiectum
667 3967 888 4043 ineloquentem
907 3973 944 4027 ad
952 3972 1007 4027 hoc
1020 3973 1187 4028 vocabulum

94 4071 241 4126 attributio.
274 4071 409 4139 Quamvis
427 4073 506 4141 prior
525 4073 599 4126 ratio
619 4071 654 4125 ad
672 4088 732 4124 rem
752 4072 834 4140 longe
853 4069 999 4139 aptissima
1017 4070 1063 4138 sit,
1082 4074 1186 4138 tamen,

94 4168 224 4238 quoniam,
243 4169 267 4222 si
285 4161 401 4240 ἄπειρον
427 4173 500 4224 esset
524 4168 674 4229 obiectum,
705 4167 754 4221 vix
782 4167 877 4222 omitti
895 4167 1034 4236 potuisset
1052 4167 1187 4222 articulus

93 4257 127 4330 ri,
144 4264 230 4319 altera
246 4266 321 4319 ratio
340 4265 533 4334 amplectendo
552 4265 615 4319 erit.

985 4363 1017 4414 la
