2850 4904
365 523 457 602 Quae
488 522 619 605 quidem
652 524 827 600 ooneluaio
860 523 924 588 hae
944 523 1007 589 loei
1029 523 1295 609 interpretatione
1312 543 1357 607 po·

266 635 338 714 uita,
374 633 559 700 maaria
592 639 657 714 eat3
688 653 765 698 uam
794 633 941 716 protecto
973 633 1149 700 absurdum
1173 641 1223 700 eat
1246 639 1357 717 putare,

265 969 310 1023 luia
329 969 424 1024 verbio
441 969 647 1039 interpretatur
665 969 875 1038 (WerkeIILss,
885 989 913 1040 p.
930 971 1006 1038 lam:
1027 970 1146 1041 „Einige
1164 970 1215 1024 der
1233 969 1357 1038 Phyaiker

264 1071 359 1122 m
385 1065 435 1120 dm
453 1065 572 1121 Seiunde
594 1067 638 1121 ala
664 1067 743 1136 Eius,
769 1067 893 1122 nimliulr
919 1068 1001 1122 einen
1029 1085 1065 1121 an
1083 1067 1199 1122 Grande
1223 1066 1357 1137 liegendeu

265 1164 386 1233 lldrper,
413 1164 555 1220 entweder
581 1181 637 1218 von
664 1164 719 1218 deu
746 1164 808 1219 drei
835 1165 1002 1220 Elnanten
1031 1165 1114 1220 einen
1132 1193 1167 1206 -
1191 1164 1259 1218 oder
1286 1164 1357 1217 eiuen

264 1261 380 1330 andern,
401 1261 453 1316 der
474 1261 586 1316 dichter
604 1262 641 1316 int
664 1262 705 1316 ala
723 1261 823 1332 Fauor,
846 1262 956 1317 dimner
984 1262 1051 1317 uber
1074 1263 1115 1317 ala
1138 1261 1217 1330 Lutt,
1245 1261 1301 1316 und
1321 1277 1355 1314 er

263 1376 369 1430 aengen
386 1359 437 1412 dan
456 1359 565 1430 iibrige,
583 1359 678 1414 indem
696 1360 736 1415 aie
760 1360 850 1415 durch
872 1360 1066 1430 Verdiuhtung
1095 1360 1156 1413 und
1176 1359 1355 1426 Verdiinnung

263 1455 314 1508 dan
337 1455 415 1510 Viele
437 1456 585 1510 entatehen
610 1457 710 1511 lamen
727 1495 735 1509 .
754 1495 762 1509 .
781 1495 789 1508 .
807 1456 920 1511 Andere
944 1457 1012 1511 eber
1039 1456 1170 1511 auheiden
1197 1474 1247 1510 aua
1276 1455 1354 1508 ihren

264 1551 366 1618 Einen,
391 1552 536 1607 welches
561 1552 638 1606 hier
666 1551 776 1606 leider
799 1553 929 1607 wieder
955 1553 1185 1608 unbestimmt
1206 1551 1354 1622 gelassen

264 1647 357 1717 wird,
375 1649 422 1703 die
439 1649 522 1703 dariu
539 1647 726 1703 befindlichen
737 1648 908 1720 Gegenadtze
926 1667 984 1710 aua,
1002 1650 1055 1703 wie
1067 1647 1275 1703 Anaximander
1291 1651 1353 1714 sagr,

264 1745 321 1799 und
340 1763 477 1816 eneugen
496 1747 556 1800 also
575 1744 627 1799 ani
641 1745 718 1800 dieue
735 1748 791 1800 Art
807 1745 1090 1817 daa·1’ibrigeViele.“
1112 1749 1206 1814 Atque
1224 1744 1262 1798 aio
1278 1744 1353 1796 inter·

263 1847 391 1911 pretatur
409 1842 562 1897 eouoludit:
602 1843 710 1911 „Wenn
727 1843 787 1896 aleo
804 1842 877 1897 nach
895 1843 984 1897 Arist.
1001 1843 1174 1898 vermittelat
1190 1842 1239 1896 dea
1258 1838 1353 1894 Mittel·

263 1937 346 2008 ‹linga
364 1979 373 1992 .
391 1980 399 1993 .
417 1957 473 1993 nur
495 1939 547 1994 aut
562 1938 626 1993 dem
645 1939 733 2010 Wege
755 1939 807 1994 der
824 1939 1019 2010 Verdiinnuug
1039 1940 1098 1994 und
1116 1939 1303 2007 Verdiohtnng
1318 1953 1353 1988 er·

263 2041 347 2106 aeugt
365 2037 448 2106 wind,
464 2037 676 2092 Anaximander
693 2038 762 2094 aber
780 2039 978 2094 auadrricklinh
996 2039 1077 2094 nicht
1094 2056 1124 2092 uo
1143 2042 1255 2109 erzeugt
1273 2035 1353 2090 haben

265 2135 327 2200 soll,
345 2152 376 2190 ao
393 2135 469 2190 kann
486 2135 545 2190 ihm
562 2135 730 2190 Aristotelea
750 2136 829 2205 jener
847 2135 1011 2207 Mittolding
1033 2136 1112 2191 nicht
1135 2137 1177 2192 ala
1196 2132 1298 2190 Uratofl
1311 2149 1351 2186 au·

261 2231 434 2286 schreibeu.“
456 2261 488 2271 -
511 2231 581 2286 Cum
599 2231 889 2288 Schleichermaohero
908 2233 1087 2288 oonaeutiunt
1104 2232 1267 2287 Braudiaius
1284 2229 1350 2298 (vide

265 2327 340 2381 Hist.
359 2327 460 2398 philos.
479 2328 527 2383 Gr.
546 2328 627 2384 Rom.
648 2329 668 2390 1,
691 2347 719 2398 p.
740 2331 801 2399 128,
824 2333 889 2384 eet
910 2347 939 2398 p.
960 2331 1020 2390 130,
1038 2331 1066 2398 a)
1089 2333 1119 2384 et
1136 2329 1262 2384 Ritterus
1281 2325 1352 2395 fflio.

267 2424 368 2493 philos.
388 2430 444 2480 vet.
462 2425 485 2495 1,
504 2443 531 2494 p.
549 2427 602 2479 283
621 2431 651 2479 et
668 2429 726 2480 not.
745 2428 762 2478 2
779 2430 808 2480 et
825 2425 863 2496 3).

362 2520 436 2575 Prae
454 2521 555 2576 ueteris
578 2526 672 2576 autem
694 2523 724 2575 in
748 2522 801 2577 hae
820 2521 961 2576 sententia
985 2526 1027 2577 eat
1045 2521 1179 2591 Zellerua‚
1205 2522 1252 2592 qui
1268 2521 1348 2574 lorum
1404 2581 1405 2600 ἒ

263 2616 358 2685 paullo
375 2616 510 2670 audacius
537 2616 577 2670 rie
602 2617 858 2686 interpretatura,
876 2635 904 2686 p.
925 2618 1002 2687 190):
1030 2616 1098 2683 „Die
1125 2617 1216 2685 einen,
1241 2631 1291 2670 von
1306 2615 1349 2667 der

262 2713 488 2783 Voranmetaung
514 2713 600 2768 Eiuea
626 2713 806 2768 bestimmten
832 2713 969 2768 Uratotl'ea
999 2713 1175 2784 anagninam,
1205 2714 1290 2768 laaaen
1312 2709 1351 2763 die

263 2809 355 2879 Dinge
382 2809 472 2865 durch
489 2809 684 2881 Verdr'innung
709 2811 768 2866 und
786 2811 980 2881 Verdichtung
1010 2811 1113 2866 mraua
1141 2811 1291 2878 entatehen,
1312 2805 1351 2860 die

264 2905 380 2974 anderu,
397 2906 450 2960 wie
468 2906 688 2975 Anaximander,
705 2909 890 2978 Anaxagoras
908 2897 971 2961 und
982 2906 1179 2976 Empedokles,
1198 2905 1350 2974 behaupteu‚

262 3001 326 3056 dara
343 3001 389 3055 die
403 3001 575 3072 Gegeuaiitze
594 3003 624 3056 in
639 3003 702 3057 dem
722 3003 813 3058 Einen
824 3003 934 3058 Urutoff
949 3004 1034 3060 aohon
1054 3004 1199 3060 euthalten
1218 3004 1287 3057 seien
1303 2997 1350 3054 und

261 3097 351 3151 durch
369 3098 585 3170 Auaaoheiduug
605 3117 655 3154 aua
673 3100 732 3154 ihm
750 3100 968 3172 hervorgehen.“
1006 3100 1039 3153 ln
1057 3117 1114 3169 qua
1132 3097 1349 3170 interpretatione

261 3194 358 3247 atatim
378 3193 656 3250 animadvertendum
675 3213 734 3250 eoae
752 3201 830 3266 puto,
847 3197 903 3250 duo
922 3215 955 3251 ea
973 3214 1044 3266 quae
1062 3201 1204 3266 ponantur
1222 3190 1349 3250 divisionis

261 3290 389 3345 membra
407 3290 461 3344 eibi
477 3309 578 3360 pamm
591 3293 768 3362 respondere.
806 3292 874 3347 Cum
894 3293 969 3348 enim
985 3293 1065 3362 prius
1076 3293 1232 3348 membrum
1250 3291 1348 3359 niopro·

262 3392 398 3456 ponatur:
427 3386 539 3458 ‘alteri,
566 3391 713 3444 materiam
741 3394 876 3460 ponentes
902 3390 1040 3459 qualitate
1063 3388 1219 3457 definitam,
1246 3386 1347 3442 oonden·
1402 3421 1403 3465 q

260 3485 368 3539 natione
387 3489 416 3540 et
433 3486 620 3541 raretaotione
637 3503 682 3541 rea
699 3487 859 3556 generaut'.
884 3502 947 3541 uum
972 3486 1061 3558 igitur
1079 3485 1109 3540 hi
1129 3486 1213 3542 alteri
1231 3482 1346 3540 delinian-

260 3585 308 3635 tur
325 3581 429 3637 naturt
448 3583 581 3652 principii
602 3584 638 3638 ab
658 3583 725 3653 ipris
743 3583 837 3652 puniti,
862 3588 895 3637 ut
912 3584 1014 3639 divisio
1032 3584 1107 3639 iusta
1125 3589 1205 3650 earet,
1227 3583 1255 3636 in
1272 3581 1347 3635 altero

261 3691 372 3744 quoque
390 3675 526 3739 membro,
547 3676 622 3744 quod
640 3676 681 3732 rio
698 3677 879 3746 proponitur:
899 3677 997 3732 ‘alteri
1009 3683 1112 3748 autem,
1131 3676 1345 3749 quemadmodum

260 3769 479 3831 Anaximander.
498 3774 690 3845 Anaxagoras,
709 3775 902 3844 Empedoclea,
921 3775 1128 3831 eontrariomm
1148 3777 1295 3832 secretione
1309 3787 1345 3825 rea

260 3864 417 3936 generant,
434 3869 500 3923 talia
518 3870 656 3938 quaedam
673 3870 801 3926 definitio
819 3871 885 3926 addi
903 3871 1034 3942 debebat,
1052 3879 1110 3928 aut
1128 3874 1243 3928 eadem
1260 3877 1345 3937 atque

259 3965 445 4031 prioribus
462 3970 524 4020 aut
543 3967 665 4036 alifqua
684 3969 743 4022 illi
761 3968 932 4038 opposita,
952 3968 1102 4024 dioeudum
1124 3970 1213 4041 igitur
1237 3972 1292 4024 erat
1307 3968 1345 4017 aul

259 4058 313 4113 hoe
331 4060 427 4114 modo:
457 4062 552 4116 ‘alteri
581 4067 675 4118 autem
704 4064 895 4120 materiam
922 4070 1095 4134 ponentes
1116 4068 1286 4135 qualitate
1304 4061 1344 4113 dr

260 4155 400 4210 finitam
422 4185 453 4195 -
473 4161 526 4211 oet.
538 4156 554 4226 ‘,
573 4157 600 4211 id
621 4157 697 4226 quod
708 4157 834 4212 Zellerua
849 4175 906 4211 non
924 4159 993 4228 volt,
1011 4163 1062 4214 aut
1079 4159 1133 4213 hoo
1151 4159 1245 4213 modo:
1262 4150 1344 4209 ‘alteri

258 4257 352 4307 autem
380 4255 559 4307 materiam
578 4259 750 4321 ponentes
779 4255 954 4324 qualitate
981 4271 1048 4308 non
1076 4255 1262 4321 definitam,
1286 4251 1343 4303 oel‘
