2850 4904
775 362 827 414 220

238 532 459 616 disputatione
481 539 672 616 antegressa
695 540 793 618 patet,
819 534 923 599 nullos
944 534 1141 618 reperiemus
1163 537 1227 599 nisi
1247 552 1335 596 unum

238 641 525 707 Anaximandrum.
563 642 648 707 Nam
671 642 790 725 siquis
807 641 969 718 obieeerit
993 642 1081 724 quod
1102 643 1168 726 ipsi
1180 643 1214 707 in
1235 642 1337 726 dispu-

238 751 360 816 tatione
393 756 584 832 antegressa
608 749 761 832 diximus,
783 747 1028 816 Anaximandro
1063 751 1098 816 id
1127 751 1170 817 ab
1195 752 1338 816 omnibus

237 860 337 926 tribui
362 859 539 943 proprium,
573 859 659 942 quod
686 858 726 923 ad
750 848 893 942 datasque
915 859 1108 944 prinuipium
1144 866 1255 945 ponat,
1288 879 1338 924 eos

238 975 355 1046 autem,
379 969 433 1051 qui
457 968 519 1035 hoo
545 969 616 1036 loeo
639 974 861 1048 memorentur,
896 968 962 1034 diei
989 968 1120 1051 quidem
1152 969 1338 1052 prinoipium

238 1099 358 1163 ponere
379 1068 519 1161 ἄπειρον
541 1097 602 1143 neo
623 1097 698 1143 vero
728 1065 773 1140 ad
794 1065 943 1158 ἄπειρον,
973 1075 1007 1141 id
1035 1097 1080 1145 ex
1102 1077 1177 1160 ipsa
1202 1078 1269 1142 loei
1289 1097 1339 1140 na-

238 1194 310 1253 tura
333 1187 430 1254 facile
450 1185 640 1272 explicatur.
685 1185 766 1252 Cum
795 1186 882 1252 enim
909 1184 969 1251 hoe
991 1186 1062 1251 loeo
1090 1186 1131 1252 de
1154 1185 1196 1251 iis
1219 1191 1339 1268 agatur,

238 1297 293 1379 qui
318 1317 415 1363 unum
438 1298 542 1363 solum
564 1315 671 1364 rerum
694 1297 888 1362 elementum
910 1295 1087 1378 posuerint,
1111 1293 1340 1360 Anaximandri

157 1405 159 1412 ’
238 1427 368 1490 quoque
396 1406 602 1492 principium,
636 1406 664 1473 si
693 1406 779 1472 hune
815 1405 985 1471 statuimus
1017 1406 1049 1469 in
1083 1405 1148 1470 illis
1170 1403 1339 1483 numerari,

238 1536 278 1581 ea
300 1521 391 1600 parte'
412 1516 644 1582 nominandum
666 1516 733 1598 brit,
761 1534 825 1597 qua
847 1513 881 1580 id
901 1534 1007 1580 rerum
1033 1514 1227 1580 elementum
1250 1520 1339 1580 esset.

237 1623 306 1687 Iam
328 1642 405 1689 vero
433 1643 540 1689 rerum
573 1624 765 1689 elementum
796 1642 860 1686 non
891 1628 969 1697 erat,
993 1630 1152 1703 quatenus
1185 1629 1274 1690 esset
1298 1615 1339 1686 τὸ

236 1719 413 1813 ἄπειρον,
436 1732 495 1797 sed
518 1737 675 1815 quatenus
698 1750 843 1814 eorpus
859 1730 1052 1814 quoddam
1077 1738 1172 1811 esset,
1192 1729 1340 1815 quemad-

237 1839 367 1905 modum
390 1859 476 1922 aqua
498 1846 531 1905 et
551 1860 616 1921 aer,
641 1838 674 1904 id
690 1845 749 1916 est,
772 1844 931 1922 quatenus
948 1846 1034 1904 esset
1055 1847 1171 1906 natura
1185 1839 1341 1923 quaedam

238 1949 323 2013 inter
345 1967 462 2030 aquam
495 1954 527 2014 et
549 1969 657 2014 aerem
680 1947 794 2014 media.
840 1949 930 2013 Haeo
959 1955 1068 2014 autem
1089 1955 1206 2015 natura
1236 1948 1341 2014 media

237 2079 301 2123 non
330 2078 388 2141 per
415 2079 451 2125 se
473 2059 546 2143 ipsa
568 2064 619 2124 est
647 2057 687 2121 τὸ
708 2046 858 2141 ἄπειρον,
892 2077 1002 2122 verum
1030 2059 1203 2124 itasolum
1224 2065 1283 2142 est,
1314 2059 1340 2122 si

238 2166 409 2233 infinitatis
432 2169 620 2251 qualitatem
654 2169 721 2233 sive
748 2166 991 2233 attributionem
1015 2165 1121 2232 habet.
1165 2168 1253 2250 Ergo
1276 2167 1341 2230 Ari-

238 2278 379 2358 stoteles,
404 2284 575 2359 postquam
588 2276 821 2342 Anaximandri
843 2276 1038 2360 principium
1061 2277 1186 2342 ratione
1208 2277 1254 2341 rei
1272 2274 1341 2340 sub-

238 2387 342 2452 iectae
368 2384 451 2450 dixit
476 2392 626 2449 naturam
648 2383 733 2449 inter
754 2403 873 2464 aquam
906 2388 938 2448 et
960 2401 1069 2448 aerem
1091 2381 1241 2465 mediam,
1272 2401 1339 2446 eam

238 2493 472 2560 Anaximandri
487 2491 691 2572 sententiam,
714 2511 778 2574 qua
796 2491 825 2556 is
840 2489 1033 2574 prinoipium
1049 2490 1179 2558 dieebat
1200 2485 1238 2554 τὸ
1253 2480 1342 2554 ἄπει-

238 2625 306 2686 ρον,
329 2604 374 2668 ita
389 2603 501 2668 solum·
510 2603 690 2685 exprimere
707 2606 842 2684 poterat,
867 2605 902 2664 ut
918 2599 1064 2682 adderet,
1086 2601 1175 2666 illam
1197 2608 1341 2666 naturam

238 2711 378 2778 mediam
401 2711 442 2777 ab
467 2710 709 2776 Anaximandro
740 2710 805 2775 diei
833 2710 1030 2776 infinitam
1057 2729 1143 2776 esse
1166 2711 1235 2776 sive
1258 2706 1340 2773 inii-

237 2819 384 2887 nitatis
420 2818 728 2885 attributionem
760 2817 915 2886 habere.
962 2818 1041 2886 Cum
1073 2825 1182 2886 autem
1214 2823 1341 2904 propter

155 3016 158 3020 Ι
238 2926 474 2995 benedicendi
509 2930 666 2994 rationem
700 2930 806 2994 minus
829 2935 949 2994 eertum
983 2927 1088 2994 videri
1121 2928 1234 3013 possit,
1267 2947 1340 2992 num
1409 2997 1410 3014 χ

238 3037 297 3120 illi,
320 3039 375 3122 qui
398 3046 547 3104 naturam
564 3038 648 3105 inter
662 3058 779 3121 aquam
802 3046 834 3105 et
849 3058 957 3105 aerem
968 3038 1109 3104 mediam
1125 3058 1222 3105 unum
1237 3058 1340 3104 rerum
1409 3019 1410 3032 ¹

239 3148 430 3214 elementum
454 3155 587 3231 ponant,
614 3149 636 3213 ii
660 3148 819 3232 dieantur,
851 3151 906 3233 qui
941 3150 1134 3235 principium
1163 3156 1283 3234 ponant
1304 3141 1339 3210 ud

237 3255 383 3339 ἄπειρον,
407 3257 546 3339 ideoque
579 3259 684 3322 minus
707 3264 828 3323 eertum
862 3260 969 3338 etiam,
1002 3279 1078 3325 num
1103 3257 1341 3324 Anaximander

238 3365 454 3449 intellegatur,
472 3365 632 3432 dubitatio
648 3366 769 3432 tollitur
780 3388 819 3432 ea
831 3387 876 3451 re,
891 3367 978 3451 quod
992 3367 1090 3434 iidem
1101 3367 1152 3433 illi
1163 3389 1227 3434 nou
1243 3368 1340 3434 solnm

238 3494 275 3539 eo
298 3474 503 3557 definiuntur,
536 3474 735 3557 quod-illam
759 3482 906 3542 naturam
940 3477 1042 3542 velint
1075 3477 1234 3542 infinitam
1261 3493 1339 3553 esse,
1409 3513 1410 3532 t

237 3603 349 3648 verum
372 3584 466 3648 simul
488 3584 587 3649 etiam
609 3604 659 3666 eo,
683 3584 770 3666 quod
792 3604 864 3649 eam
887 3591 1018 3668 propter
1040 3584 1124 3650 hane
1149 3587 1251 3669 ipsam
1274 3579 1338 3647 infi-
1409 3567 1410 3616 3

236 3690 372 3756 nitatem
404 3689 515 3757 disant
544 3687 727 3772 ‘neptique
751 3685 877 3768 πάντας
910 3687 988 3768 τούς
1021 3683 1202 3774 οὕρανούς’.
1253 3693 1338 3758 Haeo

237 3802 322 3866 enim
344 3800 444 3866 verba
474 3802 570 3885 plane
598 3801 804 3867 consentiunt
829 3785 906 3867 oum
922 3800 974 3883 iis,
1008 3803 1125 3884 quibus
1145 3802 1336 3886 Hippolytus

238 3909 339 3976 refert
355 3909 630 3992 Anaximandrum
651 3910 757 3994 ipsum
779 3910 822 3976 ad
840 3909 1054 3977 definiendam
1068 3910 1185 3976 infiniti
1196 3917 1338 3977 naturam

238 4037 331 4083 usum
347 4037 428 4083 esse.
451 4019 554 4102 Ergos
566 4017 756 4084 Aristoteles
772 4037 838 4100 eos,
854 4018 910 4100 qui
922 4038 1020 4084 unum
1034 4038 1139 4084 rerum
1152 4020 1337 4085 elementum

236 4133 383 4192 naturam
397 4127 480 4193 inter
496 4147 614 4211 aquam
634 4135 666 4194 et
684 4148 792 4194 aerem
806 4127 946 4195 mediam
960 4134 1090 4211 ponant,
1111 4149 1209 4195 unum
1225 4129 1336 4194 Anaxi-

238 4233 407 4301 mandrum
426 4235 595 4319 intellegit.
619 4237 689 4304 Hoe
701 4243 807 4303 autem
824 4243 910 4303 reete
925 4237 1049 4304 anobis
1065 4237 1251 4320 oonolusum
1262 4257 1337 4316 esse,
