2882 4902
799 380 835 440 AA

268 558 316 626 de
338 579 382 625 ea
403 555 600 626 iudicium
629 559 830 626 indicaverit.
872 559 920 626 Re
948 578 1025 624 vera
1045 564 1152 624 autem
1173 557 1223 622 ita
1246 577 1311 623 rem
1330 573 1358 620 se

268 669 397 749 habere,
430 669 526 736 eertis
551 671 748 754 argumentis
778 668 905 736 videtur
936 668 1067 754 probari
1097 687 1203 752 posse.
1247 665 1359 732 Anaxi·

269 778 402 844 munder
432 780 504 863 ipso
536 780 710 846 Aristotele
741 787 835 860 teste,
869 777 1138 863 quemadmodum
1173 784 1273 844 antea
1303 779 1358 840 ian

270 888 483 955 indicavimus
502 896 534 955 et
549 897 663 974 postea
677 889 977 968 demonstrabimus,
1000 888 1160 954 infinitum
1176 907 1270 952 suum
1282 885 1358 970 prin-

268 995 388 1082 eipium
404 1018 476 1064 esse
489 999 592 1064 voluit
611 1005 757 1065 naturam
769 997 933 1081 quandam
945 1016 1131 1082 corpoream
1146 997 1189 1062 ab
1200 995 1359 1062 elementis

269 1105 429 1172 diversam
452 1114 548 1190 atque
561 1107 701 1174 mediam
720 1109 804 1174 inter
824 1107 888 1174 duo
910 1106 1072 1173 eontraria
1093 1107 1253 1172 elementa
1271 1105 1358 1170 inter·
1415 1167 1416 1174 ,

269 1216 400 1298 ieotaru,
430 1215 562 1301 propria
591 1215 731 1298 quadam
754 1216 910 1298 qualitate
932 1221 1083 1282 utentem.
1126 1215 1241 1280 Talem
1263 1221 1359 1279 auten

269 1323 429 1407 quandam
452 1331 597 1390 naturam
629 1345 862 1410 esse1posse
893 1325 1084 1390 Aristoteles
1112 1325 1242 1390 omnino
1264 1328 1359 1404 negat.
1416 1385 1417 1396 ἒ

269 1435 297 1498 Α
319 1453 379 1500 sua
393 1433 478 1498 euim
491 1433 531 1500 de
544 1434 710 1500 elementis
729 1434 876 1500 doetrina
888 1435 1051 1518 prol'eotus
1065 1433 1113 1500 sio
1127 1433 1196 1498 fere
1212 1433 1359 1518 disputat:

270 1542 356 1608 omni
379 1543 505 1626 corpori
527 1543 667 1628 simplici
682 1543 752 1610 sive
768 1544 977 1610 elemento-
989 1545 1055 1609 tale
1066 1549 1173 1608 anum
1185 1549 1235 1608 est
1250 1539 1359 1607 Anaxi·

271 1651 398 1718 mandri
422 1652 615 1738 principium
639 1689 677 1700 -
700 1654 866 1736 utriusque
888 1653 1017 1737 generis
1038 1653 1270 1719 contrariarum
1292 1670 1360 1732 qua·
1417 1653 1418 1678 ¹

272 1763 399 1828 litatum
438 1763 622 1828 necessario
656 1764 895 1830 alteramutram
935 1762 1123 1844 convenire,
1167 1781 1238 1828 esse
1271 1760 1361 1845 igitur

272 1870 455 1938 necessario
476 1879 532 1938 aut
553 1874 675 1939 siooum
696 1881 752 1940 aut
772 1873 939 1939 humidum
961 1872 1120 1955 simulque
1139 1878 1197 1938 ant
1217 1869 1359 1954 frigidum
1418 1830 1419 1908 l

271 1987 326 2046 aut
349 1979 506 2058 ealidunr;
529 2017 571 2027 —-
593 1982 673 2048 haee
695 1983 781 2048 enim
803 1991 877 2049 sunt
899 1982 962 2048 duo
987 1983 1046 2048 illa
1067 1983 1175 2066 prima
1197 1979 1359 2048 eontrariu-

271 2108 340 2154 rum
362 2089 553 2172 qualitatum
574 2112 693 2176 genera
715 2127 763 2158 -—.
793 2093 900 2171 Quare
921 2113 984 2158 non
1008 2111 1079 2158 esse
1101 2099 1250 2158 naturam
1271 2109 1359 2174 quan·
1419 2135 1420 2194 q

271 2197 344 2264 dam
366 2200 546 2284 simplioem
570 2201 653 2266 inter
676 2202 740 2268 duo
763 2203 931 2282 elementa,
954 2203 1041 2268 velut
1060 2223 1180 2285 aquam
1202 2209 1235 2268 et
1255 2219 1361 2276 aerem,

272 2306 410 2372 mediam
444 2317 476 2374 et
506 2309 547 2374 ab
575 2315 709 2393 utroque
739 2311 896 2393 qualitate
928 2331 987 2378 sua
1010 2310 1181 2376 diversam.
1225 2310 1360 2390 Namque

271 2419 464 2504 simulatque
495 2430 633 2505 ponatur
663 2424 851 2505 qualitatem
878 2422 997 2488 habere
1029 2420 1180 2504 qualitati
1203 2420 1301 2501 aeris,
1331 2413 1360 2479 id

272 2536 333 2605 est,
356 2531 466 2608 oalori,
490 2532 698 2609 eontrarium,
722 2532 834 2598 statim
858 2531 952 2611 effici,
988 2537 1025 2596 ut
1046 2529 1168 2613 frigida
1194 2537 1228 2596 et
1251 2526 1361 2594 ideireo

273 2658 359 2721 aqua
390 2640 449 2720 sit;
489 2639 683 2722 simulatque
716 2647 821 2707 autem
855 2646 992 2724 ponatur
1024 2640 1215 2722 qualitatem
1255 2636 1360 2702 habere

272 2749 421 2831 qualitati
442 2769 555 2832 aquae,
578 2748 612 2813 id
634 2756 692 2829 est,
714 2748 897 2833 frigiditati,
920 2749 1122 2824 contrariam,
1145 2767 1256 2814 rursus
1276 2743 1360 2817 effici,

271 2865 306 2924 nt
341 2857 449 2924 ealida
480 2866 513 2925 et
544 2857 664 2924 ideireo
691 2877 747 2923 aer·
781 2858 841 2941 sit;
872 2857 959 2923 ellioi
991 2858 1099 2942 igitur,
1130 2864 1166 2922 ut
1189 2851 1360 2923 neeessario

273 2976 338 3035 aut
370 2990 481 3035 nuum
517 2973 586 3035 aut
619 2968 784 3034 alterum
817 2969 991 3051 ipsorum
1021 2967 1178 3031 illorum
1205 2967 1361 3031 elemen-

272 3085 414 3161 torum,
438 3097 562 3160 neque
592 3084 722 3142 autem
745 3076 875 3142 media
903 3077 1006 3142 inter
1035 3076 1125 3158 ipsa
1152 3074 1360 3141 interiecta

272 3187 324 3253 sit
337 3187 370 3268 ¹)r
414 3185 537 3265 Quodsi
560 3193 667 3252 autem
688 3194 835 3253 naturam
856 3186 947 3251 illam
972 3185 1108 3251 velimus
1129 3185 1286 3267 qualitate
1311 3199 1362 3246 sua

275 3337 472 3348 --—-—-—--·

374 3425 402 3493 1)
420 3423 492 3478 Tota
508 3421 577 3477 haeo
596 3422 751 3492 disputatio
762 3425 873 3491 sumpta
889 3426 976 3476 estex
995 3421 1103 3476 duobus
1116 3419 1276 3475 Aristotelis
1295 3413 1361 3476 locis,

272 3535 341 3590 quos
365 3519 401 3574 ad
426 3519 661 3575 Anaximandrum
685 3519 828 3588 pertinere
853 3521 883 3572 et
910 3519 946 3572 ab
973 3517 1133 3573 Alexandro
1159 3509 1361 3588 Aphrodisiensi

272 3615 320 3686 (el.
341 3615 472 3682 Alexand.
498 3616 534 3671 ad
553 3615 675 3685 Metaph.
699 3617 721 3681 1,
741 3619 766 3669 5.
791 3617 864 3669 987ἶι
880 3618 907 3684 2,
925 3633 952 3684 p.
971 3617 1015 3683 34,
1034 3617 1051 3668 2
1069 3612 1181 3682 Bonita)
1213 3612 1361 3684 pariterque

274 3730 291 3767 a
315 3711 471 3783 Philopono
490 3715 648 3782 (comment.
667 3712 703 3767 ad
722 3713 748 3766 h.
768 3712 786 3766 l.
805 3730 831 3782 p.
853 3714 889 3766 46
908 3730 933 3783 a,
952 3716 1016 3782 post
1034 3710 1105 3766 med.
1125 3713 1153 3764 et
1169 3709 1189 3763 b
1207 3713 1281 3779 part.
1298 3703 1361 3773 sup.)

272 3809 461 3878 oontenditur,
479 3814 507 3864 et
518 3819 613 3880 postea
628 3827 662 3864 ex
673 3810 734 3880 ipso
744 3809 896 3864 Aristotele
913 3808 1159 3863 demonstrabitur.
1195 3805 1263 3862 Looi
1280 3807 1361 3858 auten

272 3909 337 3960 sunt
361 3904 399 3959 hi.
422 3905 552 3960 Generat.
578 3905 706 3976 Corrupt.
735 3905 769 3974 ΙΙ,
791 3909 815 3959 1.
834 3905 967 3960 3281133:
1002 3897 1120 3972 ,andrus
1146 3897 1362 3971 (aduolaturas

273 3997 421 4074 σωμάτων)
448 4001 480 4054 δὲ
504 3998 553 4067 τὴν
574 3999 759 4074 ὑποκειμένην
784 3997 848 4068 ὕλην
873 4005 900 4054 οἱ
921 4005 976 4073 μέν
1005 4016 1095 4073 φασιν
1117 3999 1187 4053 εἶναι
1210 4002 1288 4070 μίαν,
1313 3989 1363 4047 οἷον

276 4094 345 4168 ἀέρα
363 4101 483 4157 τιθέντες
499 4077 519 4163 d)
538 4093 626 4166 πῦρῆ
650 4118 678 4151 τι
705 4094 829 4170 μεταξὺ
852 4094 992 4161 τούτων,
1015 4092 1110 4168 σῶμά
1128 4113 1162 4150 τε
1180 4089 1218 4150 ὃν
1241 4097 1296 4147 καὶ
1312 4110 1362 4163 χω·

272 4186 415 4262 ριστόν.“
453 4193 523 4247 lbid.
539 4195 612 4248 329α
626 4194 657 4247 8:
676 4189 751 4262 „dll'
764 4196 791 4246 οἱ
807 4193 863 4264 μὲν
875 4193 1015 4250 ποιοῦντες
1023 4196 1109 4263 μίαν
1126 4185 1210 4256 ὕλην
1229 4185 1315 4258 παρὰ
1331 4179 1362 4238 ud

273 4293 451 4361 εἰρημένα,
469 4288 591 4358 ταύτην
610 4291 646 4343 δὲ
673 4287 873 4362 σωματικὴν
892 4293 937 4342 καὶ
952 4282 1131 4360 χωριστήν,
1154 4280 1362 4358 ἁμαρτάνουσιν.
