2850 4904
610 347 659 400 191

69 520 207 586 dicetur.
253 519 370 602 Quare,
404 521 433 585 si
467 518 655 603 Simplicius
688 518 745 584 illa
775 518 960 584 Aristotelis
991 519 1090 586 verba
1122 518 1184 584 hac

68 633 198 696 ratione
221 632 346 713 accepit
378 648 519 712 argoque
541 623 620 704 τούς
652 625 910 711 προειρημένους
938 629 1050 694 referri
1081 629 1182 694 solum

69 740 176 804 voluit
198 738 242 804 ad
260 740 361 804 verba
387 732 434 802 ‘oi
457 736 516 821 μὲν
538 732 598 821 γὰρ
623 732 659 801 (ἓν
680 737 877 826 ποιήσαντες
901 736 940 802 τὸ
968 731 1005 802 ἢν
1030 745 1125 820 σῶμα
1144 733 1183 802 τὸ

71 847 318 930 ὑποκείμενον,
340 869 450 916 rursus
472 856 559 915 recte
582 849 638 925 ait,
659 848 700 914 de
724 847 813 914 hisce
828 851 1037 914 communiter
1059 847 1183 914 abAri-

71 959 191 1024 stotele
218 959 306 1024 illam
327 957 698 1042 generationislormanr
711 957 904 1041 praedicari.
929 959 1054 1024 Revera
1077 964 1184 1022 autem

71 1066 276 1150 Simplicium
299 1066 360 1132 hac
372 1067 497 1132 ratione
510 1066 567 1132 illa
578 1067 679 1132 verba
691 1066 869 1150 accepisse,
881 1086 1075 1150 quamquam
1088 1067 1183 1150 plane

72 1175 210 1260 quidem
231 1197 296 1242 non
308 1177 422 1242 nisiex
434 1178 586 1243 universa
597 1177 666 1242 eins
680 1177 841 1242 sententia
852 1176 987 1261 patebit,
998 1182 1107 1241 tamen
1119 1177 1184 1240 iam

72 1285 232 1350 hocloco
266 1291 387 1352 certum
422 1284 489 1351 lere
515 1284 683 1362 videbitur,
718 1286 746 1350 si
768 1283 1087 1363 consideraverimus,
1119 1303 1185 1367 qna

72 1397 202 1460 ratione
223 1393 421 1477 Porphyrius
445 1395 536 1460 illum
558 1393 744 1460 Aristotelis
774 1395 879 1459 locum
902 1393 1119 1478 interpreatur
1144 1395 1185 1457 sit

74 1512 105 1568 et
141 1524 208 1586 qna
240 1505 366 1569 ratione
400 1503 586 1587 Simplicius
622 1504 690 1569 eius
720 1502 1018 1587 interpretationem
1048 1502 1184 1568 refellat.

73 1613 293 1697 Porphyrium
318 1615 417 1696 igitur
444 1613 535 1678 illum
557 1612 742 1678 Aristotelis
773 1613 878 1678 locum
908 1613 955 1678 ita
977 1613 1184 1696 interpretari

73 1723 227 1804 vidimus,
259 1725 353 1806 qnasi
375 1723 530 1807 scriptum
554 1730 653 1788 esset:
682 1715 737 1784 ‘ol
760 1718 819 1803 μὲν
847 1716 906 1804 γὰρ
932 1716 968 1786 ἓν
990 1721 1187 1808 ποιήσαντες

74 1826 113 1894 τὸ
136 1821 186 1910 ὅν,
219 1823 240 1917 ἢ
272 1831 369 1912 σῶμα
401 1826 440 1895 τὸ
473 1828 690 1912 ὑποκείμενον
721 1828 929 1912 (ἀδιορίστως
949 1828 1137 1913 λεγόμενον)
1168 1822 1189 1916 ἢ

75 1943 143 2004 τῶν
166 1942 267 2023 τριῶν
288 1963 320 2003 τι
342 1933 363 2025 ἢ
383 1928 462 2002 ἄλλο
484 1976 525 1986 -
549 1924 651 2003 τᾶλλα
677 1941 813 2022 γεννῶσι
838 1929 921 2004 ml?
965 1938 1039 2018 Qua
1061 1940 1186 2005 ratione

77 2053 104 2116 si
126 2051 219 2116 locus
241 2049 411 2133 accipitur,
434 2050 596 2116 sententia
616 2047 751 2116 efficitur
775 2047 870 2116 haec:
896 2047 1037 2115 ‘alteri
1059 2069 1186 2114 eorum

77 2159 295 2245 physicorum,
321 2160 377 2242 qui
400 2158 434 2225 id
457 2158 545 2242 quod
568 2163 617 2224 est
639 2178 749 2223 unum
775 2164 908 2243 ponunt,
931 2164 1028 2240 atque
1051 2157 1184 2241 quidem

78 2276 133 2335 ant
171 2288 313 2353 corpus
349 2268 507 2334 infinite
546 2267 700 2346 dictum,
736 2274 793 2334 aut
819 2287 960 2351 eorpus
994 2267 1187 2350 quoddam

79 2381 209 2463 specie
232 2378 451 2461 delinitum,
482 2398 587 2444 rerum
611 2377 850 2444 multitudinem
880 2377 1133 2444 condensatione
1154 2383 1185 2443 et

79 2489 295 2554 rarefaetione
315 2487 500 2571 generant.
544 2487 615 2553 Hac
636 2487 734 2570 igitur
753 2486 818 2553 loci
840 2484 1056 2570 explicatione
1078 2485 1186 2570 posita

79 2617 189 2663 rursus
213 2595 389 2679 quaeritur,
413 2616 477 2678 qua
499 2597 623 2662 ratione
651 2595 685 2660 hi
716 2595 811 2662 alteri
838 2594 967 2680 physici
989 2593 1185 2661 informandi

81 2706 152 2772 siut.
199 2705 280 2771 (lum
303 2725 414 2772 omncs
443 2703 572 2789 physici
605 2725 644 2772 eo
678 2706 782 2771 solum
816 2703 964 2770 dicantur
994 2704 1186 2789 consentire,

81 2815 167 2897 quod
190 2814 227 2879 id
249 2814 335 2896 quod
357 2821 405 2880 est
435 2835 548 2880 unum
574 2813 706 2900 ponant,
739 2815 912 2897 statimque
935 2834 982 2895 eo,
1015 2814 1103 2897 quod
1124 2815 1186 2880 hoc

82 2944 179 2990 unum
202 2931 259 2989 aut
292 2944 407 3008 corpus
439 2923 563 2992 infinite
586 2923 707 2990 dictum
729 2930 784 2990 aut
807 2943 924 3007 corpus
947 2923 1110 3006 quoddam
1131 2921 1185 2990 de-

45 3083 46 3086 ,
82 3030 206 3097 finitum
221 3039 353 3116 ponant,
364 3031 496 3119 induas
511 3031 697 3099 dividantur
709 3034 847 3116 speeies,
870 3033 918 3098 illi
937 3034 1031 3098 altari
1046 3034 1185 3117 primum

83 3140 267 3206 necessario
290 3143 372 3208 tales
396 3148 479 3224 sunt,
503 3144 559 3225 qui
578 3141 710 3225 idqnod
733 3149 783 3209 est
804 3163 900 3209 unum
916 3150 1045 3227 ponant,
1069 3142 1187 3209 deinde

84 3251 266 3315 necessario
290 3253 386 3316 etiam
413 3253 588 3318 alterautra
609 3250 721 3316 horum
748 3257 821 3317 sunt
843 3252 980 3336 speeies,
1002 3259 1057 3317 aut
1075 3253 1108 3332 ii,
1131 3253 1187 3335 qui

85 3357 144 3424 hoc
170 3380 270 3426 annm
301 3379 374 3427 esse
397 3362 497 3426 velint
522 3380 638 3445 corpus
668 3359 793 3426 infinite
822 3359 954 3444 dictum,
982 3360 1098 3438 antii,
1131 3362 1187 3443 qui

40 3497 52 3518 ·
86 3489 156 3535 esse
188 3471 290 3536 velint
328 3490 443 3554 corpus
477 3470 640 3554 quoddam
673 3470 853 3544 definitum3
890 3471 1045 3536 incertum
1081 3479 1187 3538 autem

85 3584 143 3663 est,
179 3585 253 3645 utra
288 3581 351 3645 sint
388 3582 521 3664 species.
582 3579 696 3664 Quare,
731 3601 803 3646 cum
837 3580 878 3646 de
906 3578 957 3659 his
987 3581 1098 3646 alteris
1133 3599 1187 3663 ge-

87 3690 208 3754 neratio
238 3709 297 3774 per
319 3689 603 3756 condensationem
633 3696 665 3756 et
698 3688 943 3756 rarefactionem
975 3689 1188 3774 praedicetur,

88 3803 172 3862 certe
205 3798 246 3864 dc
275 3799 325 3882 iis,
362 3805 520 3881 quatenns
543 3801 624 3866 tales
648 3804 732 3883 sunt,
765 3799 821 3882 qui
849 3799 883 3864 id
908 3799 993 3882 qnod
1020 3805 1188 3864 estonum

89 3913 215 3988 ponant,
257 3908 312 3973 illa
359 3909 575 3992 generationis
619 3909 723 3974 forma
765 3908 986 3991 praedicatum
1029 3915 1187 3992 quatenns

89 4020 192 4082 autem
215 4016 311 4082 modo
332 4017 524 4084 disiunctivo
545 4025 602 4085 ant
623 4019 647 4083 ii
671 4023 754 4097 sunt,
777 4019 833 4101 qui
856 4017 890 4083 id
912 4018 998 4100 quod
1021 4023 1187 4084 estonum

90 4121 210 4207 hocque
244 4145 359 4210 corpus
387 4127 513 4193 infinite
535 4127 665 4210 dictum,
699 4133 756 4192 aut
777 4127 810 4209 ii,
844 4127 901 4209 qui
932 4147 1029 4192 unum
1063 4126 1188 4208 hocque

91 4251 201 4316 corpus
223 4235 392 4303 definitum
414 4242 544 4321 ponant,
566 4256 626 4302 nec
646 4236 686 4302 de
712 4235 776 4302 illis
799 4256 858 4302 nec
883 4235 923 4302 tle
948 4235 999 4302 his
1022 4236 1077 4302 illc
1092 4256 1188 4320 gene-
