2864 4904
799 361 834 417 76

269 539 375 598 antem
403 541 503 619 patet,
533 536 576 618 id,
604 537 691 619 quod
719 540 849 603 notione
880 542 1011 621 neganti
1033 543 1220 622 continetur,
1251 542 1289 606 ab
1309 561 1347 616 eo,

268 641 354 723 quod
378 646 555 711 continetur
575 648 681 726 aienti,
703 654 735 712 et
756 650 801 712 ita
817 668 911 731 posse
932 656 1114 733 separatum
1136 669 1215 726 esse,
1238 656 1272 715 ιιι
1291 650 1348 714 loco

268 838 465 850 ——a—

269 974 384 1042 aliquid,
403 974 540 1043 quidquid
558 975 587 1028 id
607 981 656 1043 est,
676 978 704 1029 in
724 995 779 1045 quc
798 979 872 1032 visus
891 979 1016 1034 absentia
1034 980 1091 1032 sive
1109 999 1126 1034 a
1145 981 1205 1034 visu
1223 981 1348 1048 separatio
1408 1029 1409 1054 ,

269 1076 408 1140 cernatur,
427 1072 450 1125 si
469 1073 551 1127 modo
570 1073 698 1129 absentia
716 1080 744 1128 et
762 1075 900 1144 separatio
928 1077 1003 1130 cerni
1029 1081 1130 1145 potest.
1177 1077 1218 1131 cf.
1240 1076 1347 1144 Metopln

270 1168 316 1237 IV,
335 1171 360 1222 6.
383 1167 474 1222 1011b
493 1171 534 1222 19.
556 1169 616 1236 Qua
634 1175 728 1226 autern
747 1173 857 1226 ratione
875 1174 911 1228 ab
929 1173 1083 1228 Aristotele
1103 1173 1215 1228 differre
1227 1174 1348 1236 dicantur,

269 1267 321 1322 hoc
338 1267 420 1320 modo
439 1264 525 1335 patet.
564 1262 667 1329 Quavis
693 1264 808 1317 notione
831 1265 919 1318 aienti
945 1268 973 1319 et
991 1265 1107 1335 neganti
1127 1265 1283 1319 Aristotelis
1299 1281 1348 1317 sen·

269 1365 359 1419 tentia
377 1368 405 1418 et
423 1362 483 1432 ipsa
506 1361 547 1430 rei
566 1361 694 1428 veritate,
720 1378 902 1429 quaecunque
922 1365 995 1430 sunt,
1024 1361 1053 1414 in
1078 1361 1133 1416 duo
1159 1361 1275 1416 maxima
1292 1359 1348 1413 divi·
1409 1322 1410 1412 l

269 1462 374 1516 duntur
392 1477 505 1530 genera,
524 1475 642 1527 quorum
661 1457 749 1510 altero
769 1457 948 1512 continentur
967 1475 1008 1525 ea,
1027 1457 1056 1510 in
1069 1457 1171 1528 opibus
1185 1457 1259 1511 notio
1276 1457 1349 1522 aiens,

269 1557 299 1611 id
317 1559 367 1623 est,
385 1555 409 1607 si
427 1559 522 1608 nostro
537 1553 663 1622 exemplo
684 1553 799 1621 utimur,
819 1553 937 1610 facultas
957 1553 1079 1622 videndi,
1103 1555 1193 1609 altero
1211 1554 1298 1608 omnia
1315 1571 1349 1605 re

270 1654 355 1722 liqna,
374 1653 403 1705 in
416 1651 517 1720 quibus
529 1651 607 1704 notio
626 1668 739 1720 negans,
758 1650 850 1713 idest,
870 1651 967 1705 visus
986 1651 1148 1706 absentia
1167 1652 1237 1705 sive
1254 1670 1269 1704 a
1285 1651 1349 1704 visu

270 1749 446 1819 separatio
465 1748 597 1804 cernitur.
635 1748 694 1802 lam
714 1765 781 1801 vero
800 1747 892 1801 inhia
912 1748 1018 1818 alteris,
1046 1749 1069 1802 si
1087 1749 1177 1803 solum
1205 1767 1235 1803 ea
1256 1748 1350 1802 ratione

271 1847 490 1913 considerantur,
510 1849 646 1912 quatenus
664 1845 842 1898 continentur
860 1845 974 1899 notione
987 1845 1111 1915 neganti,
1130 1845 1203 1899 nihil
1222 1851 1269 1914 est,
1286 1843 1348 1914 quctl
1410 1889 1411 1896 ,

271 1943 308 1996 sit
336 1943 413 1996 aiens
431 1942 549 2011 ideoque
576 1942 656 2009 nihil,
684 1959 739 2010 quo
766 1959 851 1996 unum
879 1942 1038 2011 aliquidne
1060 1942 1207 1997 delinitum
1228 1943 1303 2010 fiant3
1327 1943 1350 1993 et

270 2039 375 2094 idcireo
394 2043 422 2093 et
440 2039 554 2092 omnia
571 2043 688 2108 possunt
707 2056 765 2092 esse
783 2043 897 2107 praeter
914 2038 985 2093 illud
1004 2040 1125 2093 alterum
1143 2057 1230 2110 genus
1250 2039 1349 2092 notione

270 2137 357 2191 aienti
376 2134 529 2201 delinitum,
548 2139 576 2189 et
593 2139 711 2204 possunt
730 2134 820 2188 nihil
840 2151 914 2203 esse;
937 2151 1022 2204 quam
1044 2135 1081 2190 ob
1103 2153 1230 2190 caussam
1247 2136 1350 2190 vocabu·

271 2233 330 2287 lum
343 2233 421 2286 velut
439 2250 495 2285 non
514 2261 547 2270 -
566 2231 663 2286 videns
682 2231 718 2285 ab
731 2232 884 2286 Aristotele
903 2236 1021 2286 vocatur
1038 2226 1129 2303 ὄνομα
1142 2228 1275 2302 ἀόριστον.
1292 2232 1350 2286 Con·

271 2333 428 2384 seotancum
448 2333 498 2396 est,
517 2334 550 2383 ut
570 2345 647 2382 mens
665 2329 807 2383 notionem
831 2334 978 2399 negantem
999 2331 1134 2400 cogitans,
1163 2331 1187 2384 si
1211 2347 1259 2400 per
1276 2348 1301 2384 se
1315 2345 1350 2382 sc·

271 2427 327 2480 lam
346 2426 460 2496 cogitet,
478 2445 535 2480 non
554 2426 658 2497 cogitet
677 2425 823 2481 definitum
842 2427 982 2496 quoddam
995 2427 1161 2497 subiectum,
1179 2428 1209 2482 in
1227 2445 1279 2497 quo
1295 2427 1351 2480 haec
1411 2450 1412 2460 ι

271 2523 349 2577 notio
368 2527 508 2590 cernatur,
527 2524 575 2578 sed
594 2521 703 2578 infinito
723 2523 805 2577 modo
829 2523 936 2592 aliquid
960 2524 1016 2578 tale
1035 2525 1151 2595 cogitet,
1170 2525 1257 2594 qnod
1274 2541 1350 2593 sepa·

271 2625 386 2676 ratum
404 2621 452 2674 sit
470 2638 487 2676 a
506 2621 649 2676 notione
670 2621 788 2690 aienti,
807 2622 836 2676 id
855 2626 898 2676 est
918 2622 947 2676 in
967 2626 1063 2676 nostro
1076 2623 1215 2691 exemplo,
1234 2621 1303 2691 qnod
1317 2637 1350 2673 se

269 2721 400 2788 paratum
419 2718 455 2772 sit
473 2718 572 2772 avisu.
608 2719 702 2787 Atque
721 2719 786 2774 hinc
809 2724 896 2789 patet,
921 2720 1044 2774 notionis
1070 2720 1201 2790 negantis
1223 2720 1258 2775 ab
1279 2716 1350 2772 aienti

269 2814 470 2883 differentiam,
502 2831 573 2883 quae
601 2815 630 2869 in
660 2815 883 2884 separatione
910 2817 952 2870 ab
985 2816 1094 2870 aienti
1122 2817 1182 2871 sive
1210 2817 1239 2870 in
1266 2814 1351 2870 aientis

270 2911 397 2966 absentia
414 2912 506 2980 posita
524 2915 576 2974 est,
602 2929 659 2966 non
678 2929 741 2966 cnm
763 2913 878 2966 notione
896 2911 1005 2968 definiti
1025 2913 1168 2968 cuiusdam
1192 2912 1311 2986 subiecti,
1326 2911 1350 2963 in

270 3025 324 3077 quo
343 3008 419 3076 insit,
437 3009 612 3064 coniunctam
631 3027 699 3077 esse,
727 3010 775 3064 sed
801 3014 830 3064 et
852 3010 1025 3080 cogitatione
1052 3017 1080 3066 et
1107 3010 1234 3065 oratione
1259 3025 1351 3078 semper
1409 3035 1412 3042 ι

270 3105 386 3175 adiungi
405 3105 440 3159 ad
459 3105 601 3161 notionem
619 3107 739 3160 aientem
761 3111 790 3161 et
807 3107 859 3163 hac
876 3107 936 3160 sola
954 3106 1033 3175 quasi
1052 3107 1156 3183 fulciri,
1175 3107 1305 3176 siquidem
1325 3121 1351 3157 aa

269 3203 340 3257 nihil
359 3203 500 3273 cogitatur
528 3219 579 3258 nec
606 3204 733 3258 oratione
760 3202 935 3274 significatur
953 3204 1008 3257 nisi
1035 3204 1075 3258 ab
1099 3205 1210 3258 aienti
1227 3200 1350 3273 separatio

269 3301 327 3355 sive
345 3301 472 3355 aientis
491 3300 625 3355 absentia
664 3300 756 3356 Aliter
775 3317 803 3354 se
816 3301 901 3356 habet
918 3301 947 3354 in
965 3300 1079 3355 notione
1091 3302 1229 3371 privanti;
1246 3313 1351 3366 namque

269 3399 347 3453 notio
357 3399 479 3468 privans,
491 3398 569 3453 velut
584 3399 730 3463 ‘caecum’,
743 3399 805 3467 ipsa
817 3415 928 3468 quoque
937 3398 1076 3470 significat
1086 3399 1200 3467 quidem
1211 3393 1351 3452 notionis

269 3495 395 3550 aientis
414 3495 606 3550 absentiam
625 3495 697 3551 sive
715 3495 755 3551 ab
781 3513 817 3550 ea
838 3496 1102 3572 separationem,
1127 3496 1176 3550 sed
1198 3495 1278 3550 simul
1298 3509 1351 3547 con·

269 3591 342 3646 tinet
360 3592 504 3647 notionem
521 3592 667 3647 definiti
687 3593 866 3648 cuiusdam
886 3593 1043 3662 subiecti,
1062 3593 1098 3648 ad
1117 3593 1290 3662 quodsolum
1311 3587 1351 3642 illa

270 3687 370 3744 aientis
389 3689 515 3743 absentia
528 3689 677 3758 pertineat,
693 3677 772 3743 velut
791 3690 868 3744 notio
888 3691 963 3745 caeci
981 3689 1106 3744 continet
1125 3688 1266 3744 notionem
1283 3683 1352 3747 ocni,

269 3788 300 3842 in
318 3805 373 3856 quo
391 3788 449 3841 solo
469 3792 608 3842 cernatur.
645 3786 737 3854 Quare
754 3787 922 3842 Aristoteles
941 3792 1037 3842 nostro
1056 3787 1126 3856 loco,
1146 3783 1305 3856 (1004215)
1320 3781 1352 3836 nit

270 3885 318 3954 ‚Aa
336 3883 368 3938 ct
387 3878 510 3952 στερήσει
528 3887 574 3936 καὶ
592 3881 760 3956 ὑποκειμένη
788 3903 827 3946 τις
845 3879 928 3957 φύσις
950 3889 1063 3954 γίνεται,
1088 3883 1154 3936 καθ’
1178 3902 1208 3950 ης
1229 3875 1351 3952 λέγεταιιῖ

269 3982 421 4052 στέρησις“,
450 3986 478 4036 et
496 3980 546 4050 IV,
563 3982 587 4037 6.
607 3981 696 4036 1011b
714 3984 760 4037 19:
786 3977 899 4050 „ciulac
924 3982 956 4035 cr
981 3986 1105 4052 στέρησις
1128 3974 1272 4052 ἀπόφασίς
1291 3978 1353 4030 ἐστιν

269 4073 326 4132 ἀπό
350 4097 422 4139 τινος
445 4077 601 4150 ὡρισμένου
628 4081 751 4150 γένουςιι.
785 4080 943 4151 (Intelleget
973 4082 1098 4148 στέρησις
1122 4079 1157 4132 δι’
1174 4077 1249 4130 ἐστιν
1274 4070 1353 4127 uiolet

266 4167 429 4243 ’ἀπόφασιῃ
447 4168 526 4226 οὐσία
545 4173 573 4227 h.
594 4173 612 4227 1.
631 4173 706 4227 idem
725 4178 767 4228 est
789 4179 874 4242 atque
892 4174 970 4228 notio
995 4173 1093 4244 aiens).
1129 4173 1229 4242 Itaque
1246 4167 1353 4226 notionis

269 4268 398 4340 negantis
417 4273 445 4323 et
459 4269 597 4341 privantia
615 4268 776 4325 differentia
795 4269 864 4326 haec
876 4274 933 4325 est:
952 4270 1075 4324 notionis
1087 4270 1217 4341 negantia
1234 4269 1270 4324 ab
1281 4264 1354 4322 aienti
