2864 4904
63 567 123 635 τὸν
151 570 246 654 νοῦν,
277 592 319 640 an
349 593 446 639 unum
476 593 517 640 ex
539 573 629 640 hisee
655 572 740 653 εἰει),
778 571 839 640 hoe
871 579 931 653 est,
961 578 1066 639 utrum
1095 572 1167 655 ipso

64 698 166 746 sensu
185 687 241 748 eut
262 687 370 748 mente
385 681 594 762 eontinentur,
617 703 659 748 an
679 684 722 748 sit
738 679 898 766 quaedam
912 682 1013 748 animi
1032 681 1169 748 facultas

65 789 108 854 ab
132 789 197 855 illis
217 790 289 875 ipso
312 790 469 875 prinoipio
492 790 634 874 diversa5
667 798 700 856 et
721 811 793 856 oum
823 792 856 856 in
881 789 1103 874 disputatione
1126 788 1168 855 de

66 897 196 965 fortuito
217 898 309 981 dieit,
330 919 394 965 non
416 900 524 966 omnia
546 907 601 966 aut
615 921 743 984 semper
763 920 803 965 ae
817 900 1001 966 necessario
1023 905 1079 965 aut
1100 899 1167 983 ple·

66 1026 199 1089 rumque
221 1003 281 1084 (ὥς
291 1003 349 1072 ἐπὶ
362 1001 401 1072 τὸ
411 1006 511 1088 πολὺ)
532 1007 611 1086 fieri,
636 1007 695 1076 setl
714 1001 817 1089 ‘napi
836 998 952 1072 ταῦτα’
974 1008 1167 1090 esseetiam‚

68 1114 157 1197 quod
175 1117 308 1184 fortuito
328 1115 394 1198 fiat,
414 1118 512 1204 quod,
533 1117 612 1184 lieet
636 1118 670 1184 in
685 1116 799 1184 eadem
820 1138 856 1184 re
871 1123 970 1201 atque
992 1119 1047 1186 illa
1059 1117 1168 1202 priora

68 1227 196 1292 evenire
218 1225 332 1310 possit,
358 1247 379 1292 a
401 1245 518 1294 esnssa
544 1232 611 1294 toto
635 1248 754 1311 genere
776 1227 917 1310 diversa,
943 1226 1113 1294 afortuna
1135 1233 1169 1294 et

69 1351 158 1408 essu,
178 1335 345 1420 repetit²);
370 1342 402 1403 et
425 1336 602 1402 innumeris
623 1336 699 1403 aliis
719 1337 811 1404 loeis.
1177 1333 1180 1340 ¹

168 1446 306 1512 Possunt
326 1453 435 1512 autem
466 1445 528 1512 lrae
550 1446 633 1513 duae
657 1446 806 1512 voeabuli
839 1445 1095 1530 significationes
1124 1444 1167 1512 ad

73 1572 168 1620 unam
196 1553 361 1620 notionem
393 1554 573 1638 simplicem
604 1554 724 1620 reduoi.
783 1554 913 1621 Etenim
941 1548 981 1618 τὸ
1014 1545 1105 1636 παρά
1135 1575 1168 1616 τι

72 1665 192 1730 numeri
210 1666 350 1730 maxime
371 1663 536 1748 proprium
558 1670 616 1729 est.
660 1662 741 1730 Cum
763 1665 850 1730 enim
869 1684 1019 1730 numerus
1042 1668 1168 1730 eonstet

73 1791 91 1837 e
114 1775 252 1858 pluribus
276 1774 425 1859 singulis,
455 1793 589 1856 quorum
613 1772 864 1857 unumquodque
894 1759 991 1840 unriin
1010 1794 1031 1839 a
1051 1773 1167 1856 quovis

75 1882 138 1950 alio
166 1905 226 1952 uno
257 1891 441 1970 separatum
468 1891 526 1968 est,
558 1884 807 1967 unumquodque
838 1905 937 1952 unum
968 1883 1011 1950 ad
1042 1883 1168 1964 reliqua

76 1991 254 2077 singulesio
276 1994 439 2078 sehabet,
461 2000 496 2060 ut
518 1995 558 2060 sit
581 1987 836 2076 reaptantes.
880 1993 1083 2078 Quapropter
1097 1991 1169 2058 Ari-

81 2105 215 2187 stoteles,
246 2110 420 2190 postquam
454 2105 653 2170 enumeravit
681 2111 832 2186 quattuor
860 2124 966 2170 rerum
996 2101 1166 2186 prineipia,

76 2214 246 2289 materiam,
275 2205 425 2293 formam,
444 2214 669 2298 privationem,
701 2233 849 2282 caussam
879 2213 1085 2292 efficientem,
1116 2209 1168 2276 his

78 2321 121 2388 ita
139 2322 227 2389 addit
248 2325 405 2407 quintum,
427 2329 463 2388 ut
477 2322 574 2404 dieat,
598 2317 669 2407 „i‘es
687 2316 795 2404 παρὰ
816 2324 935 2388 ταῦτα
954 2318 998 2399 ὠς
1018 2314 1057 2384 τὸ
1073 2319 1167 2400 πρῶ-

76 2452 130 2496 τον
150 2426 279 2498 πάντων
300 2431 409 2496 κινοῦν
430 2423 605 2509 πάνναῑιῦκ
628 2436 661 2496 et
683 2435 853 2514 postquam
875 2431 943 2513 egit
961 2429 1002 2496 de
1023 2430 1165 2513 quinque

78 2544 225 2622 sensibus,
240 2543 446 2619 demonstrat,
469 2560 533 2606 non
544 2559 641 2626 posse
654 2559 726 2606 esse
746 2532 923 2624 ἀἴσθησιν
934 2534 1046 2620 ἑτέραν
1058 2533 1164 2620 παρὰ

78 2643 131 2727 τὰς
151 2643 320 2735 πέπε’4);
351 2658 384 2719 et
413 2650 448 2717 in
478 2652 663 2718 universum
692 2657 766 2736 post
796 2652 935 2736 plurium
967 2651 1164 2733 singulomm

78 2763 339 2828 enumerationem
360 2761 554 2845 completum
575 2781 751 2845 ¹numerum
772 2779 843 2826 esse
864 2761 915 2826 vel
938 2759 1166 2844 ineompletum

80 2865 122 2933 ita
141 2871 218 2936 solet
239 2868 432 2954 significare,
464 2875 499 2935 ut
521 2888 585 2934 non
606 2888 679 2936 esse
701 2870 754 2934 vel
776 2888 848 2934 esse
869 2867 993 2950 aliquid
1014 2861 1105 2948 παρὰ
1127 2863 1166 2930 τὰ

79 2971 219 3062 εἰρημένα
235 2979 366 3063 diuam).
410 2978 526 3062 Quare,
548 2977 577 3046 si
598 2999 662 3046 non
680 2980 783 3046 solum
804 2998 851 3057 ea,
876 2997 959 3060 quae
975 2975 1167 3060 singillatim

81 3151 267 3162 ·-—n———--

171 3252 198 3321 1)
214 3253 267 3307 An.
287 3251 337 3320 III,
356 3253 382 3306 9.
401 3251 472 3306 432·
487 3251 533 3306 18:
554 3253 634 3322 „napi
653 3249 700 3304 τοῦ
718 3249 856 3309 κινοῦντος
875 3291 882 3304 .
901 3288 908 3302 .
928 3289 935 3305 .
954 3251 1096 3312 σκεπτέον,
1116 3243 1166 3302 πό-

79 3363 174 3418 τερον.
192 3390 198 3403 .
218 3390 225 3404 .
244 3345 318 3404 ἴδιόν
335 3369 360 3402 τι
383 3349 487 3420 (μέρος)
512 3345 598 3417 παρὰ
623 3343 660 3400 τὰ
689 3342 840 3400 εἰωθότα
866 3347 1029 3417 λέγεσθαι
1052 3347 1107 3398 καὶ
1129 3341 1166 3397 τὰ

80 3443 238 3514 εἰρημένα,
257 3437 273 3512 ἢ
291 3437 395 3497 τούτων
411 3441 443 3497 ἓν
459 3441 510 3496 τι.“

170 3540 197 3611 2)
215 3540 338 3610 Metuph.
349 3539 398 3609 Vl,
407 3541 434 3592 2.
454 3541 542 3594 1027·
556 3539 601 3593 lb:
622 3532 758 3608 „nirspov
776 3532 859 3592 οὐδέν
879 3537 954 3592 ἐστιν
970 3531 1025 3592 οὔτ’
1044 3533 1086 3591 ἀεὶ
1105 3531 1166 3590 οὔθ’

81 3631 113 3694 ὡς
129 3636 172 3692 aa
188 3634 218 3692 ui
236 3631 307 3692 πολὺ
325 3637 405 3708 (num
422 3635 496 3690 nihil
514 3640 557 3692 est
576 3636 652 3705 quod
669 3652 726 3689 non
745 3635 958 3692 autneoessario
978 3639 1027 3688 eut
1044 3635 1166 3705 plerum·

82 3745 128 3798 que
145 3732 211 3804 fiat),
235 3728 348 3802 ἢτοῦτο
367 3728 517 3788 ἀδύνατον·
545 3734 620 3788 ἔστιν
639 3727 691 3802 ἄρα
716 3753 741 3785 τι
762 3728 853 3802 παρὰ
877 3731 980 3784 ταῦτα
1003 3729 1033 3784 τὸ
1056 3724 1167 3802 ὁπότερ’

81 3827 147 3901 ἔτυχε
173 3834 218 3884 καὶ
244 3828 311 3885 κατὰ
331 3825 531 3902 συμβεβηκός.“
570 3829 612 3884 Cf.
634 3830 672 3884 ib.
692 3847 718 3883 v.
736 3829 785 3898 253
814 3828 896 3898 Phys.
920 3827 956 3896 II,
983 3828 1008 3882 t:
1029 3828 1101 3881 1961>
1118 3827 1165 3895 133

83 3925 121 3994 19;
140 3927 207 3982 197⁵
221 3928 263 3982 19.
712 3957 714 3962 ·
1163 3950 1167 3954 ·

169 4024 196 4094 3)
214 4023 338 4094 Meteph.
356 4023 418 4093 XlI,
437 4025 462 4076 4.
485 4023 632 4079 10701234.
699 4044 706 4055 ·

168 4121 197 4190 ν)
216 4124 269 4176 An.
288 4120 338 4192 111,
358 4123 383 4174 1.
401 4121 477 4173 raro
490 4121 535 4173 aa.
1210 4163 1216 4169 .

169 4215 197 4285 5)
215 4215 261 4270 Sie
279 4233 322 4270 ex.
340 4233 382 4287 gr.
402 4209 501 4284 rimss,
521 4217 546 4269 3.
564 4212 638 4268 414¹>
652 4213 684 4266 21
706 4207 876 4268 enumeratis
894 4211 1096 4281 explicatisque
1113 4213 1165 4266 tri-

83 4306 125 4362 bus
141 4313 246 4368 enimse
264 4313 413 4384 generibus
432 4312 563 4380 ostendit,
582 4329 637 4364 non
657 4327 715 4364 esse
733 4310 854 4365 animam
881 4305 973 4380 ’παρὰ
989 4301 1040 4367 ’τὰς
1057 4303 1165 4380 ἐἰρημέ-

949 4406 967 4458 6
