2864 4910
753 380 805 437 388

229 573 248 620 a
271 557 382 618 oentm
403 547 566 615 distantiis
589 550 676 615 eirea
698 549 809 617 mundi
835 571 930 618 axem
954 558 1151 636 moveantur,
1174 553 1242 618 sins
1267 552 1321 619 du·

228 663 282 728 bio
305 661 435 742 habent,
469 678 532 742 quo
563 659 716 726 ferantur.
761 661 828 726 Iam
851 660 1073 744 Parmeniden,
1106 662 1147 727 de
1171 663 1320 728 coronis

227 773 362 855 loquens
384 789 504 853 easque
532 769 648 854 partim
677 769 805 834 latiores
830 772 948 854 partim
970 773 1186 854 angustiores,
1215 772 1247 837 id
1268 778 1320 853 est,

226 881 340 961 purtim
355 881 539 963 superiores
558 877 674 962 partim
697 879 865 944 inferiores
888 900 961 946 esse
976 880 1097 964 dicem,
1120 901 1192 947 eam
1209 902 1319 958 earum,

227 1009 326 1072 quae
349 991 450 1056 inter
472 1007 605 1054 omnes
628 987 755 1054 media
778 990 836 1072 sit,
865 987 958 1054 deam
990 988 1158 1072 (δαίμονα)
1187 992 1321 1078 appellat

228 1098 332 1164 omnis
348 1105 452 1165 motus
477 1103 509 1162 et
526 1098 750 1181 generationes
762 1097 956 1165 effectricem
967 1101 1005 1182 ¹);
1034 1100 1183 1183 hancque
1196 1099 1319 1166 eandem

226 1228 376 1274 coronam
399 1207 513 1274 Cicero
535 1208 646 1273 orbem
676 1206 821 1292 appellat
848 1227 866 1272 e
897 1209 1074 1274 continenti
1104 1208 1221 1276 ardore
1245 1211 1319 1274 lueis

227 1324 437 1398 constantem,
471 1320 534 1400 qui
566 1318 673 1384 orbis
702 1318 836 1400 ningat
861 1319 1011 1384 coelum
1045 1314 1097 1397 (ud
1120 1319 1281 1405 πυρῶδες)
1300 1317 1319 1399 ).

228 1426 308 1492 Cum
331 1427 431 1510 igitur
453 1427 534 1493 haec
555 1447 673 1492 corona
695 1427 800 1492 locum
822 1433 932 1494 teneat
955 1428 1038 1494 inter
1060 1449 1173 1495 omues
1188 1430 1319 1495 medinm

227 1542 259 1601 et
282 1535 445 1602 Ciceronis
479 1536 663 1602 testimonio
692 1536 817 1602 coelum
847 1536 957 1620 cingat
991 1537 1158 1620 (quoniam
1185 1538 1319 1605 effectrix

228 1645 345 1712 dieitur
367 1647 468 1712 omnis
491 1652 605 1728 motus,
628 1667 691 1711 non
710 1643 941 1712 veridissimile
964 1653 1021 1725 est,
1053 1668 1125 1714 eam
1148 1650 1267 1714 coelum
1287 1648 1318 1711 in

228 1752 378 1820 circulo
401 1755 691 1837 aequinoctiali
722 1755 876 1838 cingere),
909 1775 965 1822 eas
994 1775 1139 1840 coronas,
1164 1778 1245 1840 quae
1266 1756 1320 1822 hac

228 1864 409 1946 superiores
424 1869 508 1946 sunt,
533 1866 594 1948 ipsi
619 1865 689 1930 sine
713 1863 813 1930 dnbio
834 1867 961 1930 omnino
984 1865 1119 1948 similes,
1145 1867 1178 1930 in
1200 1865 1319 1933 aethere

227 1990 298 2037 esse
321 1978 454 2055 oportet.
499 1973 569 2039 Hae
591 1980 697 2040 autem
727 1972 805 2056 quid
835 1980 971 2058 possunt
1000 1994 1071 2040 esse
1102 1977 1177 2040 nisi
1209 1977 1318 2042 orbes

226 2082 463 2147 annulorum
490 2083 652 2164 similes,
681 2083 823 2166 quihus
857 2085 1006 2163 stellae,
1040 2083 1138 2168 luna,
1173 2087 1242 2165 sol,
1268 2086 1319 2149 lu·

228 2189 327 2254 oifer
349 2191 624 2256 sustineantur
646 2197 685 2256 ot
707 2191 915 2258 ferantur?
946 2191 1068 2258 Eodem
1097 2200 1205 2259 autem
1231 2192 1318 2257 modo

227 2316 281 2362 eas
305 2318 449 2381 coronas,
472 2318 555 2381 quae
582 2300 689 2394 media
712 2301 769 2366 illa
791 2322 828 2366 ao
850 2303 973 2367 coelum
996 2304 1137 2386 cingenti
1161 2304 1318 2368 interiores

227 2407 390 2473 etidcirco
411 2410 444 2472 in
468 2410 539 2492 ipso
554 2411 643 2475 coelo
667 2407 728 2494 (τῷ
744 2410 903 2494 πυρώδει)
917 2418 1001 2494 sunt,
1025 2432 1058 2478 se
1071 2411 1190 2480 hahere
1202 2418 1319 2496 oportet

299 2684 365 2753 ἔργα
383 2701 412 2736 τε
432 2679 573 2744 κὺκλωπος
591 2681 678 2760 πεύσῃ
697 2692 845 2759 περίφοιτα
868 2684 1008 2755 σελήνης

298 2784 343 2832 καὶ
363 2775 461 2851 φύσιν·
481 2777 599 2846 εἰδήσεις
619 2782 717 2835 δὲκαὶ
738 2780 888 2853 οὐρανὸν
904 2781 995 2856 ἀμφὶς
1013 2785 1137 2856 ἕχοντα.“

227 2893 325 2946 Altero
345 2892 424 2947 haec:

299 2983 455 3056 ,,(ε1ὃὴσεις)
474 2989 617 3058 odrysio
635 2993 681 3042 καὶ
699 2986 793 3056 ἥλιος
811 2987 871 3057 ἠδὲ
889 2987 1008 3059 σελήνη

298 3080 399 3155 αἰθήρ
418 3101 449 3138 τε
468 3081 562 3145 ξυνὸς
580 3085 622 3155 (id
640 3091 691 3147 est.
710 3087 778 3157 soli
799 3092 833 3143 et
851 3090 951 3143 lunae
970 3090 1136 3160 communis)
1154 3085 1221 3159 γάλα
1238 3089 1261 3142 τ’
1278 3087 1317 3140 ori·

824 3180 920 3256 ράνιον
936 3190 981 3239 καὶ
992 3179 1133 3258 Ὄλυμπος
1151 3186 1219 3240 κτὶ.“

228 3276 268 3331 cr.
288 3275 365 3331 stou.
384 3277 406 3345 1,
425 3279 470 3344 as,
488 3295 516 3348 p.
535 3279 598 3333 oss.

328 3389 355 3458 1)
375 3387 483 3459 Stoh.1‚
493 3392 536 3460 22,
555 3409 582 3460 p.
595 3393 663 3461 4823
682 3393 739 3448 vid.
759 3412 843 3464 supra
861 3412 887 3465 p.
899 3396 951 3450 385
970 3399 1056 3450 noti
1077 3395 1312 3465 etParmfrsgm.

226 3503 252 3538 v.
275 3487 332 3538 126.

325 3581 354 3650 2)
374 3581 454 3649 Quod
472 3583 553 3652 hanc,
580 3602 664 3654 quam
683 3586 813 3655 diximus,
836 3588 918 3643 deam
942 3593 1046 3659 putant
1068 3607 1084 3643 a
1107 3588 1267 3644 Parmenide
1291 3586 1317 3640 in

225 3677 317 3731 medio
336 3679 403 3747 poni
422 3681 546 3734 mundo
570 3680 618 3746 (ot'.
637 3681 729 3736 Zeller
748 3683 769 3750 I,
793 3702 822 3753 p.
841 3686 893 3738 485
921 3689 949 3738 et
966 3691 1024 3738 not.
1047 3685 1082 3754 1),
1107 3686 1137 3739 id
1161 3691 1190 3738 et
1212 3683 1317 3740 omnino
1410 3665 1411 3730 ζ

225 3778 333 3843 pugnat
352 3791 416 3830 euru
436 3775 558 3846 Stobaei‚
578 3777 728 3847 Ciceronis,
747 3779 833 3847 ipsius
847 3780 1020 3834 Parmenidis
1039 3781 1142 3848 verbis,
1161 3799 1213 3836 noc
1231 3795 1317 3836 conso·
1410 3767 1411 3772 ¹

124 3871 127 3876 '
226 3869 295 3923 ciani
313 3875 407 3939 potest
426 3889 488 3926 cum
506 3874 639 3928 universa
653 3874 826 3929 Parmenidis
839 3877 956 3930 ratione.
994 3877 1082 3931 Huius
1102 3875 1317 3932 enimsententia

226 3965 352 4020 divinum
376 3972 460 4037 atque
478 3971 616 4040 optimum
640 3989 696 4025 non
719 3971 753 4025 in
772 3972 884 4026 medio
906 3974 1038 4051 mundo,
1065 3975 1096 4055 id
1123 3979 1166 4030 ost
1194 3975 1222 4028 in
1241 3979 1318 4038 terra,

226 4080 241 4116 e
259 4080 351 4118 crassa
369 4069 397 4118 et
416 4083 503 4147 opaca
522 4068 641 4122 materia
658 4069 807 4138 constanti,
826 4070 874 4124 sed
893 4087 948 4124 non
967 4071 1020 4124 nisi
1041 4072 1069 4124 in
1083 4071 1215 4142 circuitu,
1233 4073 1317 4136 idest,

226 4159 256 4212 in
276 4160 398 4214 aetheris
418 4161 537 4230 sphaera
556 4181 614 4218 esse
633 4168 733 4233 potest.
771 4165 1012 4237 Pythagoreorum
1024 4167 1101 4221 ἑστία
1120 4166 1317 4224 aParmenidis

225 4257 322 4310 mundi
340 4263 438 4313 centro
457 4263 518 4313 tota
539 4277 588 4314 sus
607 4266 710 4315 natura
729 4262 840 4318 diverso
858 4267 907 4319 eat.
