2882 4902
803 387 839 444 ol

270 567 398 646 pruolor
419 567 568 628 naturam
589 560 685 628 robus
708 561 886 627 subiectam
914 563 1037 628 nullum
1068 568 1221 645 quattuor
1243 562 1358 628 illomro

271 671 502 754 principiorum
525 670 712 755 attigerim).

370 781 460 846 lllter
481 782 571 846 loous
594 787 644 846 ost
666 779 700 844 in
722 780 826 864 primo
848 780 1060 864 Physioorum
1081 781 1177 863 libro,
1206 801 1249 846 ea
1270 787 1358 864 parto,

270 909 336 972 qua
353 890 542 956 Aristoteles
558 890 662 974 ipsam
674 891 829 956 materiae
849 892 1011 957 notionem
1027 891 1178 974 explieat„
1200 891 1264 956 Hio
1285 891 1358 956 enim

270 1000 304 1064 in
335 1019 375 1065 ea
407 999 637 1083 disputatione,
669 1019 736 1083 qua
757 999 801 1065 ad
834 1000 1062 1084 explioandam
1095 1019 1199 1066 rorum
1235 1020 1358 1083 gonera-

270 1108 390 1175 tionem
411 1117 444 1174 ot
465 1110 701 1195 corruptionem
715 1109 935 1176 necessarium
958 1129 1030 1177 ossa
1052 1111 1145 1177 donet
1166 1129 1288 1195 ponere
1312 1129 1357 1172 na-

270 1226 375 1284 luram
397 1217 569 1302 quandam,
593 1237 676 1301 quoe
696 1219 905 1302 qualitatibus
921 1221 1098 1301 nonnanis,
1120 1239 1256 1302 quarum
1278 1219 1357 1283 viois·

271 1328 409 1394 situdino
424 1330 527 1394 omnis
538 1330 702 1411 genoratio
715 1330 923 1411 continentur,
946 1328 1090 1396 subiooln
1104 1330 1154 1411 sil,
1176 1331 1248 1413 ipsa
1261 1335 1356 1394 aulon

270 1458 328 1522 por
351 1459 386 1504 so
409 1437 460 1504 lrls
483 1437 688 1520 qualitatibus
717 1445 836 1521 aaroni,
867 1438 910 1506 ad
936 1438 1157 1505 illustrandam
1188 1438 1270 1505 hano
1296 1457 1356 1502 son-

270 1549 401 1614 tentiam
423 1567 532 1612 eorum
555 1546 662 1611 adfert
682 1545 869 1632 doctrinam,
899 1549 954 1629 qui
975 1549 1082 1613 omnia
1103 1553 1248 1613 statuant
1271 1565 1355 1612 unam

269 1655 433 1741 quandam
455 1663 601 1722 naturam
624 1675 704 1737 esso,
726 1657 826 1722 veluti
845 1677 965 1739 aquam
985 1665 1042 1722 aot
1057 1658 1164 1738 ignom
1187 1663 1243 1722 aut
1263 1660 1356 1719 natu·

269 1789 351 1834 ram
375 1769 474 1832 inter
496 1764 590 1831 haec
611 1765 772 1831 mediam
794 1759 845 1845 (τό
867 1759 987 1847 μεταξὺ
1008 1760 1144 1842 τούτων,
1168 1765 1202 1830 id
1224 1772 1270 1830 est
1289 1756 1356 1826 ὕδα-

268 1899 326 1954 τος
347 1875 401 1940 καὶ
423 1874 553 1958 πυρός),
576 1875 701 1942 addens
726 1878 833 1959 etiam,
855 1875 898 1942 ad
920 1877 1085 1942 veritatem
1108 1877 1271 1960 propiores
1292 1890 1354 1937 esso

271 2006 336 2066 eos,
358 1988 498 2070 quinon
521 2006 618 2052 unum
641 2005 681 2050 er
703 1986 879 2064 elementis,
902 1986 1115 2069 quippequao
1138 1986 1210 2068 ipsa
1229 1985 1353 2050 alterau-

270 2103 320 2162 lra
332 2096 519 2178 qualitatum
533 2096 764 2160 contrariarum
782 2101 922 2173 utantur,
943 2115 1054 2160 verum
1071 2099 1246 2160 naturam
1260 2094 1354 2158 illam

271 2205 433 2271 mediam
455 2206 551 2272 robus
574 2205 751 2271 subioolam
773 2223 845 2271 esso
866 2205 1008 2282 velino).

370 2315 497 2380 'Fortius
519 2315 621 2395 loous,
650 2315 742 2396 isque
768 2317 908 2380 omnium
935 2315 1031 2398 longo
1063 2320 1096 2380 ol
1129 2313 1353 2398 copiosissimos
1417 2349 1418 2352 =

270 2431 303 2490 st
324 2427 540 2508 gravissimus,
564 2431 613 2490 ost
634 2426 665 2489 in
686 2425 787 2489 allero
810 2424 851 2490 do
874 2423 1088 2490 &oneratione
1111 2429 1143 2489 ot
1157 2421 1354 2507 Corrupliono
1417 2411 1418 2414 ’

270 2535 361 2608 libro,
391 2535 446 2600 ubi
467 2535 654 2600 Aristoteles
677 2533 718 2599 do
740 2535 1015 2601 elomentorum
1038 2533 1199 2598 matoria
1231 2529 1352 2615 quaerit,

270 2651 375 2708 utrum
404 2664 470 2709 una
491 2646 532 2709 sit
565 2665 607 2709 an
630 2645 747 2729 plures.
791 2644 842 2710 Do
865 2643 925 2711 lrao
960 2646 1056 2727 igilur
1089 2644 1275 2725 quaestione
1299 2638 1352 2722 pri·

269 2773 360 2819 orum
384 2751 647 2839 philosophorum
673 2754 840 2837 opiniones
869 2772 1040 2818 rooonsans
1063 2751 1221 2834 quosdam
1243 2752 1285 2815 ait
1301 2747 1351 2812 do·

269 2883 350 2946 nore,
372 2865 539 2928 materiam
572 2861 718 2928 omnibus
749 2862 914 2928 elementis
948 2863 1123 2927 subioolnm
1158 2881 1254 2926 unam
1282 2876 1351 2936 osso,

268 2973 367 3037 voluti
389 2991 454 3055 eos,
476 2972 532 3054 qui
554 2991 661 3037 aorem
683 2991 754 3037 eam
766 2979 887 3055 ponant
909 2973 960 3037 vol
983 2973 1099 3055 ignom,
1121 2978 1178 3036 aul
1192 2977 1351 3036 naturam

269 3080 462 3164 quondam
477 3083 580 3147 inter
602 3080 696 3147 haeo
711 3079 870 3146 mediam
894 3073 945 3162 (τὸ
957 3077 1080 3160 μεταξύ
1091 3074 1245 3164 τούτων),
1268 3093 1351 3161 qnae

268 3190 422 3272 quidem
443 3196 580 3256 natura
602 3192 688 3274 ipsa
703 3210 841 3274 oorpus
864 3189 1053 3273 quoddam
1075 3192 1123 3255 sit
1139 3210 1209 3274 per
1229 3205 1351 3256 senon·

265 3291 379 3365 ¹stans
402 3298 511 3382 (σῶμά
527 3322 564 3363 τε
587 3292 625 3365 dv
646 3299 700 3362 καὶ
714 3293 931 3381 χωριστῶν).
975 3298 1056 3364 Cum
1077 3305 1185 3365 autem
1200 3301 1266 3383 ipse
1285 3314 1351 3378 quo

370 3517 396 3585 1)
414 3516 485 3572 lbid.
502 3519 569 3584 988.
583 3519 631 3574 32:
651 3504 741 3587 „odroa
759 3517 816 3590 μὲν
834 3509 883 3572 οὗν
899 3512 996 3585 ταύτης
1012 3519 1059 3586 τῆς
1078 3520 1168 3578 αἰτίας
1184 3514 1289 3587 ἥψαντο
1304 3507 1351 3585 μό·

268 3631 328 3679 νον,
346 3612 433 3682 ἕτεροι
452 3615 484 3668 δὲ
503 3615 575 3668 κτλ.“

368 3712 396 3781 2)
415 3710 496 3779 Phys.
515 3712 538 3781 I,
557 3713 582 3766 6.
604 3713 669 3766 lsi·
683 3714 731 3767 352
762 3741 812 3783 „--
830 3709 989 3782 ἀναγκαῖον,
1009 3753 1016 3767 .
1037 3755 1043 3767 .
1062 3709 1248 3767 ,ὑποτιθέναι
1266 3730 1288 3764 τι
1307 3709 1351 3774 rpi-

267 3823 324 3874 τον,
343 3802 437 3878 ὥσπερ
458 3811 547 3880 φασὶν
566 3811 592 3860 ol
602 3812 672 3879 μίαν
689 3802 749 3862 τινὰ
767 3804 855 3880 φύσιν
868 3809 935 3863 εἶναι
947 3811 1072 3880 λέγοντες
1082 3806 1113 3863 τὸ
1132 3810 1199 3874 πᾶν,
1217 3803 1274 3862 οἷον
1289 3801 1350 3868 ὕδωρ

267 3895 284 3968 ἢ
302 3904 356 3972 πῦρ
374 3896 391 3969 ἢ
409 3901 443 3956 τὸ
462 3903 587 3975 μεταξὺ
604 3897 744 3958 τούτων.
768 3905 845 3958 δοκεῖ
857 3904 888 3958 δὲ
906 3903 943 3958 τὸ
960 3900 1082 3976 μεταξὺ
1104 3907 1226 3976 μᾶλλον·
1245 3896 1350 3972 πῦργᾶρ

268 3996 303 4065 δὴ
319 4004 365 4052 καὶ
382 4001 419 4070 γῆ
437 4004 482 4053 καὶ
500 3997 552 4070 ἀὴρ
570 4004 614 4054 καὶ
634 3996 708 4072 ὕδωρ
731 4001 791 4073 μετ’
812 3995 1004 4068 ἔνανιιοτὴτων
1023 4003 1259 4073 συμπεπλεγμένα
1275 4000 1350 4053 ἐστίν·

268 4093 312 4148 ded
330 4092 380 4149 οὐκ
398 4092 505 4167 ἀλόγως
523 4097 650 4153 ποιοῦσιν
668 4101 695 4151 ol
719 4096 756 4152 τὸ
775 4095 1004 4170 ὑποκείμενον
1028 4097 1141 4169 ἕτερον
1157 4092 1284 4152 τούτων
1301 4111 1350 4146 ποι·

268 4191 408 4252 olivum

367 4290 396 4358 3)
416 4289 482 4344 Gen.
503 4290 580 4344 Corr.
599 4290 635 4358 ΙΙ,
657 4294 680 4344 l.
700 4290 835 4344 32811332
862 4286 981 4360 „roduam
1004 4292 1036 4344 δὲ
1061 4292 1128 4360 (τῶν
1150 4291 1289 4358 αἰσθητῶν
1305 4303 1350 4339 oo-
