2850 4904
311 531 417 612 Atque
449 529 586 614 primam
620 527 752 612 quidem
779 535 866 594 certe
888 549 954 594 non
979 527 1155 607 intellexit;
1186 543 1309 606 namque
1401 621 1402 628 ἵ

213 647 245 706 et
267 659 285 704 a
308 639 468 704 sententia
504 639 649 722 proxime
676 637 882 704 antecedenti
905 643 1054 722 apparet,
1077 656 1150 702 eum
1173 635 1310 700 hocloco

214 747 255 812 de
290 747 330 812 iis
362 745 466 813 solum
495 747 642 832 physicis
671 767 780 830 agere,
812 749 870 830 qui
895 745 930 811 id
952 745 1041 830 quod
1065 753 1117 812 est
1141 765 1249 810 unum
1268 741 1309 806 di·
1401 769 1402 776 κ

214 865 298 928 caut,
320 864 352 924 et
374 855 435 922 hoc
457 857 529 941 ipso
552 859 624 923 loco
645 857 938 940 Anaximandrum,
968 877 1064 940 quem
1088 857 1124 920 in
1145 857 1245 920 altera
1261 852 1310 916 ho·

215 987 282 1032 rum
313 965 522 1050 physicorum
553 973 645 1051 parte
675 967 778 1050 ponit,
812 965 853 1032 ἐκ
875 968 945 1031 τοῦ
967 962 1055 1043 ἑνὸς
1077 967 1179 1032 refert
1199 970 1311 1031 contra·

214 1076 332 1141 riorum
365 1075 545 1142 secretione
570 1095 676 1142 rarum
698 1076 939 1142 multitudinem
965 1095 1133 1160 generare.
1178 1074 1242 1140 Sed
1261 1093 1312 1138 nee

214 1185 284 1252 lieri
306 1191 476 1270 potestat
498 1192 553 1251 aut
576 1185 751 1252 secundam
774 1192 831 1252 aut
851 1186 983 1252 tertiam
1005 1183 1154 1268 intellegi
1177 1182 1311 1248 voluerit.

214 1293 361 1378 Namque
384 1294 412 1360 si
435 1294 594 1378 ponimus,
617 1296 826 1362 Aristotelem
847 1297 969 1361 alteros
989 1295 1144 1379 physicos
1168 1315 1189 1358 a
1209 1291 1312 1376 priori·

215 1404 274 1468 hus
296 1421 335 1468 eo
357 1403 497 1469 voluisse
520 1401 662 1485 differre,
697 1404 784 1486 quod
817 1403 853 1469 id
885 1403 975 1487 quod
1002 1411 1053 1470 est
1073 1424 1172 1469 unum
1195 1401 1312 1486 quidem

214 1531 274 1578 nec
296 1530 372 1578 vero
394 1531 528 1596 corpus,
564 1511 704 1595 ideoque
729 1531 835 1596 neque
866 1533 965 1579 unum
990 1533 1008 1579 e
1030 1512 1136 1578 tribus
1158 1509 1313 1578 elementis

217 1639 319 1706 neque
344 1641 459 1706 corpus
483 1621 645 1704 quoddam
670 1622 755 1689 inter
776 1643 885 1689 aerem
908 1629 941 1688 et
964 1623 1073 1707 ignem
1093 1621 1243 1702 medinm,
1263 1617 1313 1684 sed

216 1730 339 1814 aliquid
361 1730 582 1815 incorporeum
605 1731 759 1812 dicerent,
793 1733 955 1815 sequitur,
979 1740 1014 1798 ut
1035 1730 1313 1806 Anaximandrum,

217 1859 310 1924 quern
333 1840 441 1924 paullo
463 1847 536 1924 post
558 1842 591 1906 in
612 1841 664 1907 his
686 1842 798 1908 alteris
821 1841 969 1926 physicis
992 1849 1149 1924 numerat,
1182 1841 1217 1906 id
1238 1835 1314 1922 quod
1402 1857 1403 1890 r

219 1956 268 2016 est
301 1969 363 2016 non
396 1967 584 2033 corporeum
618 1951 740 2033 aliquid
769 1952 828 2018 sed
855 1952 1082 2036 incorporeum
1104 1951 1212 2017 dicere
1233 1954 1313 2033 puta·

218 2058 309 2124 verit.
353 2057 477 2136 Quodsi
498 2065 606 2124 antem
628 2059 788 2143 ponimus.
812 2061 1018 2126 Aristotelem
1035 2062 1156 2126 alteros
1172 2057 1313 2145 physicos

218 2167 379 2254 prioribus
411 2187 450 2234 aa
482 2169 607 2234 ratione
640 2171 758 2253 opponi
780 2171 934 2251 voluisse,
966 2169 1055 2252 quod
1086 2169 1122 2234 id
1157 2168 1242 2252 qnod
1272 2172 1314 2232 est

220 2296 315 2342 unum
339 2295 456 2360 corpus
479 2276 621 2360 quidem,
641 2297 702 2344 nec
717 2297 794 2344 vero
816 2285 992 2344 autunum
1016 2299 1058 2344 ex
1081 2280 1246 2345 elementis
1266 2281 1315 2342 aut

220 2405 335 2470 corpus
361 2385 522 2470 quoddam
544 2386 708 2453 interduo
732 2388 892 2453 elementa
913 2388 1069 2472 medium,
1092 2388 1151 2455 sed
1164 2387 1314 2472 quandam

219 2495 361 2580 eorporis
383 2495 519 2562 formam
544 2495 584 2562 ab
606 2496 696 2562 hisce
719 2497 869 2562 omnibus
892 2496 1056 2564 diversam
1080 2497 1235 2582 dicerent,
1254 2515 1313 2561 rur·

221 2623 275 2672 sue
298 2601 452 2688 sequitur,
477 2609 512 2668 ut
528 2601 804 2670 Anaximandrum
828 2602 998 2688 negaverit
1020 2603 1056 2669 id
1079 2603 1167 2687 quod
1189 2609 1237 2670 est
1256 2619 1314 2666 cor·

220 2733 280 2798 pus
296 2712 457 2798 quoddam
473 2731 592 2796 ponere
608 2711 693 2778 inter
713 2729 823 2778 aerem
841 2719 873 2778 et
895 2711 1005 2796 ignem
1027 2711 1180 2778 medium.
1203 2711 1313 2776 Aristo

220 2823 314 2890 telem
336 2827 442 2888 autem
477 2839 582 2904 neque
610 2822 664 2887 illo
690 2841 795 2904 neque
818 2819 878 2888 hoc
900 2819 997 2886 modo
1018 2821 1059 2887 de
1081 2818 1313 2887 Anaximandro
1403 2811 1404 2850 ³

221 2933 372 3013 derisisse,
408 2929 545 3017 primum
576 2930 707 3014 quidem
729 2931 874 3016 pluribus
905 2930 981 2997 aliis
1010 2931 1113 3014 ipsius
1139 2931 1219 2997 locis
1251 2948 1314 3012 pro-

222 3043 292 3108 hari
314 3047 430 3126 potest,
452 3059 587 3124 quorum
607 3041 719 3107 alteris
741 3040 874 3123 quidam
896 3039 1081 3126 philosophi
1108 3047 1315 3110 memorantur

221 3150 277 3234 qui
299 3168 413 3234 corpus
447 3148 609 3233 quoddam
634 3149 762 3228 sensile,
793 3148 904 3215 alteris
925 3148 1068 3232 quidam,
1096 3151 1153 3233 qui
1179 3156 1314 3216 naturam

223 3259 384 3344 quandam
414 3265 471 3326 aut
503 3259 587 3325 inter
620 3279 735 3342 aquarn
768 3265 801 3324 et
832 3278 940 3325 aerem
966 3264 1023 3324 aut
1052 3259 1138 3326 inter
1166 3279 1267 3325 aerem
1288 3259 1315 3320 et

223 3369 329 3454 ignem
368 3367 508 3436 mediam
544 3388 649 3434 rerum
685 3367 879 3453 principium
917 3374 1060 3452 ponant3
1106 3369 1218 3452 quihus
1253 3364 1314 3448 qui-

223 3479 296 3548 dem
334 3477 414 3547 locis
445 3476 721 3545 Anaximandrum
751 3476 917 3561 intellegi,
951 3478 1012 3544 etsi
1045 3498 1110 3545 non
1137 3483 1244 3563 aperte
1267 3493 1315 3541 no-

323 3779 348 3832 8.
369 3779 395 3830 oi
415 3775 445 3830 tl
465 3773 495 3829 τὸ
514 3767 548 3829 ὃν
567 3767 731 3840 ποιήσαντες
749 3771 780 3827 ἓν
798 3774 881 3845 σῶμα
900 3772 964 3844 μὲν,
982 3769 1022 3843 μὴ
1040 3772 1096 3827 τῶν
1113 3772 1194 3843 τριῶν
1213 3769 1285 3824 δέτι
1303 3757 1315 3829 ri

223 3871 297 3946 tuto,
316 3871 374 3929 ἀλλ’
392 3867 510 3944 ἕτερόν
528 3891 554 3925 rr
575 3865 731 3942 σώματος
749 3871 868 3929 εἶδος.“

323 3973 440 4028 Praeter
458 3970 508 4026 has
526 3973 583 4024 tres
602 3966 774 4022 differentias
802 3967 886 4022 etiam
907 3970 1009 4036 quarta
1031 3965 1061 4019 in
1087 3983 1120 4020 eo
1145 3966 1210 4036 poni
1228 3961 1313 4034 possit,

225 4070 299 4142 quod
326 4069 355 4124 id
374 4068 449 4139 quod
477 4071 589 4123 estnec
608 4083 694 4119 unum
715 4081 766 4119 nec
788 4082 888 4134 corpus
911 4081 970 4118 esse
988 4062 1077 4117 velint
1101 4063 1150 4117 sed
1168 4062 1259 4132 plures
1277 4071 1313 4110 ros

225 4171 417 4239 incorporeas;
446 4164 495 4221 sed
513 4164 548 4219 de
568 4164 621 4218 hac
646 4181 702 4218 non
729 4179 799 4232 opus
821 4165 864 4216 est
881 4177 1005 4215 seorsum
1024 4175 1170 4228 quaerere,
1188 4155 1313 4227 quoniam,

225 4268 249 4322 si
263 4266 335 4321 duae
350 4264 458 4335 primae
479 4261 553 4317 forte
572 4259 711 4316 refutatae
730 4257 847 4327 fuerint,
867 4257 949 4312 simul
969 4255 1094 4311 refutata
1115 4255 1177 4310 erit.
